2150 4022
331 231 646 296 51UL11
693 160 1015 317 ΑΕΙΙΠὍ.
1059 230 1296 291 VITA
1350 229 1684 299 CAP.30.

101 360 333 443 „atque
371 382 549 438 omne
594 363 861 437 ignotum
911 380 1019 436 pro
1067 362 1376 435 magnifico
1418 374 1520 425 est.
1625 362 1755 421 Sed.
1793 367 1959 431 nulla

101 448 448 521 „iammltra
471 467 642 522 genS,
685 443 845 504 nibil
870 445 988 502 nisi
1013 445 1228 502 fluctus
1265 459 1320 504 et
1360 467 1493 505 saxa
1535 460 1593 506 et
1626 434 1957 515 infestiores

22 575 24 578 -
101 581 136 606 „
149 534 441 595 Romani:
508 553 765 609 quorum
815 527 1149 607 superbiam
1199 531 1415 590 frustra
1462 553 1570 608 per
1606 535 1956 612 obsequium

99 631 209 690 „et
242 617 593 676 modestiam
646 617 935 691 effugeriS.

1044 626 1309 690 raptores
1365 618 1525 674 orbis
1549 664 1566 689 ,
1646 631 1957 698 postquam

98 715 353 774 „cuncta
384 703 752 762 vastantibus
792 704 1030 760 defuere
1063 713 1281 772 terrae,
1324 712 1383 758 et
1405 723 1566 760 mare
1590 717 1951 766 scrutantur:

97 960 231 1003 verba
285 958 475 1008 habent,
527 961 647 1003 unde
696 959 988 1018 explicentur.

96 1016 254 1075 Pergit
287 1017 407 1067 enim
437 1017 682 1076 Calgacus:
725 1031 850 1058 nunc
886 1023 990 1059 ter·

97 1076 253 1118 minus
275 1076 564 1119 Britanniae
582 1083 739 1127 patet,
773 1074 819 1117 h.
852 1089 889 1118 e.
912 1089 990 1116 re-

97 1148 244 1175 cessus
257 1130 333 1176 ille
346 1148 437 1176 non
455 1149 524 1176 am
560 1132 646 1176 lius
667 1148 749 1175 nos
774 1130 987 1187 defendit,

97 1204 238 1246 quum
277 1190 495 1233 terminus
563 1189 782 1233 ritanniae
813 1188 987 1230 Roma-

96 1246 165 1289 nis
200 1247 347 1291 adhuc
378 1247 555 1292 clausus
583 1255 729 1305 pateat
749 1245 864 1298 iam3
906 1254 987 1288 ot-

97 1319 183 1359 que
211 1319 349 1349 omne
382 1306 592 1359 ignotum
623 1318 711 1358 pro
743 1304 989 1359 magnifico

97 1369 187 1411 est,
217 1362 260 1407 h.
282 1377 320 1404 e.
346 1360 580 1418 magnifica
601 1361 764 1419 gloria,
797 1376 882 1418 qua
907 1361 987 1403 ad-

93 1417 184 1462 buc
221 1417 392 1462 fuimus
425 1418 537 1468 tuti,
597 1419 820 1462 minorem
866 1434 989 1460 nunc

94 1475 227 1520 habet
297 1476 416 1528 vim,
490 1485 729 1534 postquam
796 1475 989 1519 Romani

95 1533 279 1592 propius
328 1549 568 1578 accessere.
663 1532 794 1588 Quae
847 1548 987 1589 quum

96 1607 191 1634 non
216 1591 590 1649 persentiscerent
615 1590 894 1647 interpretes,
923 1591 986 1633 lo·

98 1664 202 1692 cum
223 1657 271 1690 ut
287 1643 345 1690 ⁴de
380 1647 574 1692 loratum
596 1647 868 1692 coniecturis
888 1661 987 1704 per·

97 1721 252 1748 sanare
286 1721 343 1752 vo
366 1705 514 1750 ebant.
574 1705 818 1748 Rhenanus
847 1703 986 1749 corri-

97 1763 225 1819 gebat
236 1763 407 1818 sama,
439 1765 470 1808 i.
486 1779 524 1806 e.
545 1778 625 1820 per
645 1761 810 1805 famam
836 1760 987 1803 defen·

99 1821 187 1872 dit;
227 1820 436 1864 Muretus
467 1820 643 1864 delebat
674 1826 816 1875 atque
846 1832 987 1861 omne

96 1879 306 1931 ignotum
335 1892 426 1932 pro
455 1893 616 1931 magn.
651 1883 719 1919 est
751 1884 792 1918 et
823 1876 987 1933 proba·

95 1934 171 1978 bat
194 1937 367 1992 fama;
413 1934 807 1990 transpositionem
847 1940 986 1975 tenta-

96 1990 445 2036 bantAcidalius
466 2000 507 2036 et
520 1990 764 2041 Broterius,
789 1989 866 2032 ille
896 1988 984 2032 vel:

95 2062 299 2094 recessus
327 2051 421 2105 ipse
454 2066 509 2092 oo
540 2050 673 2092 sinus
701 2048 889 2103 (fizmoe
915 2047 988 2094 vel

84 2106 242 2162 fama,
257 2122 463 2164 namque
476 2122 613 2150 omne
629 2109 814 2160 1'gn.pro
828 2120 985 2159 magn.

96 2167 217 2221 estz)
239 2167 288 2208 in
321 2168 439 2208 hunc
467 2166 591 2208 diem
621 2161 716 2218 def.
731 2180 746 2214 ,-
785 2161 878 2205 vel:
915 2177 987 2204 re·

94 2237 250 2266 cessus
291 2223 386 2278 ipse
427 2238 482 2266 ac
515 2224 643 2265 sinus
672 2224 718 2263 in
752 2222 800 2262 h.
829 2223 877 2264 d.
910 2223 987 2261 de·

82 2280 256 2336 findit.
305 2283 486 2326 Famae
508 2293 708 2334 numque
731 2291 869 2320 omne
893 2278 987 2331 ign.

89 2353 214 2392 μνη.
232 2327 327 2388 ε,;
358 2338 546 2382 hicvero
563 2337 609 2379 in
633 2335 756 2379 hunc
776 2334 987 2377 modum:

94 2398 220 2439 sinus
240 2394 415 2450 famae
447 2398 496 2437 in
527 2397 652 2436 hunc
673 2393 796 2434 diem
819 2392 987 2447 desen-

96 2455 187 2504 dit,
228 2459 368 2508 atque
412 2467 549 2494 omne
583 2453 674 2505 ign.
700 2464 792 2503 pro
825 2463 986 2504 magn.

95 2517 184 2554 est.
239 2509 336 2552 Sed
371 2523 496 2552 nunc
529 2517 668 2551 term.
703 2507 826 2554 Brit.
854 2513 988 2560 patet

98 2579 184 2614 etc·
261 2567 386 2611 Situs
420 2565 707 2610 scribendum
738 2579 823 2621 pro
855 2564 989 2607 sinus

94 2628 141 2670 in
204 2632 401 2669 mentem
465 2630 651 2669 venerat
707 2620 986 2663 Boxhornio.

96 2683 265 2728 Verte:
339 2683 413 2725 die
483 2680 778 2735 Entsaewnung
845 2680 988 2721 selbst

95 2745 192 2786 und
223 2743 310 2782 der
338 2736 531 2796 Schooss
571 2743 653 2780 des·
682 2737 865 2780 Ruhms
903 2737 986 2777 hac

96 2814 186 2843 uns
213 2800 469 2852 geschiztzt.
528 2793 682 2839 Animi
717 2809 848 2838 causa
878 2792 985 2836 alio·

95 2872 202 2902 rum
245 2855 392 2914 placet
449 2853 718 2910 subiungere
786 2865 982 2895 conver-

96 2915 244 2959 siones
295 2911 582 2960 vernaculas,
643 2906 980 2953 strombeckii:

101 2974 206 3016 [Ins
225 2991 284 3002 -·
310 2968 610 3023 vertheidigte
633 2967 703 3010 bis
727 2982 786 3008 zu
808 2967 983 3008 diesem

99 3030 225 3084 Tage
238 3024 831 3079 unsereAbgeschiedenheit
842 3024 984 3065 selbse

98 3092 196 3131 und
250 3086 334 3126 des
390 3083 539 3140 Rufes
590 3080 985 3135 Verborgenheit5

97 3140 352 3189 Rieklefsii=
407 3142 508 3185 Uns
542 3167 600 3176 -
630 3141 712 3180 hot
732 3141 806 3181 die
829 3137 981 3190 Abge-

95 3198 400 3249 schiedenheit
423 3200 562 3241 selbst
583 3199 682 3239 und
701 3197 775 3239 die
789 3189 986 3237 Verbor-

95 3256 282 3317 genheic
324 3261 408 3300 des
439 3255 558 3311 Rufe
595 3254 667 3296 bis
697 3251 794 3310 auf
823 3253 984 3295 diesen

99 3319 200 3370 Tag
221 3317 488 3368 geschiztzQ
526 3309 766 3354 Walchii=
806 3310 906 3352 Uns
927 3330 985 3340 --

97 3375 301 3419 schiltzte
325 3371 452 3426 Tiefe
483 3371 580 3412 und
602 3368 764 3411 Busen
787 3379 983 3410 unseres

100 3430 221 3486 Rufi·
243 3430 307 3472 bis
331 3431 441 3471 z‘um
461 3426 675 3478 heutigen
697 3424 801 3478 Tog
813 3439 828 3474 ‚⁶
879 3422 982 3465 B‘ot·

98 3485 277 3534 ticheri:
319 3489 405 3528 der
428 3486 555 3528 Erde
583 3482 982 3525 Grenzbewohner

99 3547 194 3590 und
214 3546 299 3585 der
319 3542 526 3588 Freiheit
550 3542 714 3583 letzles
731 3533 982 3584 Bouwerk,

180 3610 421 3660 TAcwus
466 3607 562 3658 IV.

1061 959 1147 1000 hat
1169 971 1256 999 uns
1280 957 1396 999 eben
1427 971 1593 1001 unsres
1614 959 1736 1016 Rufe
1758 964 1955 1016 gehe1·m-'

1060 1013 1256 1071 ng'ssvoll
1274 1015 1574 1058 schiitzendes
1586 1015 1775 1062 Dunlaeel
1787 1021 1854 1064 bis
1872 1021 1968 1077 auf

1061 1073 1222 1115 diesen
1249 1071 1351 1126 Tag
1381 1073 1672 1128 vertheidigt.

1116 1137 1258 1184 atque
1287 1143 1427 1172 omne
1454 1131 1684 1184 ignotum.
1753 1132 1845 1176 Pro
1873 1143 1954 1177 at·-

1061 1200 1173 1242 que,
1226 1184 1469 1230 Rhenanus
1510 1181 1682 1246 inquit,
1739 1191 1848 1234 nihil
1899 1193 1957 1236 sit

1059 1244 1365 1293 incommodi,
1423 1244 1459 1288 si
1509 1248 1608 1303 quis
1649 1250 1787 1303 atqui
1822 1248 1862 1292 le
1895 1258 1955 1295 at.

1061 1301 1189 1344 Idem
1215 1299 1408 1344 malebat
1432 1300 1685 1355 Gesnerus,
1713 1304 1806 1348 alii.
1866 1266 1956 1349 §ed

1060 1357 1230 1400 inutilis
1283 1367 1350 1402 est
1403 1367 1447 1402 et
1487 1359 1674 1403 molesta
1716 1364 1956 1412 correctio,

1062 1431 1203 1472 quum
1238 1423 1380 1472 atque
1418 1415 1527 1459 duas
1564 1417 1810 1476 coniungat
1848 1438 1954 1464 sen-

1060 1473 1246 1522 tentias,
1279 1488 1391 1530 quae
1415 1473 1575 1517 eodem
1599 1476 1738 1519 modo
1763 1493 1810 1520 se
1835 1478 1956 1523 exci-

1059 1529 1211 1586 piunt,
1249 1545 1338 1588 quo
1361 1547 1494 1588 supra
1516 1546 1730 1576 recessus
1749 1549 1804 1579 ac
1825 1536 1958 1580 sinus

1048 1586 1238 1641 famae.
1326 1589 1477 1644 Atqui
1515 1589 1784 1646 particulae,
1843 1608 1958 1650 quae

1062 1643 1307 1686 obiectioni
1350 1646 1562 1697 inservit,
1615 1646 1768 1691 nullus
1808 1650 1954 1695 loeus.

1059 1700 1123 1745 cf.
1149 1701 1493 1746 Drakenborch.
1528 1703 1582 1746 ad
1614 1703 1708 1748 Liv.
1747 1704 1790 1756 3,
1816 1708 1886 1758 52,
1911 1708 1956 1751 8.

1059 1758 1176 1815 apud
1224 1758 1370 1802 Beier.
1422 1763 1476 1801 ad
1517 1758 1615 1804 Cic.
1663 1761 1718 1805 de
1755 1763 1876 1808 offic..
1913 1764 1956 1818 3,

1060 1817 1127 1866 11,
1151 1814 1223 1859 48.
1299 1815 1373 1859 Ad
1407 1817 1671 1861 sententiam
1709 1822 1956 1866 contulisse·

1057 1872 1231 1918 iuvabit
1255 1871 1354 1918 Liv.
1379 1873 1453 1921 28,
1475 1873 1577 1918 44.:
1613 1876 1690 1918 Ad
1724 1880 1808 1921 hoo
1841 1895 1955 1922 ma-

1055 1931 1130 1972 ior
1167 1931 1438 1984 ignotarum
1476 1945 1637 1975 rerum
1672 1943 1742 1978 est
1777 1931 1952 1981 terror.

1057 1987 1200 2030 Bona
1233 1989 1460 2044 malaque
1497 1991 1695 2033 hostium
1733 2007 1798 2036 ex
1833 2009 1956 2049 pro-

1052 2046 1227 2100 pinquo
1250 2045 1491 2100 ingressus
1499 2048 1630 2103 fines
1653 2050 1868 2104 aspicias.

1115 2109 1162 2144 et
1191 2102 1459 2158 infestiores
1483 2104 1698 2148 Romam·
1725 2123 1788 2151 sc.
1815 2123 1954 2167 quam

1058 2157 1222 2202 fluctus
1245 2167 1288 2202 et
1312 2175 1427 2203 saxa.
1478 2161 1714 2220 Scriptura
1746 2166 1953 2222 infestio-

1059 2231 1136 2260 res
1163 2216 1350 2260 debetur
1372 2217 1476 2262 MS.
1489 2218 1591 2263 Vat.
1609 2220 1761 2271 3429„
1786 2238 1838 2265 ex
1863 2239 1953 2280 quo

1059 2290 1159 2317 eam
1176 2283 1443 2333 receperunt
1466 2276 1643 2321 Broter.
1660 2277 1834 2323 Ernest.
1853 2297 1872 2324 s
1909 2297 1955 2340 q.

1058 2331 1261 2375 Eandem
1289 2332 1337 2375 in
1366 2332 1586 2390 castigatt.
1623 2344 1820 2379 suaserat
1840 2337 1879 2381 R
1913 2336 1957 2382 e-'

1058 2404 1202 2432 nanus
1226 2403 1280 2431 eo
1305 2389 1577 2447 pronomine
1608 2391 1759 2436 addito
1776 2424 1788 2442 ,
1828 2396 1954 2452 quod

1054 2445 1253 2489 Pichena
1285 2446 1506 2503 probavit.
1573 2446 1690 2492 Edd.
1741 2451 1952 2512 antiquae

1059 2502 1266 2546 exhibent
1296 2503 1578 2560 inferiores,
1627 2505 1750 2551 unde
1785 2504 1956 2568 opera}

1059 2575 1188 2609 rum,
1245 2567 1294 2602 ut
1327 2559 1525 2614 videtur,
1575 2578 1730 2607 errore
1762 2564 1811 2608 in
1846 2565 1953 2611 edd.

1059 2633 1159 2676 sqq.
1189 2615 1310 2661 venit
1332 2617 1598 2663 interiores.
1652 2619 1704 2664 Li
1738 2621 1828 2668 sius
1851 2638 1951 2667 cor-

1060 2675 1232 2732 rigebat
1247 2681 1292 2715 et
1313 2675 1367 2717 iis
1376 2674 1600 2730 seriores,
1632 2677 1689 2724 V.
1753 2696 1787 2724 ‚z
1819 2687 1867 2724 et
1887 2682 1952 2724 in·

1058 2739 1131 2775 ter
1166 2747 1224 2774 ea
1248 2731 1414 2790 Rom„
1459 2734 1492 2777 1.
1528 2733 1604 2780 Fr.
1629 2734 1864 2783 Gronov.:
1905 2747 1952 2782 et

1055 2788 1305 2845 infestiora
1330 2790 1588 2849 Romanis,
1644 2793 1866 2851 Anquetil
1903 2796 1952 2840 in

1057 2846 1250 2892 Seebod.
1286 2846 1399 2889 bibl.
1435 2847 1536 2893 crit.
1561 2865 1599 2892 a.
1624 2850 1752 2894 1819.
1785 2867 1857 2896 nr.
1879 2854 1949 2897 11.

1055 2921 1099 2964 p.
1123 2903 1246 2947 1054.
1273 2911 1316 2946 et
1339 2903 1609 2950 Seebodius:
1645 2908 1774 2964 infra
1791 2909 1949 2965 ferio-

1054 2976 1132 3006 res
1164 2962 1382 3006 Romani.
1442 2961 1531 3006 Sed
1564 2964 1851 3011 sanissimum
1884 2975 1951 3012 est

1054 3019 1347 3075 infestiores.

1113 3076 1378 3131 obsequium
1408 3085 1454 3120 et
1478 3079 1776 3124 modestiam.
1831 3081 1890 3126 H.
1913 3082 1947 3130 l.

1057 3142 1100 3179 et
1127 3148 1168 3176 c.
1189 3131 1262 3178 42.
1278 3132 1556 3201 synonyma.
1616 3135 1678 3180 cf.
1698 3136 1832 3182 Roth.
1854 3138 1886 3186 Ι.
1914 3139 1945 3182 l.

1055 3208 1102 3251 p.
1128 3190 1196 3233 11.
1268 3189 1345 3236 Sic
1364 3189 1463 3239 Liv.
1487 3192 1559 3242 29,
1583 3192 1653 3236 15.
1671 3194 1775 3251 fide
1809 3203 1949 3252 atque

1058 3247 1284 3303 obsequio.

1115 3311 1301 3348 cuncta.
1380 3303 1458 3351 Sic
1500 3305 1604 3351 MS.
1641 3305 1787 3352 Vatic.
1817 3307 1946 3355 3429.

1058 3362 1160 3406 edd.
1195 3360 1402 3408 Rhenan.
1437 3379 1456 3406 s
1493 3379 1535 3421 q·
1612 3363 1703 3416 ¹¹Ed.
1739 3364 1842 3409 Put.
1877 3365 1957 3426 pr.
1990 3419 1992 3421 ,

1055 3427 1240 3474 cunels,
1271 3419 1378 3464 hinc
1402 3379 1623 3465 eddfflut.
1651 3421 1777 3465 Med.
1791 3422 1948 3470 Venet.

1056 3476 1154 3521 Riv.
1173 3477 1274 3522 Alc.
1302 3478 1492 3521 eunctis.
1597 3517 1599 3519 ,

1113 3541 1286 3579 terrae.
1343 3533 1446 3578 MS.
1459 3534 1605 3579 vatic.
1623 3535 1752 3587 8429.
1779 3545 1822 3581 et
1846 3539 1930 3584 edd
1955 3572 1957 3574 ψ

1289 3594 1359 3650 Μ

1843 239 1974 307 1772
2057 244 2064 246 “
