2150 4022
0 0 69 48 135²*

562 228 1101 295 DIALOGU‘S.
1185 228 1387 295 CAP.
1431 234 1488 296 7.
1522 235 1581 297 8.

1865 237 1994 301 249

145 368 403 445 advenae
429 383 666 441 quoque
690 375 751 421 vet
782 363 1081 439 peregrini
1109 363 1228 419 iam
1260 365 1324 420 in
1357 365 1696 441 municipiis
1733 379 1790 424 et
1828 370 1992 427 eolo-

146 452 265 513 niis
287 449 407 508 suis
431 451 689 518 auditOS,
715 471 848 506 cum
874 450 1131 523 primum
1157 451 1366 505 urbem
1394 452 1762 526 adtigerunt,
1785 455 1989 532 requi-

147 548 377 608 tuntvac
406 535 605 592 vultus
633 537 988 608 adgnoscere
1022 534 1463 608 concupiscunt.

313 671 480 731 VIII.
509 668 719 730 Ausim
745 673 1098 729 contendere
1115 717 1131 740 ‚
1163 669 1518 728 Marcellum
1542 669 1703 730 hunc
1718 671 1992 750 Eprium,

146 761 219 816 de
253 779 370 835 quo
404 760 580 814 modo
621 759 850 814 locutus
886 778 1047 825 sum,

1106 767 1162 811 et
1190 755 1465 830 Crispum
1489 756 1735 815 Vibium
1771 759 1996 839 (liben-

144 845 261 902 tius
289 844 446 900 enim
473 843 646 900 novis
671 855 727 899 et
755 843 1087 900 recentibus
1123 862 1299 917 quam
1330 843 1573 898 remotis
1603 855 1660 900 et
1690 846 1995 903 oblittera-

145 930 220 986 tis
247 929 526 1005 exemplis
559 926 722 1006 utor)
760 949 884 985 non
919 927 1123 984 minus
1159 945 1279 982 esse
1314 926 1379 982 in
1420 928 1689 984 extremis
1728 933 1996 1006 partibus

143 1150 197 1194 ab
219 1149 405 1194 Lucian.
426 1147 588 1192 Somn.

143 1207 289 1251 chars.
322 1212 367 1262 §.
401 1207 474 1250 36.
546 1206 640 1251 Cic.
676 1208 788 1262 disp.
821 1205 958 1248 Tus-c.
993 1205 1035 1254 5,

146 1265 215 1313 36,
239 1264 338 1308 103.
395 1263 516 1306 Plin.
547 1264 686 1321 Epist.
709 1265 752 1311 9,
776 1263 850 1306 23.
909 1263 1037 1306 Pers.

142 1332 225 1367 mt-
256 1326 294 1371 1,
317 1321 389 1365 29.
425 1330 477 1364 at
505 1324 750 1375 pulchrum
782 1329 853 1363 est
887 1321 1033 1374 digito

142 1380 423 1433 monstrari,
457 1386 501 1421 et
521 1380 689 1421 dicier:
719 1379 794 1421 hic
816 1385 899 1421 est.

200 1439 486 1491 adtigeram.
552 1435 638 1479 Ed.
669 1437 789 1495 Spir.
826 1437 1032 1490 attinge-

141 1503 267 1538 rent.

198 1554 355 1593 vultus
376 1553 675 1605 adgnoscere.
723 1550 946 1607 Corrupta
967 1555 1033 1593 est

141 1609 432 1666 MSS.Neap.
458 1611 522 1660 [et
545 1609 699 1664 Farn.]
726 1607 859 1652 lectio
881 1622 938 1650 ac
957 1621 1032 1648 ve·

142 1669 236 1722 lut,
268 1665 332 1707 uti
360 1675 404 1709 et
427 1666 497 1709 ed.
519 1666 636 1722 Spir.
662 1680 897 1724 perperam
921 1663 1034 1707 exhi·

142 1724 219 1766 bet
251 1725 376 1775 vult,
415 1724 539 1780 quod
571 1732 691 1766 reete
726 1739 751 1766 a
781 1721 1033 1766 Puteolano

143 1790 402 1824 correctum
442 1790 507 1823 est
541 1781 589 1823 in
625 1780 695 1832 id,
745 1779 868 1838 quod
899 1778 1034 1821 hodie

142 1840 362 1893 vulgatur.
386 1837 687 1897 Supersedere
699 1835 1034 1896 potuitDronk.

141 1911 222 1938 sua
275 1895 593 1938 emendatione
654 1898 811 1938 vultus
861 1908 1030 1947 cogno-

140 1967 284 1996 scere.
347 1952 487 2008 [Num
514 1952 649 1997 codd.
675 1952 832 2009 script.
864 1967 919 1994 ac
952 1965 1033 1992 ve-

139 2012 213 2052 lut
254 2012 392 2064 adgn.
436 2010 545 2053 haec
589 2010 808 2053 sententia
858 2010 1031 2052 subest:

612 1153 654 1204 §.
682 1149 752 1192 11.
778 1156 886 1192 extr.
906 1147 1032 1191 Ana·

134 2067 365 2125 ,peregrini
400 2065 597 2124 effigiem
636 2067 831 2124 aliquam
874 2074 1033 2108 orato-

138 2139 244 2168 rum
281 2140 333 2167 ex
370 2123 630 2168 rumoribus
670 2127 724 2168 ad
758 2140 806 2167 se
847 2122 1032 2182 perlatis

141 2181 390 2231 finxerunt,
442 2198 607 2240 quam,
656 2190 946 2240 posteaquam
982 2181 1031 2224 in

151 2241 300 2340 :rheni
322 2240 618 2289 advenerunt,
643 2239 918 2299 adgnoscere
941 2246 1031 2282 stu·

174 2300 310 2349 ent.]

201 2353 366 2398 CAP.8.
398 2355 674 2399 Marcellum
691 2357 813 2399 hunc
823 2354 1033 2410 Eprium.

155 2408 235 2454 Pro
260 2414 454 2466 Eprium
477 2415 524 2456 in
549 2412 653 2456 MS.
677 2412 818 2470 Neap.
840 2421 977 2456 exstat
1008 2426 1034 2455 e

150 2472 410 2525 pioprium,
466 2472 533 2522 [in
568 2469 703 2513 Farn.
744 2470 862 2527 apud
894 2468 1034 2514 Bekk.

153 2530 410 2583 proprium]
429 2560 440 2581 ,
475 2528 546 2571 ed.
566 2527 686 2584 Spir.
713 2528 885 2570 exhibet
907 2526 1035 2568 Mar·

158 2589 311 2629 cetum
331 2586 450 2630 Ῑιαόἒ
469 2586 715 2640 proprium
729 2617 741 2639 ,
775 2585 895 2642 quod
916 2583 1034 2627 bene

155 2643 418 2688 Pueolanus
450 2653 493 2687 et
525 2658 626 2700 sqq.
661 2648 954 2686 correxerunt
983 2640 1034 2683 in

159 2701 410 2746 araturam
443 2717 566 2744 nunc
597 2700 839 2756 vulgatam.
907 2698 1033 2755 Quid

158 2757 303 2802 melus
326 2758 538 2802 Osannus
560 2765 805 2815 exspectet,
841 2756 1032 2800 omnino

161 2817 415 2875 nonliquet.

223 2872 420 2929 Cr‘spum
450 2873 655 2916 Vibium.
724 2871 861 2915 MSS.
892 2869 1036 2928 Neap-

166 2931 231 2985 [et
276 2929 414 2986 Tarm]
469 2933 627 2974 vibum
680 2954 740 2963 —
798 2929 869 2972 ed.
928 2928 1037 2972 Ald.

168 2985 319 3030 [sbiun
350 3011 406 3021 —
442 2988 544 3032 edd.
568 2987 685 3046 Spir.
707 2988 811 3031 Put.
836 3001 932 3044 sqq.
957 2987 1036 3029 Vi-

167 3044 307 3087 bium«
350 3045 580 3103 Frequens
603 3054 749 3089 autem
772 3045 819 3087 in
842 3045 930 3088 hoc
956 3058 1037 3086 no·

167 3100 288 3145 mine
309 3103 575 3150 lbrariorum
596 3118 747 3154 error,
780 3110 830 3144 ut
853 3102 1037 3144 demon·

168 3157 391 3202 stravimus
443 3159 498 3201 ad
551 3159 663 3203 Hist.
711 3162 753 3210 4,
799 3160 873 3201 41.
921 3166 1035 3200 extr.

169 3215 288 3258 Vide
308 3212 343 3259 ὸ,
367 3215 455 3259 hoc
475 3216 655 3259 homine
679 3216 897 3260 ditissimo
914 3246 926 3264 ,
958 3213 1037 3273 qui

170 3273 286 3317 inter
312 3285 438 3335 ciros
468 3274 609 3329 magis
642 3289 776 3329 quam
805 3273 923 3315 inter
947 3273 1039 3315 bo·-

172 3345 256 3373 nos
279 3331 600 3381 numerabatur,
629 3330 876 3373 Tacit.An.
892 3329 1038 3382 14,28.

171 3385 286 3430 Hist.
309 3383 422 3437 2‚·,0.
452 3386 587 3435 4,41.
608 3387 682 3432 43.
716 3387 839 3431 Suet.
861 3387 1036 3430 Domit.

178 3457 220 3488 c*-
249 3442 332 3493 ⁶28„
376 3444 423 3488 ie
470 3443 722 3502 eloquentia
775 3444 869 3487 eius
919 3443 1038 3487 infra

179 3497 1039 3615 225AE5Q222222223532¹233·

1106 1149 1283 1189 nundus
1306 1151 1350 1188 et
1371 1147 1671 1190 delectationi
1687 1156 1858 1199 natus;
1887 1149 1995 1202 pri-

1105 1206 1230 1246 vatis
1263 1210 1425 1247 tamen
1454 1207 1608 1258 causis
1635 1220 1780 1261 quam
1799 1209 1997 1260 publicis

1105 1264 1299 1315 melior,
1375 1260 1643 1318 quibuscum
1700 1264 1824 1306 conf.
1883 1279 1997 1322 quae

1105 1318 1226 1362 idem
1261 1317 1370 1361 dixit
1405 1320 1444 1370 5,
1479 1319 1546 1369 13,
1577 1321 1651 1363 48.
1694 1322 1734 1371 8,
1760 1323 1799 1371 5,
1825 1321 1891 1364 15.
1923 1323 1998 1366 17.

1106 1376 1177 1428 12,
1209 1377 1279 1425 10,
1311 1378 1381 1418 11.
1453 1376 1685 1435 Spalding.
1732 1379 1788 1423 ad
1831 1376 1999 1435 Quint.

1102 1433 1157 1478 T.
1183 1433 1240 1476 ll.
1274 1449 1320 1491 p.
1345 1432 1446 1478 384.
1962 1465 1965 1470 ι

1158 1505 1291 1533 novis
1354 1498 1400 1533 et
1462 1493 1732 1536 recentibus.
1821 1493 1997 1554 Lipsius

1102 1547 1295 1605 margini
1330 1549 1565 1608 adscripsit
1605 1553 1753 1602 notate,
1801 1553 1998 1599 offensus

1102 1605 1293 1648 fortasse
1355 1621 1718 1664 synonymorum
1787 1614 1994 1655 cumula-

1103 1663 1242 1706 tione.
1304 1662 1392 1706 Sed
1419 1662 1478 1708 cf.
1499 1673 1597 1709 not.
1618 1666 1674 1710 ad
1696 1681 1738 1710 c.
1760 1666 1802 1712 6.
1823 1683 1999 1712 novam

1103 1727 1150 1763 et
1172 1726 1421 1765 recentem.

1160 1791 1258 1819 non
1282 1778 1440 1820 minus
1460 1792 1574 1822 esse.
1632 1778 1711 1825 Sic
1735 1781 1837 1826 MS.
1855 1781 1996 1839 Neap.

1104 1834 1182 1891 [de
1202 1834 1340 1878 Farn.
1363 1843 1511 1879 tacent
1535 1845 1579 1880 et
1593 1835 1713 1894 Lips.
1736 1846 1779 1881 et
1791 1838 1999 1892 Bekker„

1103 1891 1180 1935 sed
1197 1891 1234 1934 is
1248 1893 1500 1937 consentire
1515 1893 1716 1950 videtur]
1741 1903 1786 1939 et
1809 1897 1907 1940 edd.
1921 1914 1996 1941 an-

1100 1948 1280 2007 tiquae,
1308 1949 1428 2008 Lips.
1452 1950 1627 1996 Pithoe.
1644 1952 1864 2011 Bernegg.
1879 1953 1998 1998 Gro-

1102 2022 1216 2051 nov.
1240 2007 1433 2058 Seebod.
1459 2025 1527 2066 pr.
1553 2008 1765 2060 [Bekker.
1792 2019 1835 2054 et
1855 2013 1999 2055 Boet-

1103 2063 1299 2119 ticher.].
1387 2067 1482 2110 Aut
1533 2082 1582 2109 ex
1630 2069 1998 2115 antecedentibus

1102 2123 1291 2164 auditos
1354 2123 1628 2182 cogitatione
1689 2125 1996 2184 supplendum

1103 2186 1194 2234 est,
1245 2178 1293 2222 id
1332 2182 1453 2237 quod
1488 2181 1675 2228 Pichen.
1711 2185 1870 2233 suasit,
1920 2194 1999 2230 aut

1101 2251 1183 2335 fier
1217 2251 1265 2279 se
1299 2237 1556 2294 explicanda
1588 2239 1759 2283 locutio
1799 2257 1903 2288 cum
1939 2242 1996 2286 G.

1143 2293 1286 2337 arthio
1310 2293 1340 2338 l.
1362 2296 1392 2338 l.
1406 2327 1420 2347 ,
1455 2304 1505 2340 ut
1525 2298 1740 2340 sententia
1762 2298 1843 2347 sit,
1873 2299 1999 2346 viros

1104 2351 1376 2395 clarissimos
1407 2368 1514 2396 cum
1544 2354 1686 2411 gloria
1712 2354 1836 2399 velut
1863 2373 2000 2413 prae-

1103 2416 1249 2451 sentes
1285 2409 1418 2452 etiam
1453 2412 1660 2453 extremis
1694 2411 1900 2470 gentibus
1930 2415 1995 2458 si-

1103 2465 1185 2514 sti,
1226 2465 1340 2519 [vel‚
1382 2467 1502 2524 quod
1526 2467 1688 2511 eodem
1709 2469 1850 2519 redit,
1889 2487 1999 2516 cum

1102 2521 1393 2567 Boettichero
1428 2537 1526 2566 esse
1559 2541 1644 2583 pro
1677 2528 1876 2580 versari,
1925 2530 2000 2572 vi-

1103 2595 1214 2624 vere
1256 2579 1570 2638 accipiendum
1613 2589 1654 2625 et
1692 2583 1996 2644 interpretan-

1106 2640 1214 2682 dum
1249 2645 1338 2681 ests
1390 2639 1491 2681 ihre
1522 2639 1752 2685 Existenz
1783 2644 1858 2685 sei
1886 2647 2024 2688 darc.

1106 2699 1216 2739 eben
1229 2709 1280 2738 so
1293 2694 1499 2738 bekannt
1510 2728 1522 2747 ‚
1542 2699 1633 2740 wie
1646 2701 1768 2755 etc.].
1799 2700 1839 2743 N
1843 2717 1902 2744 on
1917 2701 2000 2760 igi-

1104 2761 1180 2796 tur
1191 2768 1304 2811 opus
1316 2760 1379 2795 est
1392 2754 1770 2809 correctionibus;
1784 2759 2000 2802 excidisse

1106 2811 1228 2854 enim
1266 2809 1432 2867 aliquid
1470 2812 1709 2856 censebant
1738 2815 1916 2873 Lipsius
1954 2825 2001 2860 et

1105 2867 1331 2923 Ursinus,
1361 2883 1556 2924 quorum
1582 2871 1708 2928 prior
1732 2888 1892 2917 verum
1921 2890 1998 2917 re-

1105 2924 1301 2970 stituisse
1333 2925 1416 2968 sibi
1449 2925 1688 2971 videbatur
1724 2930 1876 2974 addito
1908 2947 2012 2974 no-

1109 2990 1184 3026 tos
1195 3015 1209 3038 ,
1243 2989 1292 3024 ut
1313 2989 1427 3025 esset
1445 2995 1541 3025 non
1562 2987 1715 3029 minus
1735 3002 1832 3031 esse
1848 2997 1999 3038 notos,
2021 3023 2024 3027 .

1109 3039 1231 3099 quod
1282 3039 1454 3096 placuit
1507 3039 1764 3089 Heumann.
1805 3045 2002 3098 Schulz„

1108 3097 1319 3158 quodque
1358 3096 1488 3141 uncis
1526 3097 1754 3144 inclusum
1790 3103 1838 3146 in
1876 3111 2000 3147 textu

1109 3154 1392 3200 collocarunt
1443 3154 1635 3202 Seebod.
1698 3159 1804 3203 edit.
1866 3159 1997 3204 alter.

1107 3213 1278 3257 Osann.
1290 3219 1332 3254 et
1342 3210 1484 3255 Orell.
1508 3212 1679 3257 Ursino
1693 3216 2000 3273 praestabilius

1107 3270 1343 3318 videbatur
1359 3277 1501 3314 notos
1520 3285 1643 3323 esse,
1676 3274 1799 3330 quod
1821 3273 2000 3319 Dronk.

1108 3327 1292 3384 recepit.
1360 3325 1526 3371 Schelii
1562 3329 1864 3373 coniecturam
1899 3345 2000 3375 non

1109 3386 1266 3435 minus
1284 3387 1415 3428 nosci
1432 3387 1839 3443 comprobaverunt
1852 3385 1999 3432 Ober-

1109 3442 1191 3486 lin.
1201 3439 1536 3486 Bekk.L·t1nem.
1551 3442 1707 3500 [Rup.]
1720 3458 1733 3495 ;
1747 3442 1998 3502 Wopken-

1110 3499 1176 3545 sio
1200 3499 1250 3542 in
1271 3507 1468 3543 mentem
1489 3500 1691 3542 veniebat
1713 3503 1969 3546 innotuisse
1981 3521 1999 3558 ‚-

1111 3556 1233 3616 quod
1253 3555 1461 3602 Bai-thius
1488 3556 1747 3615 excogitavit
1771 3573 1866 3605 non
1898 3562 1998 3610 mi-
