2150 4022
389 323 414 344 .
520 262 1054 348 DIALOGUS.
1138 284 1488 350 GAP.1e.

1796 291 1915 349 271

82 419 236 477 inter
265 417 609 493 praecipuos
633 416 962 474 carminum
986 415 1211 474 fructus
1238 426 1545 476 numerem
1560 463 1578 489 ,
1627 420 1789 496 quod
1814 441 1923 478 nec

79 503 144 560 in
160 501 418 584 ⁸strepitu
445 523 555 559 nec
590 503 828 558 sedente
864 512 999 557 ante
1038 502 1254 558 ostium
1293 504 1587 577 litigatore
1621 524 1729 562 nec
1765 505 1923 562 inter

79 589 276 650 sordes
314 607 378 643 ac
417 587 683 643 lacrimas
731 607 970 643 reorum
1024 600 1489 660 componuntur3
1557 591 1656 646 sed
1706 591 1924 648 secedit

77 672 307 728 animus
335 671 398 726 in
427 672 553 728 loca
579 692 726 745 pura
759 684 931 747 atque
958 671 1294 728 innocentia
1323 673 1656 749 fruiturque
1685 675 1922 733 sedibus

76 757 268 813 sacriS.
363 751 505 812 haec
551 758 916 832 eloquentiae
957 757 1312 831 primordia,
1379 754 1519 814 haec
1566 761 1917 834 penetralia:

74 838 186 898 hoc
231 841 490 917 primum
540 837 751 898 habitu
796 843 1074 918 cultuque
1114 842 1419 897 commoda
1465 845 1812 903 mortalibus
1851 846 1918 902 in

73 926 174 982 illa
200 938 352 983 casta
378 939 434 983 et
454 927 636 983 nullis
661 937 925 985 contacta
948 926 1108 983 vitiis
1129 938 1362 1001 pectora
1386 927 1643 985 influxit:
1680 930 1760 987 sic
1784 951 1920 988 ora—

72 1011 201 1068 cula
229 1008 641 1091 loquebantur.

126 1201 309 1244 ostium.
367 1193 506 1244 MSS.
532 1197 672 1258 Neap.
706 1199 881 1253 [Farn.]
915 1206 959 1242 et

69 1257 173 1311 edd.
219 1259 427 1315 autiquae
471 1273 610 1314 usque
655 1258 709 1299 ad
752 1256 955 1300 Rhenan-

70 1331 228 1370 9mnes
249 1314 453 1358 exhibent
473 1316 694 1365 hostium,
718 1330 827 1372 quae
850 1314 957 1359 scri·

67 1373 199 1416 bendi
226 1372 338 1415 ratio
366 1370 536 1430 saepius
568 1372 790 1429 reperitur
826 1370 872 1413 in
906 1370 955 1413 li·

66 1430 156 1472 bris
179 1436 281 1471 vett.
344 1426 415 1472 Ad
440 1445 535 1471 rem
563 1445 773 1487 compara
801 1428 954 1472 Horat.

68 1487 198 1530 Satir.
250 1489 284 1535 l,
332 1489 370 1543 l,
423 1489 494 1529 10.
546 1488 662 1528 iuris
708 1489 955 1541 legumque

59 1545 265 1599 peritus,
302 1546 384 1587 sub
415 1545 742 1597 gallicantum
767 1546 951 1585 consul-

66 1610 139 1643 tm-
161 1603 241 1644 ubi
258 1604 376 1644 ostia
397 1603 586 1656 pulsat,
630 1609 674 1642 et
698 1600 843 1643 Cicer.
901 1617 951 1643 ro

65 1658 245 1701 Muren.
275 1675 315 1702 c.
337 1659 380 1702 9.
410 1681 463 1690 —
495 1659 730 1711 litigatore
754 1658 826 1700 ed.
890 1667 951 1702 ut.

66 1716 270 1773 corrupit
296 1715 343 1758 in
365 1715 634 1769 litigatorie.

119 1816 242 1857 inter
275 1818 436 1857 sordes
470 1830 524 1857 ac
562 1815 801 1859 lacrimas.
871 1818 949 1857 la-

61 1876 279 1928 chrymas
301 1872 402 1916 edd.
424 1872 644 1930 antiquae.
667 1897 722 1904 —-
757 1875 947 1924 [lachri-

62 1942 167 1973 mas
186 1928 285 1972 MS.
301 1929 475 1984 Farn.].
540 1930 607 1972 De
630 1930 848 1985 scriptura
873 1946 946 1972 vo-

63 1989 207 2031 cabuli
243 1987 338 2029 vide
361 1996 457 2030 not.
482 1988 535 2029 ad
559 1988 649 2030 An.
670 1990 710 2036 1,
734 1989 775 2030 5.
810 1990 878 2038 11,
902 1988 946 2029 2.

59 2046 172 2094 Rem
201 2045 315 2087 bene
347 2044 567 2086 illustrant
595 2044 684 2087 loci
715 2043 945 2088 Ciceronis

32 2126 40 2127 ff
60 2104 112 2146 ab
141 2102 327 2158 interpr.
356 2103 624 2156 comparati,
671 2117 741 2159 ep.
767 2102 821 2144 ad
851 2102 944 2146 div.

61 2161 127 2208 14,
141 2159 234 2207 22.
263 2166 308 2200 te
327 2172 450 2200 nunc
473 2187 486 2200 .
503 2190 514 2202 .
532 2189 543 2201 .
566 2159 630 2200 sic
652 2161 843 2212 vexari,
881 2161 945 2200 sic

57 2219 209 2260 iacere
255 2217 303 2258 in
352 2217 556 2258 lacrimis
605 2223 649 2257 et
700 2219 945 2266 sordibus,-

59 2283 170 2318 orat.
206 2279 307 2331 post
337 2271 464 2314 redit.
498 2272 552 2315 ad
587 2273 739 2329 quirit.
771 2289 811 2317 c.
834 2273 873 2324 3,
898 2274 942 2316 6.

50 2333 143 2388 filii
157 2335 333 2383 pietas,
373 2332 740 2384 propinquorum
766 2345 942 2385 preces,

56 2386 420 2432 adolescentium
451 2389 668 2441 squalor,
707 2388 942 2429 maiorum

54 2453 168 2488 natu
189 2445 413 2486 lacrimae
428 2445 654 2497 populum
673 2444 943 2486 Romanum

58 2514 242 2545 movere
273 2508 529 2554 potuerunt
547 2517 562 2551 ;
600 2500 661 2542 ib.
695 2505 723 2554 §
755 2502 797 2543 7.
820 2501 939 2555 fra-

56 2563 139 2602 tris
160 2590 171 2602 .
188 2590 198 2600 .
213 2589 226 2600 .
249 2558 548 2612 quotidianae
577 2559 804 2599 lacrimae
831 2573 939 2600 snr-

54 2622 219 2672 desque
253 2616 469 2669 lugubres
501 2630 532 2654 a
565 2616 688 2657 vobis
718 2618 939 2666 depreca—

55 2685 131 2719 tae
165 2680 289 2716 sunt.
356 2670 532 2713 Sordes
578 2688 683 2716 vero
729 2673 940 2716 dicuntur

53 2747 136 2791 pro
172 2729 362 2772 vestibus
395 2727 609 2779 sordidis,
664 2729 826 2786 quibus
866 2731 940 2772 in-

58 2787 153 2832 duti
177 2787 241 2829 rei
263 2801 511 2842 eorumque
535 2787 775 2844 propinqui
805 2795 846 2829 et
867 2788 939 2830 af-

54 2846 162 2888 fines
183 2843 475 2894 incedebant,
513 2843 558 2886 id
582 2843 705 2901 quod
729 2845 832 2888 satis
856 2848 962 2889 nos

53 2912 146 2946 tum
168 2909 250 2944 est.

108 2984 287 3027 secedit.
324 2982 423 3026 MS.
436 2983 719 3041 Neap.sedit,
741 2992 782 3027 et
805 2984 936 3042 paulo

53 3049 153 3099 post
176 3041 244 3083 ed.
267 3039 382 3099 Spir.
391 3041 696 3097 frueturque.

107 3141 218 3181 haec
255 3140 548 3194 penetralia,
601 3144 687 3184 hoc
721 3143 935 3196 primum

49 3200 96 3239 h.
120 3212 153 3238 c.
181 3201 426 3238 commoda
450 3200 743 3241 mortalibus.
797 3216 934 3252 pene·

51 3254 196 3296 tralia
235 3255 316 3295 hoc
360 3252 577 3297 omittunt
620 3254 755 3299 MSS.
793 3256 933 3315 Neap.

52 3313 117 3366 [et
150 3309 334 3366 Fan-nj,
389 3310 506 3352 unde
549 3311 774 3356 coniicere
818 3313 933 3364 licet,

48 3367 300 3410 inconsulto
322 3365 546 3409 Orellium
568 3367 837 3413 Fan-nesiano
859 3388 931 3415 co-

51 3422 138 3466 dici
175 3423 481 3480 adscripsisse,
531 3425 652 3480 quod
686 3426 819 3484 Lipsii
858 3428 933 3471 in-

50 3478 181 3537 genio
215 3479 411 3525 debetur.
471 3481 535 3523 Ex.
568 3481 642 3523 illa
673 3485 928 3542 corruptela

49 3543 144 3578 orta
176 3544 238 3578 est
266 3536 420 3580 vitiosa
443 3538 545 3582 edd.
566 3546 672 3583 vett.
696 3540 929 3599 scriptura,

48 3608 158 3651 quae
205 3592 257 3635 ad
307 3591 503 3652 Lipsium
555 3594 705 3641 locum
758 3598 926 3642 tenuit:

728 1032 867 1068 nam
905 1012 1168 1068 lucrosae
1207 1007 1386 1068 huius
1421 1023 1479 1068 et
1516 1015 1920 1088 sanguinantis

1029 1199 1143 1242 haec
1176 1206 1384 1253 penetr.,
1432 1200 1549 1243 haec
1574 1200 1785 1254 primum
1817 1209 1917 1255 etc„

1030 1272 1163 1314 quam
1198 1256 1345 1355 Lili'sio
1391 1267 1632 1314 praeeunte
1673 1274 1829 1302 omnes
1867 1257 1915 1304 in

1028 1313 1216 1356 modum
1292 1313 1392 1356 odie
1436 1315 1511 1358 vul
1545 1322 1666 1357 atum
1710 1323 1916 1360 correxe-

1027 1379 1149 1414 runt.
1218 1370 1350 1414 Unus
1393 1371 1696 1430 Schutingius
1742 1381 1785 1416 et
1826 1371 1917 1419 hoc

1027 1428 1129 1470 loco
1169 1436 1211 1472 et
1241 1428 1287 1471 in
1323 1444 1447 1485 seqq.
1479 1430 1745 1473 substituere
1779 1433 1914 1475 male-

1026 1486 1104 1528 bat
1133 1487 1228 1536 hic,
1269 1494 1329 1543 ut·
1350 1486 1648 1544 procederent
1670 1489 1802 1532 verba
1824 1490 1916 1534 sic:

1023 1543 1095 1584 hic
1113 1557 1186 1597 pr.
1203 1575 1214 1593 ,
1239 1544 1287 1584 h.
1314 1558 1351 1585 c.
1375 1572 1387 1584 .
1406 1575 1418 1586 .
1435 1574 1446 1586 .
1464 1576 1475 1594 ,
1504 1545 1579 1585 hic
1603 1543 1669 1598 (in
1688 1545 1799 1589 locis
1819 1547 1914 1590 istis

1024 1599 1223 1656 secretis)
1251 1603 1439 1641 oracula
1461 1604 1782 1656 loquebantur.
1823 1602 1914 1648 *De

1023 1659 1183 1699 habitu
1215 1659 1428 1712 cultuque
1460 1657 1521 1711 cf.
1549 1666 1644 1701 not.
1675 1659 1730 1701 ad
1756 1661 1848 1706 An.
1872 1663 1913 1712 l,

1026 1717 1094 1758 10.
1126 1724 1168 1757 et
1193 1713 1395 1756 Cortium
1429 1715 1482 1756 ad
1506 1714 1683 1760 Sallust.
1710 1716 1913 1776 lugurtb.

1025 1771 1143 1816 αὲὃ.
1162 1795 1212 1803 -
1242 1770 1487 1828 Reliquum
1504 1780 1580 1824 est,
1602 1781 1649 1816 ut
1668 1773 1910 1821 defendam

1023 1828 1127 1874 cod.
1154 1828 1288 1886 Neap.
1315 1837 1357 1870 et
1391 1828 1490 1871 edd.
1527 1837 1632 1873 vett.
1667 1831 1909 1878 lectionem

1016 1890 1291 1940 cumulata,
1337 1901 1449 1941 quae
1477 1886 1523 1928 in
1546 1886 1733 1930 dubium
1756 1900 1910 1935 vocata

1022 1952 1085 1986 est
1118 1961 1141 1988 a
1175 1942 1415 2001 plerisque.
1487 1943 1591 1987 Noli
1626 1959 1736 1989 vero
1774 1963 1908 1993 voca·

1016 2001 1174 2043 bulum
1225 1997 1338 2044 illud
1396 2000 1615 2058 explicare
1667 2018 1772 2047 cum
1824 2005 1910 2048 Er—

1018 2057 1186 2100 nestio:
1238 2068 1361 2116 apta,
1414 2057 1639 2111 iucunda,
1688 2061 1765 2105 sed
1801 2079 1907 2108 cum

1017 2115 1197 2174 Bipont.
1237 2125 1280 2158 et
1321 2115 1527 2158 Oberlin.
1572 2116 1772 2176 intellige
1817 2120 1941 2164 elo··

1016 2172 1244 2230 quentiam
1286 2171 1547 2215 hominibus
1591 2185 1908 2233 opportunam,

1015 2230 1198 2281 utilem,
1263 2246 1420 2272 eorum
1467 2232 1722 2276 commodis
1767 2234 1907 2280 inser-

1014 2286 1234 2338 vientem,
1285 2303 1375 2344 quo
1425 2288 1604 2344 quidem
1652 2289 1905 2346 significatu

1012 2343 1124 2386 nihil
1158 2344 1463 2402 frequentius,
1515 2353 1562 2387 ut
1604 2346 1903 2406 lexicographi

1016 2401 1195 2443 docent.
1267 2401 1387 2443 Bene
1429 2401 1564 2456 igitur
1605 2420 1701 2446 eam
1750 2407 1904 2453 lectio-

1015 2473 1119 2499 nem
1174 2467 1411 2501 servarunt
1456 2458 1662 2504 Oberlin.
1704 2461 1901 2507 Seebod.

1014 2512 1190 2556 Dronk.
1228 2513 1399 2557 Osann.
1448 2515 1658 2570 [ssekker.
1693 2527 1736 2562 et
1770 2519 1902 2564 Boet-

1011 2570 1204 2624 ticher.].
1291 2571 1381 2615 Alii
1427 2572 1697 2618 coniecturis
1745 2583 1903 2622 sanare

1012 2627 1166 2670 locum
1201 2629 1439 2681 volebant,
1477 2629 1685 2674 Muretus
1721 2641 1764 2676 et
1796 2636 1901 2680 Aei-

1012 2684 1153 2726 dalius
1204 2686 1501 2729 emendabant
1553 2694 1896 2749 commendata,

1010 2741 1130 2799 quod
1165 2742 1416 2786 Heumann.
1449 2743 1677 2798 Schelius,
1719 2745 1896 2794 Broter.

1010 2799 1184 2844 Schulz.
1199 2800 1340 2843 Orell.
1363 2800 1586 2859 [Rupert.]
1605 2815 1898 2863 receperun15

1007 2855 1204 2912 Lipsius:
1263 2867 1418 2900 comta
1461 2860 1531 2902 vel
1576 2865 1893 2921 commodata,

1006 2913 1113 2956 huic
1147 2915 1381 2980 plaudente
1418 2915 1748 2969 Freinshemio,
1790 2921 1895 2978 quia

1009 2971 1063 3013 ab
1087 2971 1191 3029 ipsus
1217 2972 1298 3014 diis
1322 2974 1647 3018 immortalibus
1677 2975 1747 3020 elo
1782 2993 1895 3022 uen—

1008 3029 1113 3070 tiam
1146 3028 1401 3072 hominibus
1432 3030 1576 3073 datam
1609 3049 1700 3077 esse
1724 2993 1893 3080 Blater-

1008 3101 1093 3127 nus
1135 3085 1375 3138 existimem
1425 3086 1624 3132 Sclielius
1666 3091 1891 3148 denique:

1006 3152 1259 3185 commota.
1341 3143 1518 3200 Quibus
1556 3155 1704 3190 autem
1743 3148 1891 3196 modis

1006 3208 1138 3245 totus!
1159 3199 1232 3243 hic
1260 3200 1385 3244 locus
1410 3203 1600 3260 graviter
1620 3204 1803 3249 affectus
1823 3207 1914 3250 vel·

1007 3273 1030 3298 a
1053 3257 1269 3300 sententia
1292 3260 1356 3301 vel
1380 3275 1403 3302 a
1427 3259 1575 3303 verbis
1599 3259 1793 3314 laboret,
1823 3262 1890 3306 uti

1007 3312 1193 3356 Osanno
1226 3314 1364 3357 visum
1398 3325 1485 3371 est,
1544 3318 1764 3372 acutiores
1789 3335 1890 3377 per·

1004 3371 1216 3428 spiciant3
1249 3371 1455 3429 equidem
1483 3389 1576 3416 non
1599 3375 1739 3432 potui.

1057 3461 1290 3498 contacta.
1349 3455 1425 3500 Sic
1459 3456 1513 3499 de
1548 3455 1706 3500 Germ.
1739 3474 1782 3502 c.
1813 3460 1885 3506 10.

1000 3511 1100 3568 equi
1123 3514 1254 3554 nullo
1278 3516 1475 3557 mortali
1484 3528 1620 3568 opere
1641 3519 1855 3560 contacti.

1054 3595 1266 3636 lucrosae
1306 3596 1441 3639 huius
1475 3605 1519 3639 et
1558 3599 1884 3652 sanguinantis
