2150 4022
125 856 129 858 Ἴ
195 814 263 851 est
297 808 351 850 ab
385 806 619 862 Ernestio;

195 231 317 295 198

195 531 444 589 mitiano
505 531 691 601 moris
752 544 904 604 erat,

371 218 377 226 “
426 304 427 308 ¹
488 229 729 326 IULU
773 228 1091 294 AGRIC.
1135 231 1367 295 VITA
1415 192 1752 300 mineo.
2036 245 2063 272 ⁴

364 359 649 421 XXXIX.
701 359 881 419 Hunc
908 382 1124 420 >rerum
1163 383 1438 436 cursum,
1495 387 1842 446 quanquam
1883 372 2059 429 nulla

195 446 515 503 verborum
547 446 825 504 iactantia
863 447 1124 524 epistolis
1151 444 1468 523 Agricolae
1508 466 1778 525 auctum,
1829 465 1901 513 ut
1934 453 2066 513 Do-

985 534 1182 591 fronte
1248 535 1473 606 laetus»,

1557 551 1791 614 pectore
1853 541 2066 600 anxius

195 749 351 792 omnis
387 749 616 808 redierat,
661 752 792 852 ¹quod
843 742 1085 810 probatum
1156 767 1250 809 per
1297 761 1520 811 quartum
1561 756 1661 799 iam
1704 759 1926 801 volumen
1971 742 2062 802 dn·

704 824 982 854 eumannusz
1017 816 1090 851 te-

193 866 294 908 nuic
318 880 437 922 quae
460 865 621 920 (intell.
650 867 816 924 classis)
849 866 1085 921 proxime,

195 924 330 965 litore
362 924 486 966 Brit.
519 926 635 967 lecto
666 928 818 980 omni,
859 925 1092 974 redierat,-

193 979 405 1024 Arztius:
451 984 642 1037 prolixo
671 985 820 1026 latere
849 1007 907 1017 —
940 982 1092 1024 omnis

194 1041 294 1082 red.
393 1038 633 1098 vulgatam
674 1040 946 1098 scripturam
993 1054 1092 1082 ser-

195 1103 361 1141 varunt
408 1096 594 1156 Bipont.
640 1097 850 1142 Oberlin.
897 1095 1090 1140 Seebod.

195 1151 377 1197 Dronk.
410 1154 599 1202 Becker.
631 1153 800 1199 Hertel.
825 1153 1025 1199 Walch.
1058 1153 1094 1197 l.

196 1209 418 1264 Bekker.,
458 1213 725 1267 rectissime.
819 1212 980 1264 Unde,
1019 1211 1094 1254 in-

231 1267 295 1311 uit
321 1267 582 1322 Ernestius,
611 1271 730 1314 refer
758 1270 814 1313 ad
838 1272 981 1318 lecto,
1011 1284 1094 1311 un·

198 1284 255 1368 de
289 1341 465 1384 egressa
498 1326 669 1386 legerat
701 1327 956 1387 proximum
979 1326 1096 1374 latus

194 1382 456 1429 Britanniae
478 1417 492 1438 ,
563 1403 616 1429 eo
679 1385 889 1429 redierat.
979 1384 1096 1427 Eum

197 1440 513 1485 adverbiorum
558 1442 648 1487 loci
692 1457 821 1486 usum
853 1439 1096 1486 illustravit

197 1498 411 1557 exemplis
433 1498 713 1550 Walchius,
755 1498 883 1545 velut
914 1500 1030 1546 Hist.
1054 1497 1098 1550 4,

195 1554 268 1598 29.
309 1561 434 1602 unde
477 1560 660 1602 clamor
702 1559 958 1608 acciderat,
1005 1557 1097 1599 cir-

196 1628 444 1669 cumagere
490 1629 715 1669 corpora,
778 1618 971 1658 tendere
1011 1627 1095 1655 or-

196 1685 306 1723 cus,-
344 1672 455 1717 ibid.
490 1675 531 1726 1,
555 1673 624 1717 56.
652 1676 760 1728 sed,
798 1676 921 1731 quod
946 1674 994 1716 in
1024 1685 1096 1714 se-

195 1730 444 1778 ditionibus
496 1732 686 1787 accidit,
760 1733 887 1774 unde
934 1732 1099 1786 plures

197 1794 362 1837 erant,
396 1803 563 1832 omnes
580 1789 746 1845 suere,
778 1804 869 1846 quo
900 1787 954 1830 de
993 1787 1096 1830 loco

198 1843 257 1889 cf.
292 1843 502 1889 GronOV.
538 1846 765 1892 Observv.
799 1846 843 1891 4.
880 1862 920 1890 c.
948 1847 1020 1889 ll.
1051 1850 1098 1886 et

198 1901 406 1947 Cortium
440 1904 497 1948 ad
523 1904 705 1948 Sallust.
728 1903 930 1962 Iugurth.
968 1919 1007 1946 c.
1032 1901 1099 1952 14,

196 1959 269 2004 22.
341 1961 507 2017 Omni,
542 1961 665 2018 quod
691 1977 925 2021 perperam
954 1967 1098 2002 muta·

197 2024 295 2060 tum
320 2020 453 2063 estin
475 2021 628 2063 omnis
661 2028 704 2062 et
737 2035 762 2062 a
784 2017 994 2061 Broterio
1031 2032 1097 2058 ex-

199 2075 415 2132 plicatum
466 2092 565 2128 „ne
618 2092 709 2119 una
764 2076 948 2133 quidem
991 2073 1097 2117 navi

197 2133 420 2183 amissa'‘,
470 2134 749 2193 iungendum
785 2150 890 2178 cum
922 2132 1098 2188 proxi·-

199 2205 280 2232 mo
305 2193 474 2236 latere.
529 2191 790 2234 Proximum
815 2191 1014 2248 legerant
1038 2187 1097 2231 la·

199 2257 269 2291 tus
300 2247 437 2304 idque
472 2265 621 2293 omne.
696 2249 867 2291 Miram
903 2245 1097 2304 ellipsim

198 2306 351 2348 statuit
393 2307 647 2352 Beckerusz
698 2304 888 2356 Classis,
936 2303 1098 2362 inquit,

197 2362 558 2408 Trucculensem
581 2372 764 2422 portum
791 2361 960 2414 tenuit,
1007 2377 1098 2404 un·

200 2420 270 2472 de,
294 2422 500 2478 proximo
527 2423 662 2465 latere
678 2419 934 2463 Britanniae
962 2419 1099 2467 lecto,

199 2479 417 2532 redierat,
471 2478 596 2524 omni
652 2477 911 2522 Britanniae
961 2476 1099 2520 latere

200 2534 337 2581 lecto.
398 2538 469 2580 De
501 2535 963 2593 circumnavigatione
990 2534 1095 2577 Bri-

199 2594 380 2638 tanniae
412 2611 493 2653 per
515 2595 779 2650 Agricolam
803 2591 1005 2635 instituta
1037 2591 1097 2635 cf.

198 2650 340 2696 Dion.
367 2652 490 2697 Cass.
526 2652 596 2703 66,
614 2653 684 2694 20.
714 2648 802 2693 κάκ
833 2645 1000 2692 τούτου
1022 2651 1102 2692 καὶ

199 2705 366 2758 ἄλλους
409 2707 432 2753 ὁ
473 2706 743 2767 Ἀγρικόλας
795 2703 1102 2765 πειράσοντας

198 2764 282 2810 τὸν
316 2769 571 2825 περίπλουν
604 2769 795 2825 πέμψας
833 2766 982 2823 ἔμαθε
1023 2767 1102 2808 καὶ

201 2840 266 2867 πα
300 2823 312 2839 '
341 2826 530 2870 ἐκείνων
555 2822 625 2870 ὅτι
652 2822 793 2879 νῆσός
816 2824 955 2867 ἐστιν.

300 2895 372 2925 ΛΡ.
409 2883 480 2927 39.
540 2890 752 2926 auctum.
822 2880 955 2924 Hanc
995 2880 1101 2925 vul-

232 2948 326 2983 atae
356 2941 604 2998 scripturae
634 2938 998 2983 emendationem
1026 2938 1101 2981 de·

202 2956 361 3041 fiemus
393 2999 569 3055 Lipsio,
618 2998 746 3042 cuius
782 2995 1000 3039 iudicium
1037 3011 1102 3038 se·

203 3054 332 3113 quuti
354 3064 459 3098 sunt
479 3054 666 3099 Pichen.
695 3070 793 3112 sqq.
816 3053 995 3098 Broter.
1020 3051 1101 3095 Er·

203 3122 318 3156 nest.
385 3111 597 3155 Oberlin.
666 3113 849 3169 Bipont.
920 3108 1100 3153 Dronk.

203 3169 401 3214 Walch.
423 3179 466 3212 et
495 3171 529 3213 l.
554 3167 799 3214 Bekkerus.
828 3191 887 3204 «ι-
928 3174 1100 3216 actum,

201 3229 324 3286 quod
354 3227 403 3270 in
429 3227 528 3271 MS.
557 3225 698 3268 Vatic.
723 3226 852 3269 3429.
873 3224 976 3268 edd.
997 3223 1102 3271 Put.

204 3303 274 3343 pr.
298 3285 423 3328 Med.
448 3283 565 3327 Ven.
589 3281 798 3327 Beroald.
824 3283 927 3326 Alc.
954 3281 1098 3327 Rhen-

203 3342 460 3391 exhibetur‚
500 3357 561 3384 nu
599 3356 646 3382 er
671 3341 918 3397 praelatum
946 3348 1011 3382 est
1043 3340 1097 3383 ab

202 3397 527 3446 Doederleinio
548 3356 597 3452 (i).
614 3397 642 3441 l.
667 3394 865 3462 p.}78.),
899 3395 1098 3444 Beckero

204 3466 248 3500 et
261 3457 479 3500 Hertelio.
527 3454 699 3498 Volunt
719 3452 785 3495 illi
806 3469 950 3507 agere
969 3453 1100 3499 verbi

203 3530 336 3557 usum
376 3513 618 3558 defendere
655 3510 755 3557 Liv.
796 3513 863 3562 10,
895 3510 964 3563 31,
1002 3513 1096 3555 10st

201 3571 491 3619 Samnitium
525 3571 672 3625 bella,
729 3583 847 3628 quae
880 3570 1100 3613 continua

1158 825 1365 868 numque
1407 820 1605 856 sextum
1651 821 1699 857 et
1746 817 2064 871 quadragesi-

1161 885 1296 912 mum
1316 897 1375 906 --
1394 872 1607 926 agimus,
1641 882 1685 916 et
1699 871 1846 917 Cicer.
1872 873 2067 917 inVerr.

1163 935 1251 970 act.
1268 927 1298 977 l,
1315 926 1382 978 18,
1396 926 1469 970 37.
1487 929 1649 970 omnia
1663 943 1763 973 non
1789 934 1930 974 modo
1945 947 2066 974 com·

1164 985 1548 1028 memorabuntur
1561 1018 1574 1040 ,
1607 990 1691 1028 sed
1715 989 1859 1030 etiam
1881 989 2068 1044 exposi-

1165 1044 1224 1084 tis
1247 1043 1386 1085 certis
1414 1045 1550 1084 rebus
1569 1053 1806 1097 agentum
1847 1045 1977 1091 etiam
2011 1045 2067 1089 ad

1166 1098 1262 1143 Cic.
1288 1115 1375 1158 pro
1399 1097 1569 1143 Archia
1593 1101 1635 1153 7,
1658 1102 1727 1144 16.
1757 1105 1876 1146 haec
1909 1104 2068 1147 studia

1164 1158 1538 1200 adolescentiam
1561 1167 1708 1214 agunt
1733 1169 1778 1204 et
1800 1161 1855 1204 ad
1878 1161 2068 1216 agitare

1167 1215 1290 1257 verbi
1336 1224 1612 1259 structuram
1644 1217 1918 1275 provocavit
1948 1217 2069 1261 Doe-

1167 1270 1428 1315 derlesnius.
1500 1271 1590 1316 Sed
1629 1289 1776 1332 neque
1815 1273 1892 1318 hic
1935 1274 2065 1318 locus

1166 1329 1414 1388 quidquam
1447 1329 1552 1374 facit
1575 1331 1630 1374 ad
1654 1331 1798 1375 nostri
1819 1330 1851 1378 l.
1877 1333 2069 1391 scriptu·

1166 1403 1266 1431 ram
1312 1388 1535 1445 vulgatam
1556 1390 1812 1450 ¹tuendam,
1864 1389 1968 1447 quia
2004 1388 2068 1432 ibi

1166 1453 1315 1499 agunt
1334 1461 1415 1503 pro
1432 1444 1674 1498 subigunt,
1697 1453 1870 1489 acuunt
1894 1446 2066 1490 dictum

1168 1511 1248 1553 est,
1271 1517 1418 1559 neque
1434 1502 1606 1560 priores
1625 1504 1732 1555 duo,
1750 1504 1912 1560 quibus
1933 1503 2067 1572 expli·

1168 1559 1322 1603 candis
1356 1559 1623 1618 interpretes
1654 1568 1778 1604 recte
1815 1561 2069 1618 adhibuisse

1169 1616 1382 1661 videntur
1446 1617 1678 1660 scenicum
1735 1616 1864 1661 illum
1927 1632 2070 1673 agere

1169 1674 1294 1716 verbi
1344 1688 1493 1717 usum.
1572 1671 1640 1719 Ut
1680 1690 1786 1718 vero
1829 1674 1964 1719 etiam
2006 1675 2070 1719 di·

1170 1747 1271 1775 cere
1295 1731 1428 1775 liceat
1449 1745 1587 1786 agere
1606 1746 1710 1775 rem
1730 1747 1814 1790 pro
1839 1732 2070 1778 usitatiore

1168 1803 1314 1844 agere
1329 1793 1385 1831 de
1396 1803 1461 1839 re,
1474 1804 1655 1846 semper
1668 1798 1762 1832 tum
1777 1790 2071 1849 cogitandum

1167 1857 1235 1890 est
1256 1847 1310 1890 de
1336 1845 1504 1889 mutuis
1533 1847 1579 1889 in
1602 1863 1652 1890 ea
1677 1863 1727 1890 re
1755 1848 2042 1892 sermonibus
2053 1863 2074 1902 ς-

1170 1921 1256 1947 nec
1303 1905 1541 1963 quisquam
1590 1903 1741 1948 dicere
1791 1913 1937 1962 potest
1985 1921 2069 1949 re-

1170 1977 1281 2004 rum
1323 1975 1565 2004 cursum
1615 1963 1822 2016 epistolis,-
1864 1978 2066 2018 agere.

1170 2018 1412 2076 Aptissima
1438 2034 1547 2063 vero
1573 2027 1636 2061 est
1657 2018 1792 2077 Lipsii
1819 2020 2072 2073 correcti03

1169 2075 1385 2133 Agricola
1407 2075 1526 2118 enim
1542 2107 1554 2124 ,
1597 2092 1684 2134 qua
1707 2085 1802 2118 erat
1835 2077 2072 2131 modestia,

1169 2134 1406 2178 victoriam
1433 2149 1596 2191 resque
1630 2140 1771 2191 gestas
1806 2150 1900 2177 non
1932 2135 2066 2185 auxit,

1170 2189 1430 2249 perscripsit
1472 2191 1620 2249 potius
1654 2191 1807 2234 omnia
1843 2192 1938 2235 sine
1974 2191 2068 2237 ulla

1168 2248 1418 2294 verborum
1434 2247 1654 2295 iactantia.
1675 2248 1971 2306 Frequentem
1986 2267 2068 2293 au-

1168 2320 1278 2359 gere
1312 2313 1355 2347 et
1387 2320 1529 2358 agere
1562 2306 1810 2350 verborum
1836 2306 2070 2351 confusio·

1171 2380 1274 2406 nem
1299 2363 1555 2407 notavimus
1577 2363 1633 2408 ad
1660 2365 1750 2406 An.
1769 2363 1812 2412 4,
1826 2364 1898 2407 41.
1949 2363 2064 2409 Hist-

1169 2419 1212 2469 4,
1230 2421 1313 2467 58„
1339 2419 1447 2462 item
1474 2427 1641 2462 auctus
1662 2427 1703 2462 et
1725 2428 1859 2463 actus
1880 2421 1933 2465 ad
1950 2421 2067 2466 Risi.

1168 2480 1211 2527 4,
1230 2479 1324 2526 28.,
1353 2479 1504 2526 iacta,
1534 2485 1643 2519 acta
1668 2485 1710 2520 et
1730 2487 1872 2521 aucta
1895 2479 1950 2522 ad
1972 2480 2066 2524 An.

1172 2536 1312 2587 11,18.
1336 2534 1456 2578 Nihil
1469 2534 1606 2592 igitur
1619 2536 1850 2579 lucramur
1860 2535 2066 2581 Rhenani

1170 2594 1404 2641 acumine,
1446 2593 1521 2649 qui
1543 2593 1589 2635 in
1616 2591 1831 2649 castigatt.
1857 2596 2067 2637 relatum

1171 2651 1246 2696 vel
1290 2651 1602 2706 significatum
1637 2649 1706 2691 vel
1740 2651 1912 2692 lectum
1941 2650 2067 2696 vole·

1170 2710 1246 2752 bat
1289 2708 1439 2751 scribi.
1514 2705 1650 2761 [Vide
1689 2706 1832 2752 Kritz.
1871 2707 1928 2751 ad
1968 2708 2066 2752 Sal-

1170 2766 1276 2809 lust.
1305 2765 1403 2808 Cat.
1428 2780 1467 2807 c.
1494 2763 1535 2814 3,
1554 2762 1621 2818 2.]

1229 2832 1278 2866 ut
1309 2821 1587 2866 Domitiano
1623 2821 1775 2863 moris
1807 2829 1930 2864 erat.
1990 2823 2068 2867 Sic

1171 2879 1276 2925 MS,
1312 2878 1456 2921 Vatic.
1493 2877 1623 2925 3429.
1668 2877 1731 2932 (in
1774 2879 1976 2937 margine
2017 2886 2068 2923 ut

1173 2944 1277 2980 crat
1310 2935 1586 2978 Domitiano
1618 2938 1785 2985 moris)
1823 2937 1924 2979 edd.
1960 2937 2065 2981 Put.

1172 3010 1245 3053 pr.
1282 2993 1607 3036 {MedecneL
1644 2993 1747 3036 Ber.
1786 2994 1888 3037 Alc.
1923 2994 2066 3039 Rhen-

1172 3067 1271 3109 sqq.
1299 3066 1456 3097 omnes
1476 3051 1531 3093 ad
1556 3050 1812 3095 Ernestium
1848 3060 1891 3095 et
1922 3066 2070 3111 nuper

1171 3106 1354 3152 Dronk.
1374 3106 1567 3152 Becker.
1593 3107 1761 3151 Hertel.
1777 3107 1978 3153 Walch.
2009 3131 2070 3142 —

1172 3174 1222 3208 ut
1244 3166 1551 3208 Domitianus
1575 3173 1681 3208 erat
1703 3165 1804 3208 MS.
1823 3164 1921 3210 Vat.
1939 3166 2067 3210 4498.

1163 3223 1316 3322 §idem
1355 3222 1402 3266 in
1437 3238 1579 3279 marg.
1617 3222 1721 3268 cod.
1744 3221 1874 3267 3429.
1900 3233 2067 3267 exstare

1192 3279 1284 3323 also
1308 3278 1442 3324 tradit
1468 3279 1536 3325 ed.
1561 3279 1763 3338 Bipont.)
1788 3279 1965 3324 Ernest.
1989 3280 2066 3324 Bi·

1203 3344 1297 3380 ont.
1320 3336 1527 3379 Oberlin.
1554 3353 1652 3394 sqq.
1686 3346 1729 3379 et
1761 3336 1793 3380 l.
1817 3336 2063 3382 Bekkerua.

1170 3354 1241 3439 i'lf.
1264 3393 1377 3437 Hist.
1404 3397 1442 3447 1,
1466 3395 1533 3439 15.
1562 3402 1614 3438 ut
1639 3395 1785 3439 moris
1809 3401 1878 3437 est
1891 3412 1908 3447 ,·
1946 3394 2065 3438 infra

1171 3468 1214 3498 c.
1239 3451 1314 3495 42.
1334 3452 1488 3494 sciant
1514 3453 1678 3508 quibus
1696 3451 1844 3494 moris
1871 3461 1954 3497 est.
2009 3452 2065 3496 11·

1171 3509 1250 3555 lud
1279 3508 1724 3568 interpretamentum
1761 3524 1878 3562 esse,
1922 3517 1972 3554 ut
1991 3508 2064 3552 Bi·

1172 3566 1371 3626 pontinis
1394 3566 1543 3613 visum
1568 3574 1659 3615 est.
1685 3565 1756 3612 vix
1778 3566 2062 3612 crediderim.
