2150 4022
192 276 317 336 27ss

691 271 816 332 DE
877 231 1535 345 oizAToRuBnUs

192 426 358 463 mum
397 402 653 460 faciendi
694 398 759 458 in
799 403 903 459 illa
941 421 1101 461 sacra
1147 402 1398 479 illosque
1443 399 1626 459 fontis
1655 400 1885 464 [fel-ant:
1943 418 2069 472 ηερ

198 492 476 547 insanum
506 490 660 546 ultra
700 499 757 545 et
792 488 1088 546 lubricum
1123 488 1320 544 forum
1361 487 1696 562 famamque
1731 472 2051 560 pallentem

199 570 465 651 trepidus
509 573 791 652 experiar.

876 593 1001 629 non
1047 591 1142 629 me
1192 571 1461 628 fremitus
1511 569 1896 627 salutantium
1942 588 2053 625 nec

202 656 486 717 anhelans
515 659 764 715 libertus
793 658 1028 715 excitet:
1083 676 1195 712 nec
1223 656 1484 714 incertus
1510 654 1700 712 futuri
1737 664 2054 711 testamen-

198 757 325 802 tum
346 763 453 819 pro
481 744 726 818 pignore
751 744 1031 800 scribam:
1077 761 1185 797 nec
1212 741 1348 817 plus
1372 736 1652 811 habeam,
1694 747 1871 816 quarn
1893 739 2055 815 quod

197 829 453 906 pussim,
520 827 617 885 cui
661 829 873 898 velim,
932 827 1308 904 relinquere,
1368 826 1726 903 quandoque
1763 823 1959 887 fatalis
1999 833 2056 881 et

195 1016 440 1065 Wunder.
488 1018 628 1076 praef.
673 1016 768 1062 Cic.
822 1032 889 1061 or.
933 1017 1089 1062 Plane.

193 1092 244 1135 P·
266 1074 407 1129 X1V.]
448 1097 506 1108 —-
550 1074 766 1131 faciendi
792 1075 845 1116 ab
873 1075 1090 1117 Rhenano

193 1141 266 1176 est
285 1131 530 1189 scriptum,
571 1131 617 1174 in
644 1132 711 1175 ed.
737 1132 856 1189 Spir.
881 1141 976 1175 erat
997 1132 1091 1188 fa-

190 1191 314 1304 ustie-s,
357 1189 406 1232 in
440 1190 539 1234 edd.
571 1189 675 1233 Put.
710 1189 816 1234 Riv.
855 1190 956 1233 Ber.
991 1190 1093 1234 Alc.

227 1247 425 1291 uniente.

245 1331 418 1389 sontis.
479 1331 555 1377 Sic
579 1329 735 1388 scripsi
759 1347 783 1374 e
807 1330 910 1377 MS.
925 1330 1065 1389 Neap.

247 1416 536 1472 famamque
558 1416 834 1469 pallentem.
892 1412 968 1458 Sic
991 1413 1094 1457 MS.

202 1471 342 1532 Neap.
356 1483 398 1517 et
411 1473 511 1516 edd.
523 1474 980 1527 vein—[pallantem
995 1471 1097 1514 cod.

203 1531 378 1586 Farn.].
419 1530 488 1573 Ne
510 1531 633 1573 hunc
654 1529 834 1587 quidem
860 1528 1014 1571 locum
1032 1529 1096 1571 in-

202 1595 371 1632 tactum
387 1586 671 1645 reliquerunt
686 1586 846 1630 critici.
874 1586 1098 1629 Heuman-

202 1661 289 1690 nus
313 1645 470 1689 maluit
493 1645 662 1701 forum
691 1646 879 1700 pallens
910 1659 966 1688 ao
998 1652 1099 1686 tre-

199 1705 341 1758 pidus
358 1716 536 1756 expet„
556 1702 753 1757 famam
771 1701 911 1752 eiecit,
934 1701 1099 1758 quippe

207 1760 334 1804 cuius
365 1760 440 1803 hic
473 1759 624 1803 nullus
657 1759 785 1802 locus
821 1775 914 1802 esse
946 1760 1101 1816 possit,

205 1819 309 1876 quia
342 1817 435 1876 ipse
456 1818 692 1860 Maternus
723 1817 887 1859 samam
922 1815 1098 1874 ingredi

207 1877 457 1934 auspicatus
477 1874 533 1916 sit
554 1875 805 1918 carminum
825 1875 1102 1924 recitatione,

208 1941 250 1976 et
287 1943 337 1977 ut
375 1932 543 1990 duplici
585 1932 839 1990 praedicato
878 1932 1102 1973 insanum

208 2001 252 2034 et
272 1991 499 2033 lubricum
526 1997 738 2032 ornatum
758 1990 812 2032 sit
835 1987 985 2031 forum
1000 2021 1013 2040 ,
1043 1990 1100 2030 ita

207 2050 263 2092 ad
297 2047 645 2090 concinnitatem
677 2045 996 2089 restituendam
1029 2062 1099 2088 re-

208 2105 327 2164 quiri
351 2106 540 2159 pallens
567 2119 624 2146 ac
651 2105 874 2157 trepidus.
937 2104 1104 2159 Sequi-

207 2171 284 2207 tur
316 2178 419 2204 eun·
445 2160 695 2204 Schulzius.
756 2159 1101 2208 Schurzfleisch.

195 2221 451 2279 fallentem
474 2218 739 2275 corrigebat,
767 2225 815 2259 ut
840 2219 1106 2260 conveniret

209 2292 316 2322 cum
347 2277 573 2319 lubricum
596 2276 795 2330 [ιη-υνυς
841 2274 1106 2331 [eademque

209 2333 426 2379 sententia
458 2332 725 2376 Boetticheri
756 2331 984 2375 suadentis
1005 2334 1105 2390 fal·

210 2393 399 2447 lacem]¹
445 2389 790 2433 Rauchenstein.
808 2390 986 2432 numeri
1005 2405 1105 2432 cau-

212 2468 258 2494 sa
270 2467 280 2491 τ
292 2449 583 2504 famamque
592 2450 851 2502 pallentem
862 2461 1040 2500 pauens
1051 2462 1107 2490 ac

213 2510 431 2561 trepidus,
448 2504 692 2548 Hofmann.
705 2502 987 2563 Peerlkamp.
1000 2504 1106 2559 ssa-

213 2580 434 2621 mamque
450 2566 635 2618 pallens
657 2570 701 2605 et
724 2563 945 2615 trepidus.
981 2562 1105 2617 Quid

214 2625 377 2673 multa,
408 2619 715 2679 explicandum
744 2628 809 2662 est
832 2635 934 2665 cum
960 2618 1104 2663 Ober-

215 2681 337 2724 lino:
364 2679 511 2729 fama,
543 2693 656 2736 quae
682 2677 888 2721 homines
914 2676 1105 2734 pallidos

214 2737 386 2790 reddin
419 2734 550 2794 pallet
578 2743 757 2785 orator,
792 2735 1000 2778 Oberlin.
1031 2733 1107 2777 in-

217 2794 334 2853 quit,
363 2809 501 2852 quum
525 2793 693 2850 populo
714 2792 945 2851 displicet,
969 2807 1108 2849 quum

218 2852 333 2895 male
365 2867 462 2894 rem
498 2850 636 2908 egisse
663 2850 861 2895 videtur.
921 2850 999 2894 Sic
1025 2865 1108 2892 cu-

219 2923 332 2965 rae,
367 2909 522 2951 morbi
538 2910 793 2963 pallentes.

611 2991 867 3035 Heumann.
914 2991 1111 3037 coniecit

220 3052 436 3100 anhelus,
459 3049 584 3107 quod
604 3050 871 3094 adiectivum
894 3049 989 3095 fere
1009 3066 1112 3108 poe·

220 3110 360 3152 ticum
388 3117 469 3150 est.

276 2995 529 3035 anhelans.

281 3198 619 3234 testamentum
651 3205 737 3244 pro
770 3193 963 3246 pignore
996 3191 1115 3234 scri-

224 3253 348 3294 bam.
388 3249 700 3291 Hexametrum
723 3249 891 3291 notavit
905 3249 972 3294 10.
986 3249 1114 3292 Bam·

223 3307 382 3352 banius
406 3307 450 3349 in
473 3306 647 3348 Fabric.
664 3305 875 3349 Biblioth.
897 3308 970 3350 lat.
987 3305 1041 3351 Τ.
1059 3306 1113 3350 11.

226 3382 269 3423 p.
287 3363 386 3406 389.
409 3379 532 3422 sqq„
565 3362 675 3405 alios
700 3378 749 3403 ex
771 3362 911 3405 Taciti
936 3378 1116 3423 quoque

224 3419 402 3478 scriptis
426 3420 622 3477 exempla
648 3418 829 3476 collegit
849 3419 950 3463 Car.
968 3419 1115 3463 Funk.

224 3479 299 3520 in:
330 3478 578 3528 Matthias,
600 3479 971 3529 paedagogische
997 3495 1040 3520 u.
1065 3480 1118 3521 h·-

227 3536 481 3578 terarische
499 3534 863 3586 Micaeheilungen.
892 3535 965 3578 ΙΙΙ.
986 3552 1030 3602 p.
1047 3536 1116 3579 82.

229 3593 369 3636 -e-88.
431 3593 545 3642 Res,
578 3607 710 3651 quam
739 3591 880 3647 tangit
911 3603 1120 3652 scriptor,

1162 1015 1267 1059 satis
1288 1029 1414 1059 nunc
1436 1021 1542 1056 nota
1562 1019 1644 1056 est.
1683 1011 1918 1072 Principes
1935 1013 2057 1058 enim

1163 1071 1357 1115 Romani
1375 1071 1487 1114 adeo
1506 1069 1691 1113 fuerunt
1707 1070 1826 1113 avari
1841 1079 1885 1114 et
1901 1072 2058 1115 crude·

1163 1130 1253 1182 les,
1300 1137 1350 1172 ut
1380 1136 1670 1178 testamenta,
1706 1127 1753 1170 in
1780 1127 1941 1185 quibus
1973 1129 2059 1187 ipsi

1163 1186 1350 1231 heredes
1381 1201 1478 1229 non
1515 1182 1669 1242 scripti
1705 1193 1854 1237 erant,
1892 1188 2060 1229 rescin-

1166 1246 1337 1293 derent,
1357 1259 1500 1301 eoque
1522 1240 1766 1290 efficerent,
1788 1250 1836 1285 ut
1856 1241 2062 1343 plerique

1166 1300 1414 1346 securitatis
1447 1315 1576 1344 causa
1611 1306 1653 1341 et
1686 1298 1742 1342 ad
1773 1307 1943 1356 partem
2009 1317 2059 1343 e-

1167 1358 1368 1403 reditatis
1394 1357 1486 1400 suis
1514 1356 1782 1400 servandam
1806 1356 2061 1416 principem

1167 1415 1491 1461 adscriberent.
1560 1413 1766 1457 Notabile
1799 1423 1864 1458 est
1896 1414 2061 1458 Taciti-

1169 1489 1280 1516 num
1306 1472 1419 1515 illud
1439 1470 1590 1529 Agric.
1614 1486 1654 1515 c.
1680 1469 1751 1514 43.
1774 1486 1806 1513 a
1826 1475 1944 1514 bono
1967 1489 2062 1527 pa-

1169 1540 1242 1574 tre
1274 1544 1374 1572 non
1411 1529 1549 1572 scribi
1579 1530 1800 1570 heredem
1832 1531 1928 1572 nisi
1954 1546 2062 1573 ma·

1169 1591 1268 1631 lum
1301 1587 1590 1642 principem3
1628 1585 1826 1643 exempla
1855 1588 2064 1646 suppedi·
2093 1634 2095 1647 Ι

1170 1652 1267 1688 tant
1288 1643 1435 1688 Tacit.
1460 1646 1544 1686 An.
1568 1641 1636 1694 16,
1661 1644 1727 1685 11.
1754 1641 1822 1687 17.
1841 1643 1914 1688 19.
1955 1645 2066 1690 Sue·

1171 1711 1265 1746 ton.
1292 1701 1413 1744 Nero
1438 1716 1480 1744 c.
1505 1698 1575 1743 32.
1605 1698 1784 1744 Domit.
1809 1715 1849 1744 c.
1875 1701 1945 1746 12.
1988 1699 2063 1748 Cf.

1171 1760 1292 1803 Plin.
1312 1758 1537 1816 Panegyr.
1566 1771 1607 1801 c.
1628 1756 1701 1805 43,
1727 1759 1793 1800 1.=
1825 1758 1878 1800 in
1901 1763 2067 1805 eodem

1170 1821 1340 1873 genere
1358 1817 1625 1872 ponendum
1647 1821 1741 1870 est,
1776 1818 1901 1872 quod
1922 1825 2065 1862 testa-

1172 1883 1337 1918 menta
1373 1879 1543 1915 nostra
1585 1886 1751 1916 secura
1793 1881 1930 1919 sunt:
1983 1890 2070 1920 neo

1174 1947 1272 1975 una
1296 1931 1507 1974 omnium
1520 1960 1533 1978 ,
1570 1944 1693 1973 nuno
1714 1930 1828 1986 quia
1840 1932 2065 1991 ἐει-φίας,

1173 2005 1295 2032 nunc
1319 1991 1429 2045 quia
1452 2001 1545 2029 non
1571 1988 1798 2044 scriptus,
1833 1991 1971 2034 heres
2002 2005 2064 2036 es.

1230 2105 1508 2160 quandoque
1529 2100 1707 2158 fatalis
1730 2110 1778 2145 et
1803 2118 1940 2147 meus
1963 2106 2069 2150 dies

1174 2161 1348 2203 veniat.
1396 2157 1497 2202 MS.
1509 2158 1648 2216 Neap.
1670 2164 1857 2214 quando
1873 2163 1997 2206 enim
2009 2191 2071 2200 —

1176 2218 1246 2262 ed.
1278 2215 1396 2274 Spir.
1428 2217 1492 2271 [et
1526 2217 1628 2260 cod.
1654 2216 1817 2274 Fara-J
1849 2225 2070 2276 quando-

1177 2273 2068 2389 ‘0⁷⁸5ssfi's'i'ss'sseqfeid’sssssilissgfi233233*

1178 2393 1233 2432 ad
1266 2388 1429 2445 Quint.
1457 2387 1568 2434 lnst.
1596 2404 1664 2432 or.
1686 2389 1728 2439 8,
1752 2389 1794 2446 8,
1818 2390 1863 2434 6.
1896 2399 1939 2436 et
1970 2401 2071 2439 not.

1178 2462 1324 2489 meam
1346 2445 1400 2489 ad
1423 2445 1513 2488 An.
1533 2447 1570 2493 1,
1585 2447 1651 2498 6.)
1667 2477 1680 2496 ‚
1711 2447 1766 2490 ab
1790 2448 1895 2493 edd.
1923 2451 2072 2494 omni·

1179 2506 1262 2548 bus
1287 2505 1332 2546 in
1356 2507 1723 2561 quandocunque
1743 2515 1963 2551 mutatum
1986 2518 2070 2555 est.

1181 2561 1476 2618 Quandoque
1535 2576 1560 2605 a
1594 2562 1919 2619 scriptoribus
1985 2581 2072 2624 pm

1178 2621 1543 2675 quandocunque
1576 2617 1665 2662 dici
1696 2628 1740 2662 et
1769 2636 1904 2679 supra
1933 2622 2072 2666 docui

1178 2676 1234 2720 ad
1267 2678 1355 2719 An.
1388 2678 1426 2726 1,
1452 2675 1497 2719 6.
1532 2683 1575 2717 et
1608 2675 1672 2718 lar
1703 2686 1726 2718 a
1759 2677 2072 2736 exemplorum

1180 2733 1328 2834 ‹lzopi2a4
1343 2733 1641 2832 osgtendgtiun‘tl
1694 2741 1861 2834 ntgpr.
1897 2736 1954 2804 ad
1977 2737 2073 2803 laiv-

1183 2821 1355 2893 &sami
1377 2856 1419 2890 et
1431 2821 1576 2890 brell:
1594 2847 1637 2890 id
1655 2801 2075 2903 ravenii-tuenssgd'iffi

1181 2904 1342 2961 reliqui
1376 2903 1424 2947 in
1463 2907 1827 2963 quandocunque
1859 2923 2077 2966 perseve-

1182 2971 1298 3007 rant.
1313 2985 1369 2994 -
1385 2961 1562 3004 Deinde
1578 2962 1788 3006 Pithoeus
1809 2971 1852 3006 et
1868 2965 2076 3017 Cuiacius

1184 3019 1390 3076 copulam
1425 3026 1469 3061 et
1502 3019 1778 3070 omiserunt,
1821 3023 1941 3080 quod
1975 3022 2075 3067 ficri

1183 3093 1313 3137 posse
1356 3076 1489 3121 docet
1531 3075 1734 3136 inscript.
1777 3080 1895 3137 apud
1931 3079 2076 3125 Orell.

1187 3151 1259 3178 nr.
1282 3133 1437 3185 4777„
1475 3134 1520 3176 in
1552 3150 1640 3195 qua
1675 3137 1744 3178 Ιιιό
1774 3144 1884 3179 tuus
1899 3136 2078 3193 fatalis

1187 3194 1284 3234 dies
1327 3191 1505 3250 legitur.
1567 3191 1660 3234 Sed
1705 3202 1950 3253 utrumque
1993 3210 2074 3254 per

1189 3265 1234 3292 se
1273 3258 1395 3292 recte
1427 3248 1615 3301 dicitur,
1667 3259 1711 3294 et
1755 3250 2077 3295 coniunctione

1189 3322 1238 3350 ea
1272 3306 1363 3348 vim
1400 3307 1622 3363 quandam
1661 3318 1794 3367 atque
1829 3307 2076 3367 emphasim

1188 3363 1385 3430 scriptor
1407 3375 1626 3431 spectasse
1650 3366 1837 3432 videtur.
1869 3388 1929 3400 --
1986 3365 2078 3410 De-

1188 3422 2077 3535 F÷}‡3.1”631?50.5⁵21'flzdffiffalltzssz

1188 3537 1234 3579 in
1269 3535 1370 3578 edd.
1401 3535 1592 3580 Seebod.
1614 3536 1788 3581 Dronk.
1822 3545 1866 3580 et
1888 3536 2078 3593 Osajn„

1192 3601 1340 3646 recte,
1388 3592 1570 3653 opinon
1653 3593 1769 3640 Vide
1809 3594 2078 3641 Ramshorn.
