2150 4022
560 304 1090 368 DIALOGUS.
1174 305 1371 366 CAP.
1412 309 1516 368 21.

1829 303 1956 365 313

118 453 304 500 torem
351 449 410 497 et
460 435 834 494 altitudinem
881 431 1099 492 horum
1150 445 1481 513 temporum
1532 430 1958 509 adgnoscimus.

121 525 320 584 sordes
345 533 539 580 autem
566 521 704 578 illae
730 521 1052 578 verborum
1087 529 1143 576 et
1174 515 1731 594 hianscompositio
1768 530 1826 578 et
1857 519 1959 576 in-

112 608 346 669 conditi
395 625 598 664 sensus
643 606 915 663 redolent
960 603 1396 680 antiquitatem:
1459 624 1567 660 nec
1603 623 1960 682 quemquam

118 696 264 753 adeo
299 692 700 770 antiquarium
730 702 874 767 puto
889 736 906 761 ‚
954 701 1023 748 ut
1047 686 1317 746 Coelium
1354 709 1423 745 ex
1454 709 1518 745 ea
1547 701 1711 763 parte
1740 690 1959 760 laudet,

120 799 237 857 qua
260 778 538 855 antiquus
562 788 664 836 est.

749 774 1153 834 Concedamus
1176 793 1314 829 sane
1339 771 1404 829 C.
1417 769 1654 831 Caesari
1671 819 1688 843 ‚
1729 785 1797 832 ut
1817 794 1960 850 pro-

119 875 250 940 pter
283 861 750 937 magnitudinem
788 860 1206 934 cogitationum
1237 869 1293 915 et
1317 858 1728 933 occupationes
1754 879 1958 917 rerum

119 950 186 1027 in
211 947 544 1025 eloquentia
569 967 694 1003 non
719 946 1003 1016 effecerit,
1031 964 1180 1021 quae
1206 943 1475 1000 divinum
1505 942 1630 1000 eius
1654 943 1973 1018 ingenium·
2018 968 2020 970 ’

119 1034 452 1111 postulabat
466 1056 478 1090 ε

121 1281 516 1381 Riadgnoscimus.
594 1279 714 1325 Edd.
750 1280 868 1340 Spir.
899 1279 1004 1324 Put.

183 1354 221 1383 v.
241 1352 564 1394 agnoscemus.

179 1424 348 1465 sordes
369 1429 528 1464 autem
551 1422 661 1465 illae
687 1423 872 1465 verbor.
931 1419 1008 1465 Sic

121 1477 258 1523 MSS.
294 1477 435 1538 Neap.
471 1487 514 1523 et
553 1479 652 1522 Vat.
684 1476 840 1532 4498„
890 1479 1009 1522 unde

121 1550 225 1580 rece
257 1543 389 1579 erunt
415 1534 607 1581 Seebod.
641 1535 817 1580 Dronk.
837 1535 1011 1580 Osann.

125 1592 267 1637 Orel.
309 1591 471 1645 [Bekk.
518 1601 560 1637 et
602 1593 898 1649 Boetticher.]
951 1616 1009 1626 -

125 1649 194 1692 ed.
230 1649 348 1708 Spir.
383 1655 544 1694 sordes
575 1658 737 1693 autem
771 1660 816 1694 et
846 1652 1012 1694 verbo-

123 1719 231 1749 rum
268 1733 325 1743 --
364 1706 610 1752 ῬυῑεοΙεῐι.
652 1715 696 1750 et
737 1707 912 1757 omisit,
968 1717 1011 1752 et

123 1763 228 1808 inde
261 1762 308 1807 in
338 1765 549 1808 omnibus
583 1764 710 1808 libris
752 1763 903 1817 [etiam
942 1766 1011 1811 ed.

124 1821 262 1879 Rup.]
289 1825 449 1866 sordes
470 1829 634 1866 autem
656 1825 905 1865 verborum
932 1839 1028 1868 ex-.

125 1893 327 1937 pressum
353 1888 436 1924 est.

182 1963 324 2005 hians
381 1963 674 2017 compositio.
764 1962 1012 2022 Corruptae

125 2027 230 2062 sunt
250 2020 354 2063 edd.
374 2019 491 2079 Spir.
516 2020 618 2063 Put.
642 2018 746 2065 Riv.
768 2019 872 2064 Ber.
892 2022 1012 2074 Alc..

126 2091 238 2133 quae
282 2075 488 2120 exhibent
532 2078 688 2120 hiatus
727 2082 1011 2133 compositio,

125 2133 247 2190 quod
269 2134 508 2177 Rhenanus
528 2132 595 2189 (in
615 2135 782 2193 castig.)
805 2137 1011 2182 correxit.

127 2192 308 2251 Spectat
330 2191 387 2234 ad
411 2191 684 2248 inaequalia,
706 2193 876 2245 soluta,
899 2195 1013 2239 male

127 2248 406 2293 cohaerentia
447 2251 610 2299 verba,
661 2256 712 2292 ut
758 2251 875 2308 apud
915 2251 1013 2296 Cic.

128 2314 240 2350 orat.
267 2322 309 2350 c.
329 2306 371 2358 9,
397 2305 468 2349 32.
502 2308 672 2348 mutila
702 2312 936 2362 quaedam
969 2317 1014 2351 et

129 2364 310 2405 hiantia
333 2363 476 2405 locuti
496 2371 621 2407 sunt.
651 2385 708 2395 --
766 2363 860 2408 Pro
883 2369 1013 2408 redo-

127 2423 228 2463 lent
248 2419 348 2463 MS.
361 2417 498 2477 Neap.
517 2423 725 2462 reddent.
756 2449 815 2458 -
872 2422 1013 2466 Paulo

128 2485 232 2536 post
253 2476 430 2521 Schulz.
459 2478 750 2520 concedimus
771 2478 908 2523 edidit
931 2496 1013 2538 pro

129 2539 453 2581 concedamus.

219 2619 599 2673 magnitudinem
666 2619 1015 2674 cogitationum.

131 2675 246 2720 Edd.
303 2684 405 2720 ante
452 2675 652 2736 Lipsium
715 2678 1016 2733 cognitionis,-

130 2734 440 2789 cognitionum
483 2734 529 2779 in
573 2736 645 2778 ed..
689 2734 885 2779 Roman.
931 2734 1015 2794 legi

131 2791 315 2835 Modius
335 2791 555 2837 adfirmat.
615 2791 789 2850 Lipsius
808 2793 1016 2836 emenda·

135 2850 195 2892 vit
219 2848 588 2903 cogitationum,
661 2849 750 2893 uod
780 2856 1019 2895 servarunt

132 2921 232 2964 sqq.
257 2914 299 2948 et
324 2909 590 2966 comprobat
665 2907 861 2966 S.Neap.
913 2907 1018 2950 Fre·

133 2979 274 3021 quens
307 2971 455 3007 autem
494 2979 654 3009 eorum
689 2965 1019 3009 vocabulorum

135 3019 429 3080 permutatio,
470 3030 517 3066 ut
541 3022 637 3068 Cic.
672 3022 726 3065 de
760 3030 872 3066 orat.
908 3025 948 3073 1,
979 3021 1021 3072 3,

138 3081 204 3122 10.
248 3076 305 3120 cf.
330 3075 582 3123 Gernhard.
607 3079 662 3123 ad
685 3079 824 3124 offic.
850 3097 893 3136 p.
923 3078 1018 3123 177.

137 3135 449 3190 Cogitationes
487 3137 682 3195 intellige
731 3136 1017 3180 deliberatio·

137 3209 238 3243 nes,
290 3193 664 3246 consultationes,
712 3193 772 3238 cf.
805 3195 1019 3250 Heusing.

134 3250 189 3295 ad
213 3249 371 3306 Nepot.
393 3250 566 3296 Datam.
593 3266 634 3296 c.
656 3252 700 3296 6.
758 3250 917 3295 Vellei.
939 3251 1019 3293 Pa·

137 3317 245 3352 terc-
267 3308 309 3357 2,
335 3308 405 3350 41.
432 3309 752 3362 magnitudine
779 3311 1017 3364 cogitatio-

136 3380 249 3408 num
265 3397 277 3419 ,
319 3367 556 3408 celeritate
576 3366 804 3416 bellandi,
825 3368 1019 3421 patien-

140 3422 208 3464 tia
245 3424 554 3475 periculorum
592 3423 762 3477 Magno
804 3423 874 3465 illi
903 3427 1016 3467 Ale-

139 3483 356 3527 xandro,
407 3484 489 3522 sed
533 3482 687 3524 sobrio
729 3495 873 3538 neque
916 3481 1015 3523 ira-

141 3539 288 3579 cundo
302 3566 315 3584 ‚
343 3538 623 3582 simillimus.

199 3638 532 3692 occupationes.

621 3637 695 3684 Sic
748 3637 851 3682 edd.
903 3636 1021 3697 Spir.

566 1044 686 1090 tam
743 1028 940 1089 hercle
999 1050 1177 1108 quam
1237 1025 1489 1087 Brutum
1549 1023 1960 1106 philosophiae

1077 1276 1222 1321 Bhen.
1255 1291 1353 1334 sqq.
1396 1299 1453 1308 -
1510 1277 1825 1332 occupationis
1860 1278 1965 1326 edd.

1078 1335 1183 1379 Put.
1211 1333 1316 1377 Ber.
1341 1333 1439 1378 Riv.
1465 1331 1569 1380 Alc.

1134 1393 1185 1435 in
1205 1392 1470 1447 eloquentia
1487 1405 1584 1433 non
1602 1391 1820 1445 effecerit,
1876 1408 1966 1436 uae

1078 1451 1290 1493 divinum
1343 1457 1431 1492 etc.
1520 1447 1808 1493 correximus
1885 1466 1967 1495 aec

1079 1515 1323 1566 praeeunte
1347 1505 1449 1550 MS.
1473 1504 1613 1562 Neap.
1629 1535 1643 1555 ,
1670 1507 1718 1548 in
1744 1522 1835 1564 quo
1856 1523 1968 1551 cor-

1080 1581 1132 1606 ru
1170 1574 1211 1607 te
1232 1562 1449 1622 scriptum
1475 1571 1538 1611 est
1572 1564 1621 1605 in
1653 1565 1967 1620 eloquentiam

1080 1580 1301 1676 effecerit,
1346 1635 1464 1676 quae
1491 1628 1574 1662 etc.
1600 1623 1637 1662 ῆ
1662 1619 1830 1673 littera,
1875 1637 1967 1680 quo

1082 1686 1255 1725 veteres
1286 1676 1556 1735 compendio
1585 1677 1846 1736 particulam
1880 1695 1966 1723 ne-
1991 1680 1997 1688 ’

1081 1736 1269 1794 gativam
1315 1735 1574 1792 signabant,
1630 1734 1761 1778 facile
1802 1737 1969 1781 mutari

1081 1791 1229 1851 potuit
1252 1790 1300 1834 in
1319 1793 1369 1834 ῆι
1391 1800 1434 1834 et
1458 1807 1561 1835 cum
1582 1792 1866 1851 praecedenti
1885 1809 1991 1848 vo·-

1083 1850 1243 1895 cabulo
1293 1848 1434 1903 iungi.
1516 1847 1586 1892 Cf.
1641 1849 1698 1893 A.
1747 1848 1971 1908 Peyronis

1081 1906 1221 1964 praef.
1253 1906 1307 1949 ad
1341 1905 1440 1950 Cic.
1472 1913 1606 1949 oratt.
1637 1905 1695 1949 fr.
1757 1936 1770 1950 .
1791 1907 1973 1954 Lxxu.

1082 1963 1155 2007 ed.
1197 1962 1342 2007 Beier.
1415 1961 1532 2008 Edd.
1571 1963 1689 2022 Spir.
1765 1979 1828 2008 er.
1865 1964 1971 2012 Ale.

1080 2020 1229 2064 Rhen.
1255 2020 1363 2064 Ald.
1385 2019 1504 2078 Lips.
1532 2030 1574 2063 et
1597 2036 1695 2079 sqq.
1727 2020 1970 2081 pleraeque

1082 2078 1241 2122 minus
1271 2077 1535 2133 eloquentia
1564 2078 1787 2132 effecerit,
1826 2096 1972 2137 quam

1082 2137 1222 2179 divin.
1249 2143 1356 2186 etc„
1404 2151 1515 2192 quae
1548 2137 1774 2180 correctio
1809 2153 1974 2183 neces·

1083 2194 1200 2237 sario
1223 2193 1538 2250 requirebatur
1563 2194 1799 2250 negatione
1830 2196 1972 2243 oblit-

1083 2258 1236 2295 terata.
1293 2250 1382 2292 Sed
1415 2266 1543 2306 aegre
1574 2250 1743 2294 serebat
1765 2255 1813 2295 in
1827 2269 1971 2318 prae-

1085 2324 1181 2365 pos.
1219 2307 1430 2350 omissam
1461 2307 1661 2355 Acidal„
1705 2309 1784 2367 qui
1815 2311 1975 2358 minus

1086 2365 1136 2407 in
1165 2366 1429 2420 eloquentia
1460 2364 1681 2418 effecerit,
1721 2381 1863 2420 quam
1887 2378 1976 2416 etc.

1085 2421 1360 2471 emendavit,
1418 2419 1463 2464 id
1506 2421 1628 2479 quod
1673 2422 1809 2468 MSS.
1850 2424 1971 2472 Vau.

1085 2480 1302 2532 praebent
1334 2485 1377 2520 et
1408 2477 1495 2520 iam
1530 2478 1630 2523 edd.
1662 2478 1767 2524 Put.
1791 2488 1834 2524 et
1854 2481 1976 2538 Riv.,

1085 2534 1345 2578 Acidalium
1366 2551 1411 2577 se
1448 2545 1617 2578 uuntur
1635 2535 1977 2589 Schurzfleisch.

1085 2590 1338 2634 Heumann.
1371 2550 1550 2635 silwiz.
1578 2591 1784 2640 Oberlin.
1815 2605 1858 2641 et
1890 2614 1975 2643 re-

1086 2657 1222 2693 centt.
1310 2649 1361 2691 ld
1421 2649 1658 2694 ferendum
1713 2661 1778 2698 est
1831 2657 1973 2714 magis

1087 2721 1219 2763 quam
1299 2706 1388 2749 uod
1428 2706 1711 2751 coniiciendo
1755 2727 1974 2770 assequu-

1087 2773 1157 2807 tus
1186 2772 1251 2807 est
1324 2764 1490 2807 u'etius:
1541 2767 1801 2821 eloquentia
1834 2771 1972 2825 efful-

1086 2823 1203 2863 serit
1262 2821 1333 2865 vel
1393 2824 1676 2877 eloquentiae
1731 2826 1976 2881 suffecerit.

1086 2878 1140 2931 [l.
1183 2877 1369 2922 Belxker.
1420 2878 1655 2938 adscripsit
1705 2881 1851 2928 haec:
1894 2886 1976 2947 ‘F,

1089 2949 1250 2978 rerum
1302 2938 1350 2978 in
1390 2939 1734 2993 ueloquentiam
1777 2942 1977 2997 effecerit

1090 3007 1232 3048 quae;
1259 2993 1378 3035 unde
1399 2992 1446 3035 in
1467 3009 1522 3037 eo
1545 2996 1726 3054 quoque
1743 2996 1861 3043 libro
1883 3017 1978 3048 esse

1090 3053 1136 3093 in
1162 3051 1422 3106 eloquentia
1452 3066 1548 3093 non
1580 3054 1700 3110 effec.
1724 3057 1976 3116 coniicias]

1090 3106 1336 3150 Consimile
1379 3108 1598 3153 iudicium
1641 3110 1835 3168 Quintil.
1877 3116 1980 3159 tulit

1090 3165 1197 3207 Inst.
1232 3180 1296 3207 or.
1337 3166 1404 3214 10,
1441 3167 1478 3214 1,
1512 3168 1608 3210 114.
1646 3171 1693 3211 C.
1731 3168 1907 3215 Caesar
1938 3175 1984 3217 si

1077 3222 1194 3279 soro
1227 3229 1412 3265 tantum
1446 3233 1660 3267 vacasset
1675 3257 1688 3281 ‚
1727 3242 1821 3270 non
1853 3231 1977 3275 alius

1090 3294 1154 3321 ex
1182 3280 1358 3322 nostris
1391 3288 1553 3324 contra
1585 3281 1857 3328 Ciceronem
1887 3303 1979 3331 no-

1089 3336 1383 3379 minaretur:
1411 3345 1545 3381 tanta
1566 3340 1615 3382 in
1637 3356 1689 3382 eo
1713 3342 1784 3384 vis
1806 3351 1894 3396 est,
1928 3345 1980 3389 ia

1090 3408 1310 3449 acumen,
1353 3409 1409 3436 ea
1445 3398 1712 3453 concitatio,
1759 3408 1810 3442 ut
1839 3403 1976 3446 illum

1089 3454 1252 3493 eodem
1275 3453 1437 3494 animo
1458 3454 1668 3506 dixisse,
1707 3470 1794 3511 quo
1824 3460 1974 3504 bella·

1091 3509 1178 3563 vit,
1209 3517 1454 3564 appareat.

1148 3586 1250 3622 tam
1285 3582 1435 3622 hercle
1470 3596 1614 3636 quam
1649 3583 1855 3628 Brutum
1892 3595 1977 3635 etc-

1092 3635 1207 3683 Edd.
1245 3652 1401 3682 omnes
1437 3640 1623 3682 hercule
1659 3639 1733 3686 vel
1767 3642 1979 3700 Hercule,
