<?xml version="1.0" encoding="UTF-8"?>
<!DOCTYPE html PUBLIC "-//W3C//DTD XHTML 1.0 Transitional//EN"
    "http://www.w3.org/TR/xhtml1/DTD/xhtml1-transitional.dtd">
<html xmlns="http://www.w3.org/1999/xhtml" xml:lang="en" lang="en">
 <head>
  <title>
</title>
<meta http-equiv="Content-Type" content="text/html;charset=utf-8" />
  <meta name='ocr-system' content='tesseract 3.04.00' />
  <meta name='ocr-capabilities' content='ocr_page ocr_carea ocr_par ocr_line ocrx_word'/>
</head>
<body>
  <div class='ocr_page' id='page_1' title='image "./operarecensuitet04taciuoft/operarecensuitet04taciuoft_0391.png"; bbox 0 0 2150 4022; ppageno 0'>
   <div class='ocr_carea' id='block_1_1' title="bbox 555 181 1510 270">
    <p class='ocr_par' dir='ltr' id='par_1_1' title="bbox 555 181 1510 270">
     <span class='ocr_line' id='line_1_1' title="bbox 555 181 1510 270; baseline 0.007 -26"><span class='ocrx_word' id='word_1_1' title='bbox 555 182 1091 252; x_wconf 75' lang='lat' dir='ltr'>DlALoous.</span> <span class='ocrx_word' id='word_1_2' title='bbox 1175 181 1510 270; x_wconf 68' lang='lat' dir='ltr'>CAR&#39;37.</span> 
     </span>
    </p>
   </div>
   <div class='ocr_carea' id='block_1_2' title="bbox 1828 191 1950 262">
    <p class='ocr_par' dir='ltr' id='par_1_2' title="bbox 1828 191 1950 262">
     <span class='ocr_line' id='line_1_2' title="bbox 1828 191 1950 262; baseline 0.008 -13"><span class='ocrx_word' id='word_1_3' title='bbox 1828 191 1950 262; x_wconf 62' lang='lat'>3275</span> 
     </span>
    </p>
   </div>
   <div class='ocr_carea' id='block_1_3' title="bbox 101 314 1995 565">
    <p class='ocr_par' dir='ltr' id='par_1_3' title="bbox 101 314 1995 565">
     <span class='ocr_line' id='line_1_3' title="bbox 101 314 1947 401; baseline -0.001 -26"><span class='ocrx_word' id='word_1_4' title='bbox 101 331 297 393; x_wconf 72' lang='lat' dir='ltr'>vetera</span> <span class='ocrx_word' id='word_1_5' title='bbox 310 361 339 387; x_wconf 86' lang='lat'>,.</span> <span class='ocrx_word' id='word_1_6' title='bbox 351 336 510 394; x_wconf 63' lang='lat' dir='ltr'>„quae</span> <span class='ocrx_word' id='word_1_7' title='bbox 537 326 594 381; x_wconf 74' lang='lat' dir='ltr'>et</span> <span class='ocrx_word' id='word_1_8' title='bbox 617 315 683 380; x_wconf 76' lang='lat' dir='ltr'>in</span> <span class='ocrx_word' id='word_1_9' title='bbox 710 316 1181 399; x_wconf 63' lang='lat' dir='ltr'>antiquarium</span> <span class='ocrx_word' id='word_1_10' title='bbox 1206 316 1581 385; x_wconf 79' lang='lat' dir='ltr'><strong>bibliothecis</strong></span> <span class='ocrx_word' id='word_1_11' title='bbox 1604 314 1795 401; x_wconf 61' lang='lat' dir='ltr'>‘&#39;1thss</span> <span class='ocrx_word' id='word_1_12' title='bbox 1821 340 1947 393; x_wconf 49' lang='lat' dir='ltr'>maf-</span> 
     </span>
     <span class='ocr_line' id='line_1_4' title="bbox 102 399 1995 471; baseline 0.001 -11"><span class='ocrx_word' id='word_1_13' title='bbox 102 414 245 471; x_wconf 76' lang='lat' dir='ltr'>nent</span> <span class='ocrx_word' id='word_1_14' title='bbox 278 414 335 462; x_wconf 83' lang='lat' dir='ltr'>et</span> <span class='ocrx_word' id='word_1_15' title='bbox 373 422 508 462; x_wconf 77' lang='lat' dir='ltr'>cum</span> <span class='ocrx_word' id='word_1_16' title='bbox 540 401 792 460; x_wconf 83' lang='lat' dir='ltr'>maxime</span> <span class='ocrx_word' id='word_1_17' title='bbox 830 422 864 461; x_wconf 83' lang='lat' dir='ltr'>a</span> <span class='ocrx_word' id='word_1_18' title='bbox 895 401 1176 471; x_wconf 78' lang='lat' dir='ltr'>Muciano</span> <span class='ocrx_word' id='word_1_19' title='bbox 1211 399 1672 464; x_wconf 70' lang='lat' dir='ltr'>contrahuntur:</span> <span class='ocrx_word' id='word_1_20' title='bbox 1728 425 1793 469; x_wconf 77' lang='lat' dir='ltr'>ae</span> <span class='ocrx_word' id='word_1_21' title='bbox 1826 404 1943 469; x_wconf 82' lang='lat' dir='ltr'>iam</span> <span class='ocrx_word' id='word_1_22' title='bbox 1992 429 1995 437; x_wconf 51' lang='lat'><strong>²</strong></span> 
     </span>
     <span class='ocr_line' id='line_1_5' title="bbox 101 483 1944 565; baseline 0 -21"><span class='ocrx_word' id='word_1_23' title='bbox 101 487 409 563; x_wconf 63' lang='lat' dir='ltr'>undecim,</span> <span class='ocrx_word' id='word_1_24' title='bbox 461 497 528 543; x_wconf 87' lang='lat' dir='ltr'>ut</span> <span class='ocrx_word' id='word_1_25' title='bbox 558 486 800 561; x_wconf 82' lang='lat' dir='ltr'>opinor,</span> <span class='ocrx_word' id='word_1_26' title='bbox 842 483 1127 546; x_wconf 84' lang='lat' dir='ltr'>Actorum</span> <span class='ocrx_word' id='word_1_27' title='bbox 1153 487 1322 547; x_wconf 86' lang='lat' dir='ltr'>libris</span> <span class='ocrx_word' id='word_1_28' title='bbox 1352 502 1407 547; x_wconf 86' lang='lat' dir='ltr'>et</span> <span class='ocrx_word' id='word_1_29' title='bbox 1436 490 1623 549; x_wconf 86' lang='lat' dir='ltr'>tribus</span> <span class='ocrx_word' id='word_1_30' title='bbox 1647 483 1944 565; x_wconf 72' lang='lat' dir='ltr'>Epistola-</span> 
     </span>
    </p>
   </div>
   <div class='ocr_carea' id='block_1_4' title="bbox 102 571 1110 646">
    <p class='ocr_par' dir='ltr' id='par_1_4' title="bbox 102 571 1110 646">
     <span class='ocr_line' id='line_1_6' title="bbox 102 571 1110 646; baseline -0.001 -17"><span class='ocrx_word' id='word_1_31' title='bbox 102 594 236 636; x_wconf 81' lang='lat' dir='ltr'>rum</span> <span class='ocrx_word' id='word_1_32' title='bbox 279 571 606 646; x_wconf 64' lang='lat' dir='ltr'>eomposita</span> <span class='ocrx_word' id='word_1_33' title='bbox 655 571 911 628; x_wconf 79' lang='lat' dir='ltr'>et¹edita</span> <span class='ocrx_word' id='word_1_34' title='bbox 955 584 1110 633; x_wconf 81' lang='lat' dir='ltr'>sunt.</span> 
     </span>
    </p>
   </div>
   <div class='ocr_carea' id='block_1_5' title="bbox 1207 574 1946 653">
    <p class='ocr_par' dir='ltr' id='par_1_5' title="bbox 1207 574 1946 653">
     <span class='ocr_line' id='line_1_7' title="bbox 1207 574 1946 653; baseline 0.007 -25"><span class='ocrx_word' id='word_1_35' title='bbox 1207 593 1273 629; x_wconf 80' lang='lat' dir='ltr'>ex</span> <span class='ocrx_word' id='word_1_36' title='bbox 1315 574 1387 633; x_wconf 86' lang='lat' dir='ltr'>iis</span> <span class='ocrx_word' id='word_1_37' title='bbox 1438 574 1690 648; x_wconf 81' lang='lat' dir='ltr'>intelligi</span> <span class='ocrx_word' id='word_1_38' title='bbox 1739 585 1946 653; x_wconf 80' lang='lat' dir='ltr'>potest,</span> 
     </span>
    </p>
   </div>
   <div class='ocr_carea' id='block_1_6' title="bbox 102 643 1951 907">
    <p class='ocr_par' dir='ltr' id='par_1_6' title="bbox 102 643 1951 907">
     <span class='ocr_line' id='line_1_8' title="bbox 102 643 1951 734; baseline 0.002 -23"><span class='ocrx_word' id='word_1_39' title='bbox 102 657 213 734; x_wconf 76' lang='lat' dir='ltr'>Cn.</span> <span class='ocrx_word' id='word_1_40' title='bbox 229 643 579 732; x_wconf 73' lang='lat' dir='ltr'>Pompeium</span> <span class='ocrx_word' id='word_1_41' title='bbox 610 667 665 711; x_wconf 80' lang='lat' dir='ltr'>et</span> <span class='ocrx_word' id='word_1_42' title='bbox 690 654 961 715; x_wconf 74' lang='lat' dir='ltr'>Marcum</span> <span class='ocrx_word' id='word_1_43' title='bbox 985 649 1260 718; x_wconf 65' lang='lat' dir='ltr'>Crassum</span> <span class='ocrx_word' id='word_1_44' title='bbox 1286 679 1409 714; x_wconf 89' lang='lat' dir='ltr'>non</span> <span class='ocrx_word' id='word_1_45' title='bbox 1436 659 1663 716; x_wconf 87' lang='lat' dir='ltr'>viribus</span> <span class='ocrx_word' id='word_1_46' title='bbox 1688 661 1863 726; x_wconf 81' lang='lat' dir='ltr'>modo</span> <span class='ocrx_word' id='word_1_47' title='bbox 1892 671 1951 716; x_wconf 85' lang='lat' dir='ltr'>et</span> 
     </span>
     <span class='ocr_line' id='line_1_9' title="bbox 104 738 1950 822; baseline 0.002 -25"><span class='ocrx_word' id='word_1_48' title='bbox 104 744 304 815; x_wconf 80' lang='lat' dir='ltr'>armis,</span> <span class='ocrx_word' id='word_1_49' title='bbox 315 743 433 816; x_wconf 55' lang='lat'>&gt;⁵⁸:11</span> <span class='ocrx_word' id='word_1_50' title='bbox 461 741 695 814; x_wconf 81' lang='lat' dir='ltr'>ingenio</span> <span class='ocrx_word' id='word_1_51' title='bbox 725 738 959 822; x_wconf 81' lang='lat' dir='ltr'>quoque</span> <span class='ocrx_word' id='word_1_52' title='bbox 984 755 1039 803; x_wconf 82' lang='lat' dir='ltr'>et</span> <span class='ocrx_word' id='word_1_53' title='bbox 1063 743 1326 803; x_wconf 83' lang='lat' dir='ltr'>oratione</span> <span class='ocrx_word' id='word_1_54' title='bbox 1355 744 1631 800; x_wconf 82' lang='lat' dir='ltr'>valuisse:</span> <span class='ocrx_word' id='word_1_55' title='bbox 1660 743 1950 801; x_wconf 84' lang='lat' dir='ltr'><strong>Lentulos</strong></span> 
     </span>
     <span class='ocr_line' id='line_1_10' title="bbox 104 824 1949 907; baseline 0.002 -24"><span class='ocrx_word' id='word_1_56' title='bbox 104 839 162 901; x_wconf 76' lang='lat' dir='ltr'>et</span> <span class='ocrx_word' id='word_1_57' title='bbox 197 827 474 899; x_wconf 79' lang='lat' dir='ltr'>Metellos</span> <span class='ocrx_word' id='word_1_58' title='bbox 503 838 572 891; x_wconf 58' lang='lat' dir='ltr'>&gt;et</span> <span class='ocrx_word' id='word_1_59' title='bbox 612 824 894 891; x_wconf 83' lang='lat' dir='ltr'>Lucullos</span> <span class='ocrx_word' id='word_1_60' title='bbox 939 838 994 907; x_wconf 86' lang='lat' dir='ltr'>et</span> <span class='ocrx_word' id='word_1_61' title='bbox 1030 826 1319 888; x_wconf 83' lang='lat' dir='ltr'>Curiones</span> <span class='ocrx_word' id='word_1_62' title='bbox 1360 840 1415 886; x_wconf 86' lang='lat' dir='ltr'>et</span> <span class='ocrx_word' id='word_1_63' title='bbox 1453 841 1699 885; x_wconf 83' lang='lat' dir='ltr'>ceteram</span> <span class='ocrx_word' id='word_1_64' title='bbox 1739 850 1949 905; x_wconf 72' lang='lat' dir='ltr'>proce-</span> 
     </span>
    </p>
   </div>
   <div class='ocr_carea' id='block_1_7' title="bbox 103 1039 993 1442">
    <p class='ocr_par' dir='ltr' id='par_1_7' title="bbox 103 1039 993 1442">
     <span class='ocr_line' id='line_1_11' title="bbox 104 1039 993 1094; baseline -0.006 -7"><span class='ocrx_word' id='word_1_65' title='bbox 104 1046 317 1094; x_wconf 66' lang='lat' dir='ltr'>n&#39;os&#39;tro&#39;eg</span> <span class='ocrx_word' id='word_1_66' title='bbox 351 1040 593 1084; x_wconf 82' lang='lat' dir='ltr'>Rhenanus</span> <span class='ocrx_word' id='word_1_67' title='bbox 619 1039 866 1083; x_wconf 76' lang='lat' dir='ltr'>emendavit</span> <span class='ocrx_word' id='word_1_68' title='bbox 891 1040 993 1082; x_wconf 83' lang='lat' dir='ltr'>satis</span> 
     </span>
     <span class='ocr_line' id='line_1_12' title="bbox 103 1099 991 1159; baseline -0.007 -15"><span class='ocrx_word' id='word_1_69' title='bbox 103 1104 336 1159; x_wconf 71' lang='lat' dir='ltr'>yutgarem</span> <span class='ocrx_word' id='word_1_70' title='bbox 376 1114 606 1148; x_wconf 77' lang='lat' dir='ltr'>errorem,</span> <span class='ocrx_word' id='word_1_71' title='bbox 649 1106 690 1140; x_wconf 84' lang='lat' dir='ltr'>et</span> <span class='ocrx_word' id='word_1_72' title='bbox 727 1107 910 1145; x_wconf 71' lang='lat' dir='ltr'>vestras</span> <span class='ocrx_word' id='word_1_73' title='bbox 947 1099 991 1139; x_wconf 91' lang='lat' dir='ltr'>in</span> 
     </span>
     <span class='ocr_line' id='line_1_13' title="bbox 104 1154 993 1215; baseline -0.006 -15"><span class='ocrx_word' id='word_1_74' title='bbox 104 1154 208 1202; x_wconf 89' lang='lat' dir='ltr'>MS.</span> <span class='ocrx_word' id='word_1_75' title='bbox 253 1157 394 1215; x_wconf 85' lang='lat' dir='ltr'>Neap.</span> <span class='ocrx_word' id='word_1_76' title='bbox 441 1164 519 1197; x_wconf 82' lang='lat' dir='ltr'>est.</span> <span class='ocrx_word' id='word_1_77' title='bbox 572 1183 630 1190; x_wconf 90' lang='lat'>—-</span> <span class='ocrx_word' id='word_1_78' title='bbox 710 1154 851 1196; x_wconf 86' lang='lat' dir='ltr'>Paulo</span> <span class='ocrx_word' id='word_1_79' title='bbox 894 1163 993 1211; x_wconf 82' lang='lat' dir='ltr'>post</span> 
     </span>
     <span class='ocr_line' id='line_1_14' title="bbox 104 1212 991 1260; baseline -0.007 0"><span class='ocrx_word' id='word_1_80' title='bbox 104 1213 444 1260; x_wconf 77' lang='lat' dir='ltr'>Schurzfleisch.</span> <span class='ocrx_word' id='word_1_81' title='bbox 473 1212 608 1255; x_wconf 83' lang='lat' dir='ltr'>haesit</span> <span class='ocrx_word' id='word_1_82' title='bbox 631 1212 677 1255; x_wconf 91' lang='lat' dir='ltr'>in</span> <span class='ocrx_word' id='word_1_83' title='bbox 703 1219 860 1254; x_wconf 80' lang='lat' dir='ltr'>uetera</span> <span class='ocrx_word' id='word_1_84' title='bbox 893 1213 923 1254; x_wconf 93' lang='lat' dir='ltr'>i.</span> <span class='ocrx_word' id='word_1_85' title='bbox 950 1227 991 1254; x_wconf 89' lang='lat' dir='ltr'>e.</span> 
     </span>
     <span class='ocr_line' id='line_1_15' title="bbox 105 1270 993 1332; baseline -0.006 -16"><span class='ocrx_word' id='word_1_86' title='bbox 105 1273 293 1332; x_wconf 72' lang='lat' dir='ltr'>scripta,</span> <span class='ocrx_word' id='word_1_87' title='bbox 328 1281 425 1327; x_wconf 75' lang='lat' dir='ltr'>aeta</span> <span class='ocrx_word' id='word_1_88' title='bbox 455 1271 625 1327; x_wconf 87' lang='lat' dir='ltr'>aliaque</span> <span class='ocrx_word' id='word_1_89' title='bbox 658 1270 702 1312; x_wconf 92' lang='lat' dir='ltr'>id</span> <span class='ocrx_word' id='word_1_90' title='bbox 733 1285 902 1326; x_wconf 77' lang='lat' dir='ltr'>genus,</span> <span class='ocrx_word' id='word_1_91' title='bbox 950 1278 993 1311; x_wconf 83' lang='lat' dir='ltr'>et</span> 
     </span>
     <span class='ocr_line' id='line_1_16' title="bbox 105 1328 991 1388; baseline -0.006 -15"><span class='ocrx_word' id='word_1_92' title='bbox 105 1347 188 1388; x_wconf 88' lang='lat' dir='ltr'>pro</span> <span class='ocrx_word' id='word_1_93' title='bbox 221 1333 336 1372; x_wconf 78' lang='lat' dir='ltr'>haec</span> <span class='ocrx_word' id='word_1_94' title='bbox 364 1336 521 1371; x_wconf 80' lang='lat' dir='ltr'>vetera</span> <span class='ocrx_word' id='word_1_95' title='bbox 546 1328 739 1372; x_wconf 86' lang='lat' dir='ltr'>coniecit</span> <span class='ocrx_word' id='word_1_96' title='bbox 761 1331 991 1368; x_wconf 74' lang='lat' dir='ltr'>adversa-</span> 
     </span>
     <span class='ocr_line' id='line_1_17' title="bbox 105 1383 989 1442; baseline -0.006 -12"><span class='ocrx_word' id='word_1_97' title='bbox 105 1390 180 1430; x_wconf 80' lang='lat' dir='ltr'>ria</span> <span class='ocrx_word' id='word_1_98' title='bbox 203 1386 516 1436; x_wconf 79' lang='lat' dir='ltr'>scribendum,</span> <span class='ocrx_word' id='word_1_99' title='bbox 558 1383 681 1442; x_wconf 88' lang='lat' dir='ltr'>quod</span> <span class='ocrx_word' id='word_1_100' title='bbox 700 1385 782 1428; x_wconf 69' lang='lat' dir='ltr'>ed.</span> <span class='ocrx_word' id='word_1_101' title='bbox 809 1384 989 1442; x_wconf 86' lang='lat' dir='ltr'>Bipont.</span> 
     </span>
    </p>
   </div>
   <div class='ocr_carea' id='block_1_8' title="bbox 102 1444 356 1501">
    <p class='ocr_par' dir='ltr' id='par_1_8' title="bbox 102 1444 356 1501">
     <span class='ocr_line' id='line_1_18' title="bbox 102 1444 356 1501; baseline -0.016 -11"><span class='ocrx_word' id='word_1_102' title='bbox 102 1444 315 1501; x_wconf 70' lang='lat' dir='ltr'>adripuit.</span> <span class='ocrx_word' id='word_1_103' title='bbox 331 1477 335 1485; x_wconf 71' lang='grc'>,</span> <span class='ocrx_word' id='word_1_104' title='bbox 353 1477 356 1480; x_wconf 81' lang='grc'><strong>.</strong></span> 
     </span>
    </p>
   </div>
   <div class='ocr_carea' id='block_1_9' title="bbox 64 1527 994 3415">
    <p class='ocr_par' dir='ltr' id='par_1_9' title="bbox 64 1527 994 3415">
     <span class='ocr_line' id='line_1_19' title="bbox 117 1527 992 1582; baseline 0.002 -14"><span class='ocrx_word' id='word_1_105' title='bbox 117 1571 125 1575; x_wconf 64' lang='lat'><strong>‚</strong></span> <span class='ocrx_word' id='word_1_106' title='bbox 162 1536 207 1570; x_wconf 78' lang='lat' dir='ltr'>et</span> <span class='ocrx_word' id='word_1_107' title='bbox 229 1529 278 1573; x_wconf 70' lang='lat' dir='ltr'>in</span> <span class='ocrx_word' id='word_1_108' title='bbox 300 1527 679 1582; x_wconf 73' lang='lat' dir='ltr'>antiquariorum</span> <span class='ocrx_word' id='word_1_109' title='bbox 702 1529 992 1579; x_wconf 68' lang='lat' dir='ltr'>bibliothecis,</span> 
     </span>
     <span class='ocr_line' id='line_1_20' title="bbox 107 1583 991 1641; baseline -0.003 -13"><span class='ocrx_word' id='word_1_110' title='bbox 107 1585 180 1629; x_wconf 82' lang='lat' dir='ltr'>Sic</span> <span class='ocrx_word' id='word_1_111' title='bbox 207 1583 339 1627; x_wconf 84' lang='lat' dir='ltr'>MSS.</span> <span class='ocrx_word' id='word_1_112' title='bbox 364 1583 502 1641; x_wconf 83' lang='lat' dir='ltr'>Neap.</span> <span class='ocrx_word' id='word_1_113' title='bbox 530 1583 707 1639; x_wconf 65' lang='lat' dir='ltr'>[Fam]</span> <span class='ocrx_word' id='word_1_114' title='bbox 733 1583 991 1627; x_wconf 81' lang='lat' dir='ltr'>edd.Orell.</span> 
     </span>
     <span class='ocr_line' id='line_1_21' title="bbox 104 1640 992 1696; baseline -0.002 -11"><span class='ocrx_word' id='word_1_115' title='bbox 104 1642 313 1696; x_wconf 75' lang='lat' dir='ltr'>[Bekker.</span> <span class='ocrx_word' id='word_1_116' title='bbox 336 1650 379 1683; x_wconf 88' lang='lat' dir='ltr'>et</span> <span class='ocrx_word' id='word_1_117' title='bbox 397 1640 681 1696; x_wconf 65' lang='lat' dir='ltr'>Boettieber]</span> <span class='ocrx_word' id='word_1_118' title='bbox 703 1665 757 1674; x_wconf 92' lang='lat'>--</span> <span class='ocrx_word' id='word_1_119' title='bbox 796 1642 992 1684; x_wconf 80' lang='lat' dir='ltr'>Schurz-</span> 
     </span>
     <span class='ocr_line' id='line_1_22' title="bbox 106 1698 992 1754; baseline -0.003 -12"><span class='ocrx_word' id='word_1_120' title='bbox 106 1700 275 1743; x_wconf 85' lang='lat' dir='ltr'>fleisch.</span> <span class='ocrx_word' id='word_1_121' title='bbox 300 1698 639 1741; x_wconf 81' lang='lat' dir='ltr'><strong>emendaverat:</strong></span> <span class='ocrx_word' id='word_1_122' title='bbox 685 1715 802 1754; x_wconf 84' lang='lat' dir='ltr'>quae</span> <span class='ocrx_word' id='word_1_123' title='bbox 831 1709 873 1741; x_wconf 77' lang='lat' dir='ltr'>et</span> <span class='ocrx_word' id='word_1_124' title='bbox 897 1713 992 1740; x_wconf 81' lang='lat' dir='ltr'>an-</span> 
     </span>
     <span class='ocr_line' id='line_1_23' title="bbox 107 1756 990 1813; baseline -0.001 -13"><span class='ocrx_word' id='word_1_125' title='bbox 107 1759 416 1812; x_wconf 80' lang='lat' dir='ltr'>tiquariorum</span> <span class='ocrx_word' id='word_1_126' title='bbox 461 1756 689 1810; x_wconf 56' lang='lat' dir='ltr'>biblioth„</span> <span class='ocrx_word' id='word_1_127' title='bbox 744 1756 819 1799; x_wconf 86' lang='lat' dir='ltr'>sed</span> <span class='ocrx_word' id='word_1_128' title='bbox 867 1772 990 1813; x_wconf 85' lang='lat' dir='ltr'>prae-</span> 
     </span>
     <span class='ocr_line' id='line_1_24' title="bbox 105 1811 984 1873; baseline -0.001 -16"><span class='ocrx_word' id='word_1_129' title='bbox 105 1815 268 1873; x_wconf 77' lang='lat' dir='ltr'>positio</span> <span class='ocrx_word' id='word_1_130' title='bbox 313 1811 463 1856; x_wconf 87' lang='lat' dir='ltr'>omitti</span> <span class='ocrx_word' id='word_1_131' title='bbox 512 1812 581 1855; x_wconf 75' lang='lat' dir='ltr'>vix</span> <span class='ocrx_word' id='word_1_132' title='bbox 633 1821 807 1871; x_wconf 83' lang='lat' dir='ltr'>potest;</span> <span class='ocrx_word' id='word_1_133' title='bbox 874 1829 984 1856; x_wconf 85' lang='lat' dir='ltr'>con·</span> 
     </span>
     <span class='ocr_line' id='line_1_25' title="bbox 105 1870 990 1926; baseline -0.001 -12"><span class='ocrx_word' id='word_1_134' title='bbox 105 1873 307 1914; x_wconf 84' lang='lat' dir='ltr'>firmatur</span> <span class='ocrx_word' id='word_1_135' title='bbox 330 1870 464 1913; x_wconf 85' lang='lat' dir='ltr'>etiam</span> <span class='ocrx_word' id='word_1_136' title='bbox 488 1870 591 1913; x_wconf 76' lang='lat' dir='ltr'>MS.</span> <span class='ocrx_word' id='word_1_137' title='bbox 614 1873 715 1915; x_wconf 87' lang='lat' dir='ltr'>Vat.</span> <span class='ocrx_word' id='word_1_138' title='bbox 738 1871 884 1926; x_wconf 67' lang='lat'><strong>1862„</strong></span> <span class='ocrx_word' id='word_1_139' title='bbox 915 1887 990 1914; x_wconf 87' lang='lat' dir='ltr'>eu-</span> 
     </span>
     <span class='ocr_line' id='line_1_26' title="bbox 103 1927 990 1986; baseline -0.008 -13"><span class='ocrx_word' id='word_1_140' title='bbox 103 1929 173 1986; x_wconf 79' lang='lat' dir='ltr'>ius</span> <span class='ocrx_word' id='word_1_141' title='bbox 197 1927 437 1980; x_wconf 78' lang='lat' dir='ltr'>lectionem</span> <span class='ocrx_word' id='word_1_142' title='bbox 459 1942 577 1984; x_wconf 83' lang='lat' dir='ltr'>quae</span> <span class='ocrx_word' id='word_1_143' title='bbox 610 1937 654 1973; x_wconf 81' lang='lat' dir='ltr'>et</span> <span class='ocrx_word' id='word_1_144' title='bbox 685 1931 733 1973; x_wconf 84' lang='lat' dir='ltr'>in</span> <span class='ocrx_word' id='word_1_145' title='bbox 766 1930 990 1984; x_wconf 78' lang='lat' dir='ltr'>antiquo..</span> 
     </span>
     <span class='ocr_line' id='line_1_27' title="bbox 100 1983 989 2047; baseline -0.001 -19"><span class='ocrx_word' id='word_1_146' title='bbox 100 2001 215 2047; x_wconf 61' lang='lat' dir='ltr'>(jum</span> <span class='ocrx_word' id='word_1_147' title='bbox 258 1985 458 2028; x_wconf 75' lang='lat' dir='ltr'>biblioth.</span> <span class='ocrx_word' id='word_1_148' title='bbox 497 1984 675 2031; x_wconf 80' lang='lat' dir='ltr'>Broter.</span> <span class='ocrx_word' id='word_1_149' title='bbox 724 1983 771 2028; x_wconf 51' lang='lat' dir='ltr'>et¹</span> <span class='ocrx_word' id='word_1_150' title='bbox 808 1983 989 2028; x_wconf 71' lang='lat' dir='ltr'>Sizhulz.</span> 
     </span>
     <span class='ocr_line' id='line_1_28' title="bbox 101 2041 989 2101; baseline 0 -16"><span class='ocrx_word' id='word_1_151' title='bbox 101 2043 396 2101; x_wconf 57' lang='lat' dir='ltr'>reeeperunt,</span> <span class='ocrx_word' id='word_1_152' title='bbox 435 2049 476 2089; x_wconf 82' lang='lat' dir='ltr'>et</span> <span class='ocrx_word' id='word_1_153' title='bbox 503 2041 601 2085; x_wconf 91' lang='lat' dir='ltr'>MS.</span> <span class='ocrx_word' id='word_1_154' title='bbox 628 2041 725 2086; x_wconf 77' lang='lat' dir='ltr'>Vat.</span> <span class='ocrx_word' id='word_1_155' title='bbox 750 2042 859 2085; x_wconf 85' lang='lat'>1518</span> <span class='ocrx_word' id='word_1_156' title='bbox 890 2075 902 2093; x_wconf 94' lang='lat'><strong>,</strong></span> <span class='ocrx_word' id='word_1_157' title='bbox 942 2042 989 2086; x_wconf 87' lang='lat' dir='ltr'>iu</span> 
     </span>
     <span class='ocr_line' id='line_1_29' title="bbox 97 2100 989 2160; baseline -0.002 -18"><span class='ocrx_word' id='word_1_158' title='bbox 97 2103 200 2160; x_wconf 69' lang='lat' dir='ltr'>quo</span> <span class='ocrx_word' id='word_1_159' title='bbox 219 2115 338 2156; x_wconf 74' lang='lat' dir='ltr'>quae</span> <span class='ocrx_word' id='word_1_160' title='bbox 363 2102 410 2141; x_wconf 85' lang='lat' dir='ltr'>in</span> <span class='ocrx_word' id='word_1_161' title='bbox 431 2100 738 2154; x_wconf 74' lang='lat' dir='ltr'>antiquorum</span> <span class='ocrx_word' id='word_1_162' title='bbox 759 2101 860 2144; x_wconf 84' lang='lat' dir='ltr'>bibl.</span> <span class='ocrx_word' id='word_1_163' title='bbox 882 2100 989 2145; x_wconf 84' lang='lat' dir='ltr'>seri·</span> 
     </span>
     <span class='ocr_line' id='line_1_30' title="bbox 93 2155 990 2222; baseline -0.003 -21"><span class='ocrx_word' id='word_1_164' title='bbox 93 2161 228 2222; x_wconf 73' lang='lat' dir='ltr'>&#39;ptum</span> <span class='ocrx_word' id='word_1_165' title='bbox 253 2167 332 2207; x_wconf 88' lang='lat' dir='ltr'>est,</span> <span class='ocrx_word' id='word_1_166' title='bbox 359 2156 403 2198; x_wconf 91' lang='lat' dir='ltr'>id</span> <span class='ocrx_word' id='word_1_167' title='bbox 426 2158 546 2213; x_wconf 87' lang='lat' dir='ltr'>quod</span> <span class='ocrx_word' id='word_1_168' title='bbox 564 2157 815 2200; x_wconf 80' lang='lat' dir='ltr'>Heumann.</span> <span class='ocrx_word' id='word_1_169' title='bbox 842 2155 990 2212; x_wconf 81' lang='lat' dir='ltr'>conie-</span> 
     </span>
     <span class='ocr_line' id='line_1_31' title="bbox 104 2214 993 2272; baseline -0.003 -13"><span class='ocrx_word' id='word_1_170' title='bbox 104 2223 230 2266; x_wconf 80' lang='lat' dir='ltr'>ctura</span> <span class='ocrx_word' id='word_1_171' title='bbox 252 2214 423 2256; x_wconf 80' lang='lat' dir='ltr'>dudum</span> <span class='ocrx_word' id='word_1_172' title='bbox 446 2223 736 2272; x_wconf 81' lang='lat' dir='ltr'>proposuerat</span> <span class='ocrx_word' id='word_1_173' title='bbox 758 2223 800 2257; x_wconf 92' lang='lat' dir='ltr'>et</span> <span class='ocrx_word' id='word_1_174' title='bbox 813 2214 993 2257; x_wconf 80' lang='lat' dir='ltr'>Ernest.</span> 
     </span>
     <span class='ocr_line' id='line_1_32' title="bbox 104 2268 992 2328; baseline -0.002 -14"><span class='ocrx_word' id='word_1_175' title='bbox 104 2270 314 2320; x_wconf 87' lang='lat' dir='ltr'>Oberlin.</span> <span class='ocrx_word' id='word_1_176' title='bbox 364 2268 555 2319; x_wconf 81' lang='lat' dir='ltr'>Osanno</span> <span class='ocrx_word' id='word_1_177' title='bbox 607 2270 663 2313; x_wconf 86' lang='lat' dir='ltr'>al.</span> <span class='ocrx_word' id='word_1_178' title='bbox 712 2279 992 2328; x_wconf 83' lang='lat' dir='ltr'>persuaserat</span> 
     </span>
     <span class='ocr_line' id='line_1_33' title="bbox 64 2327 989 2384; baseline -0.004 -12"><span class='ocrx_word' id='word_1_179' title='bbox 64 2360 66 2362; x_wconf 33' lang='lat' dir='ltr'>f</span> <span class='ocrx_word' id='word_1_180' title='bbox 105 2345 198 2383; x_wconf 78' lang='lat' dir='ltr'>esse</span> <span class='ocrx_word' id='word_1_181' title='bbox 218 2327 535 2372; x_wconf 86' lang='lat' dir='ltr'>rectissimum.</span> <span class='ocrx_word' id='word_1_182' title='bbox 595 2327 684 2370; x_wconf 89' lang='lat' dir='ltr'>Sed</span> <span class='ocrx_word' id='word_1_183' title='bbox 708 2330 801 2370; x_wconf 84' lang='lat' dir='ltr'>iure</span> <span class='ocrx_word' id='word_1_184' title='bbox 823 2327 989 2384; x_wconf 83' lang='lat' dir='ltr'>quaesi-</span> 
     </span>
     <span class='ocr_line' id='line_1_34' title="bbox 107 2385 990 2442; baseline -0.005 -13"><span class='ocrx_word' id='word_1_185' title='bbox 107 2388 251 2434; x_wconf 77' lang='lat' dir='ltr'>veris,</span> <span class='ocrx_word' id='word_1_186' title='bbox 293 2385 367 2442; x_wconf 89' lang='lat' dir='ltr'>qui</span> <span class='ocrx_word' id='word_1_187' title='bbox 399 2386 486 2427; x_wconf 86' lang='lat' dir='ltr'>sint</span> <span class='ocrx_word' id='word_1_188' title='bbox 518 2385 720 2442; x_wconf 79' lang='lat' dir='ltr'>antiqui?</span> <span class='ocrx_word' id='word_1_189' title='bbox 765 2401 901 2432; x_wconf 85' lang='lat' dir='ltr'>num,</span> <span class='ocrx_word' id='word_1_190' title='bbox 941 2391 990 2426; x_wconf 88' lang='lat' dir='ltr'>ut</span> 
     </span>
     <span class='ocr_line' id='line_1_35' title="bbox 105 2441 989 2501; baseline -0.002 -15"><span class='ocrx_word' id='word_1_191' title='bbox 105 2443 279 2495; x_wconf 80' lang='lat' dir='ltr'><strong>Osann.</strong></span> <span class='ocrx_word' id='word_1_192' title='bbox 334 2442 569 2501; x_wconf 84' lang='lat' dir='ltr'>opinatur,</span> <span class='ocrx_word' id='word_1_193' title='bbox 634 2441 730 2494; x_wconf 86' lang='lat' dir='ltr'>„ii,</span> <span class='ocrx_word' id='word_1_194' title='bbox 791 2457 989 2499; x_wconf 84' lang='lat' dir='ltr'>quorum</span> 
     </span>
     <span class='ocr_line' id='line_1_36' title="bbox 79 2497 989 2560; baseline -0.005 -15"><span class='ocrx_word' id='word_1_195' title='bbox 79 2502 221 2545; x_wconf 77' lang='lat' dir='ltr'>&#39;aetas</span> <span class='ocrx_word' id='word_1_196' title='bbox 248 2501 299 2552; x_wconf 78' lang='lat' dir='ltr'>ad</span> <span class='ocrx_word' id='word_1_197' title='bbox 326 2501 474 2558; x_wconf 84' lang='lat' dir='ltr'>priora</span> <span class='ocrx_word' id='word_1_198' title='bbox 501 2499 576 2542; x_wconf 91' lang='lat' dir='ltr'>illa</span> <span class='ocrx_word' id='word_1_199' title='bbox 609 2508 837 2560; x_wconf 86' lang='lat' dir='ltr'>tempora,</span> <span class='ocrx_word' id='word_1_200' title='bbox 884 2497 989 2556; x_wconf 90' lang='lat' dir='ltr'>qui-</span> 
     </span>
     <span class='ocr_line' id='line_1_37' title="bbox 106 2555 988 2603; baseline -0.003 -1"><span class='ocrx_word' id='word_1_201' title='bbox 106 2560 189 2603; x_wconf 87' lang='lat' dir='ltr'>bus</span> <span class='ocrx_word' id='word_1_202' title='bbox 212 2566 410 2601; x_wconf 87' lang='lat' dir='ltr'>oratores</span> <span class='ocrx_word' id='word_1_203' title='bbox 435 2555 497 2599; x_wconf 88' lang='lat' dir='ltr'>illi</span> <span class='ocrx_word' id='word_1_204' title='bbox 523 2556 814 2600; x_wconf 79' lang='lat' dir='ltr'>laudatissimi</span> <span class='ocrx_word' id='word_1_205' title='bbox 845 2555 988 2599; x_wconf 85' lang='lat' dir='ltr'>inela-</span> 
     </span>
     <span class='ocr_line' id='line_1_38' title="bbox 96 2614 986 2672; baseline -0.003 -14"><span class='ocrx_word' id='word_1_206' title='bbox 96 2614 319 2669; x_wconf 66' lang='lat' dir='ltr'>ruerunt,</span> <span class='ocrx_word' id='word_1_207' title='bbox 373 2616 577 2670; x_wconf 79' lang='lat' dir='ltr'>vergebat</span> <span class='ocrx_word' id='word_1_208' title='bbox 610 2630 661 2657; x_wconf 84' lang='lat' dir='ltr'>ae</span> <span class='ocrx_word' id='word_1_209' title='bbox 695 2630 835 2672; x_wconf 84' lang='lat' dir='ltr'>paene</span> <span class='ocrx_word' id='word_1_210' title='bbox 871 2629 986 2656; x_wconf 88' lang='lat' dir='ltr'>con-</span> 
     </span>
     <span class='ocr_line' id='line_1_39' title="bbox 105 2671 991 2731; baseline -0.005 -15"><span class='ocrx_word' id='word_1_211' title='bbox 105 2673 372 2731; x_wconf 80' lang='lat' dir='ltr'>tingebat?&#39;‘</span> <span class='ocrx_word' id='word_1_212' title='bbox 430 2671 612 2714; x_wconf 71' lang='lat' dir='ltr'>Scilicet</span> <span class='ocrx_word' id='word_1_213' title='bbox 633 2673 842 2713; x_wconf 76' lang='lat' dir='ltr'>seniores</span> <span class='ocrx_word' id='word_1_214' title='bbox 860 2671 991 2728; x_wconf 80' lang='lat' dir='ltr'>signi·</span> 
     </span>
     <span class='ocr_line' id='line_1_40' title="bbox 105 2727 990 2786; baseline -0.003 -14"><span class='ocrx_word' id='word_1_215' title='bbox 105 2729 262 2772; x_wconf 78' lang='lat' dir='ltr'>ficatos</span> <span class='ocrx_word' id='word_1_216' title='bbox 283 2745 375 2772; x_wconf 87' lang='lat' dir='ltr'>esse</span> <span class='ocrx_word' id='word_1_217' title='bbox 402 2728 575 2772; x_wconf 80' lang='lat' dir='ltr'>Osann.</span> <span class='ocrx_word' id='word_1_218' title='bbox 600 2727 699 2771; x_wconf 89' lang='lat' dir='ltr'>vult</span> <span class='ocrx_word' id='word_1_219' title='bbox 721 2744 888 2786; x_wconf 85' lang='lat' dir='ltr'>eosque</span> <span class='ocrx_word' id='word_1_220' title='bbox 913 2744 990 2769; x_wconf 89' lang='lat' dir='ltr'>no-</span> 
     </span>
     <span class='ocr_line' id='line_1_41' title="bbox 105 2786 993 2838; baseline 0.001 -11"><span class='ocrx_word' id='word_1_221' title='bbox 105 2787 212 2830; x_wconf 79' lang='lat' dir='ltr'>vitio</span> <span class='ocrx_word' id='word_1_222' title='bbox 234 2802 287 2829; x_wconf 83' lang='lat' dir='ltr'>ae</span> <span class='ocrx_word' id='word_1_223' title='bbox 308 2786 510 2829; x_wconf 88' lang='lat' dir='ltr'>inaudito</span> <span class='ocrx_word' id='word_1_224' title='bbox 535 2787 628 2834; x_wconf 83' lang='lat' dir='ltr'>eius</span> <span class='ocrx_word' id='word_1_225' title='bbox 650 2802 748 2830; x_wconf 81' lang='lat' dir='ltr'>voc.</span> <span class='ocrx_word' id='word_1_226' title='bbox 768 2801 851 2838; x_wconf 78' lang='lat' dir='ltr'>usu</span> <span class='ocrx_word' id='word_1_227' title='bbox 873 2789 993 2828; x_wconf 83' lang='lat' dir='ltr'>anti·</span> 
     </span>
     <span class='ocr_line' id='line_1_42' title="bbox 109 2844 993 2900; baseline -0.001 -14"><span class='ocrx_word' id='word_1_228' title='bbox 109 2858 221 2900; x_wconf 81' lang='lat' dir='ltr'>quos</span> <span class='ocrx_word' id='word_1_229' title='bbox 238 2851 387 2888; x_wconf 82' lang='lat' dir='ltr'>vocat.</span> <span class='ocrx_word' id='word_1_230' title='bbox 427 2844 810 2900; x_wconf 81' lang='lat' dir='ltr'>Antiquarinrum</span> <span class='ocrx_word' id='word_1_231' title='bbox 832 2859 993 2886; x_wconf 83' lang='lat' dir='ltr'>verum</span> 
     </span>
     <span class='ocr_line' id='line_1_43' title="bbox 109 2900 994 2958; baseline -0.006 -10"><span class='ocrx_word' id='word_1_232' title='bbox 109 2913 197 2955; x_wconf 80' lang='lat' dir='ltr'>est,</span> <span class='ocrx_word' id='word_1_233' title='bbox 235 2911 283 2944; x_wconf 87' lang='lat' dir='ltr'>ut</span> <span class='ocrx_word' id='word_1_234' title='bbox 316 2916 410 2958; x_wconf 86' lang='lat' dir='ltr'>cap.</span> <span class='ocrx_word' id='word_1_235' title='bbox 441 2901 515 2944; x_wconf 77' lang='lat'>21.</span> <span class='ocrx_word' id='word_1_236' title='bbox 551 2910 592 2944; x_wconf 88' lang='lat' dir='ltr'>et</span> <span class='ocrx_word' id='word_1_237' title='bbox 625 2900 741 2944; x_wconf 83' lang='lat' dir='ltr'>infra</span> <span class='ocrx_word' id='word_1_238' title='bbox 779 2915 875 2957; x_wconf 87' lang='lat' dir='ltr'>cap.</span> <span class='ocrx_word' id='word_1_239' title='bbox 906 2900 994 2951; x_wconf 72' lang='lat'>42„</span> 
     </span>
     <span class='ocr_line' id='line_1_44' title="bbox 109 2957 990 3015; baseline -0.01 -8"><span class='ocrx_word' id='word_1_240' title='bbox 109 2963 296 3007; x_wconf 83' lang='lat' dir='ltr'>Sueton.</span> <span class='ocrx_word' id='word_1_241' title='bbox 331 2960 446 3015; x_wconf 80' lang='lat' dir='ltr'>Aug.</span> <span class='ocrx_word' id='word_1_242' title='bbox 482 2973 524 3000; x_wconf 82' lang='lat' dir='ltr'>e.</span> <span class='ocrx_word' id='word_1_243' title='bbox 553 2959 650 3014; x_wconf 84' lang='lat'>86.,</span> <span class='ocrx_word' id='word_1_244' title='bbox 706 2968 748 3000; x_wconf 89' lang='lat' dir='ltr'>et</span> <span class='ocrx_word' id='word_1_245' title='bbox 784 2957 990 2999; x_wconf 85' lang='lat' dir='ltr'>indican-</span> 
     </span>
     <span class='ocr_line' id='line_1_45' title="bbox 109 3013 987 3073; baseline -0.006 -13"><span class='ocrx_word' id='word_1_246' title='bbox 109 3032 182 3067; x_wconf 68' lang='lat' dir='ltr'>tur</span> <span class='ocrx_word' id='word_1_247' title='bbox 221 3015 491 3073; x_wconf 81' lang='lat' dir='ltr'>antiquitatis</span> <span class='ocrx_word' id='word_1_248' title='bbox 529 3025 747 3059; x_wconf 79' lang='lat' dir='ltr'>amatores</span> <span class='ocrx_word' id='word_1_249' title='bbox 791 3023 829 3056; x_wconf 84' lang='lat' dir='ltr'>et</span> <span class='ocrx_word' id='word_1_250' title='bbox 872 3013 987 3057; x_wconf 88' lang='lat' dir='ltr'>anti—</span> 
     </span>
     <span class='ocr_line' id='line_1_46' title="bbox 111 3071 991 3137; baseline -0.007 -17"><span class='ocrx_word' id='word_1_251' title='bbox 111 3090 300 3137; x_wconf 87' lang='lat' dir='ltr'>quarum</span> <span class='ocrx_word' id='word_1_252' title='bbox 334 3088 481 3115; x_wconf 85' lang='lat' dir='ltr'>rerum</span> <span class='ocrx_word' id='word_1_253' title='bbox 515 3073 717 3116; x_wconf 81' lang='lat' dir='ltr'>studiosi.</span> <span class='ocrx_word' id='word_1_254' title='bbox 790 3072 909 3114; x_wconf 77' lang='lat' dir='ltr'>Male</span> <span class='ocrx_word' id='word_1_255' title='bbox 944 3071 991 3114; x_wconf 92' lang='lat' dir='ltr'>in</span> 
     </span>
     <span class='ocr_line' id='line_1_47' title="bbox 108 3129 991 3188; baseline -0.009 -8"><span class='ocrx_word' id='word_1_256' title='bbox 108 3138 190 3180; x_wconf 83' lang='lat' dir='ltr'>hae</span> <span class='ocrx_word' id='word_1_257' title='bbox 223 3130 438 3188; x_wconf 76' lang='lat' dir='ltr'>scriptura</span> <span class='ocrx_word' id='word_1_258' title='bbox 468 3130 564 3187; x_wconf 76' lang='lat' dir='ltr'>Rip.</span> <span class='ocrx_word' id='word_1_259' title='bbox 595 3129 785 3173; x_wconf 81' lang='lat' dir='ltr'>Seebod.</span> <span class='ocrx_word' id='word_1_260' title='bbox 816 3129 991 3172; x_wconf 79' lang='lat' dir='ltr'>Dronk-</span> 
     </span>
     <span class='ocr_line' id='line_1_48' title="bbox 111 3185 990 3244; baseline -0.007 -9"><span class='ocrx_word' id='word_1_261' title='bbox 111 3202 154 3236; x_wconf 74' lang='grc' dir='ltr'>εἰ</span> <span class='ocrx_word' id='word_1_262' title='bbox 177 3191 439 3234; x_wconf 85' lang='lat' dir='ltr'>omiserunt.</span> <span class='ocrx_word' id='word_1_263' title='bbox 501 3188 705 3244; x_wconf 84' lang='lat' dir='ltr'>[Rupert.</span> <span class='ocrx_word' id='word_1_264' title='bbox 733 3187 785 3228; x_wconf 80' lang='lat' dir='ltr'>de</span> <span class='ocrx_word' id='word_1_265' title='bbox 814 3185 990 3229; x_wconf 85' lang='lat' dir='ltr'>Vatiec.</span> 
     </span>
     <span class='ocr_line' id='line_1_49' title="bbox 111 3244 990 3294; baseline -0.011 0"><span class='ocrx_word' id='word_1_266' title='bbox 111 3250 240 3294; x_wconf 82' lang='lat' dir='ltr'>codd.</span> <span class='ocrx_word' id='word_1_267' title='bbox 319 3246 444 3290; x_wconf 79' lang='lat' dir='ltr'>[ossis</span> <span class='ocrx_word' id='word_1_268' title='bbox 489 3245 532 3288; x_wconf 87' lang='lat' dir='ltr'>h.</span> <span class='ocrx_word' id='word_1_269' title='bbox 577 3244 611 3286; x_wconf 85' lang='lat' dir='ltr'>l.</span> <span class='ocrx_word' id='word_1_270' title='bbox 651 3245 903 3287; x_wconf 74' lang='lat' dir='ltr'>somniatur</span> <span class='ocrx_word' id='word_1_271' title='bbox 950 3252 990 3285; x_wconf 91' lang='lat' dir='ltr'>et</span> 
     </span>
     <span class='ocr_line' id='line_1_50' title="bbox 112 3301 992 3361; baseline -0.007 -14"><span class='ocrx_word' id='word_1_272' title='bbox 112 3314 214 3349; x_wconf 81' lang='lat' dir='ltr'>vett.</span> <span class='ocrx_word' id='word_1_273' title='bbox 249 3322 270 3348; x_wconf 89' lang='lat' dir='ltr'>e</span> <span class='ocrx_word' id='word_1_274' title='bbox 306 3307 346 3348; x_wconf 88' lang='lat' dir='ltr'>d.</span> <span class='ocrx_word' id='word_1_275' title='bbox 381 3304 647 3361; x_wconf 63' lang='lat' dir='ltr'>scriptur-,am</span> <span class='ocrx_word' id='word_1_276' title='bbox 682 3301 897 3351; x_wconf 85' lang='lat' dir='ltr'>restituit,</span> <span class='ocrx_word' id='word_1_277' title='bbox 945 3308 992 3342; x_wconf 86' lang='lat' dir='ltr'>ut</span> 
     </span>
     <span class='ocr_line' id='line_1_51' title="bbox 115 3363 323 3415; baseline -0.014 -9"><span class='ocrx_word' id='word_1_278' title='bbox 115 3363 323 3415; x_wconf 84' lang='lat' dir='ltr'>adsolet.]</span> 
     </span>
    </p>
   </div>
   <div class='ocr_carea' id='block_1_10' title="bbox 115 3442 993 3560">
    <p class='ocr_par' dir='ltr' id='par_1_10' title="bbox 115 3442 993 3560">
     <span class='ocr_line' id='line_1_52' title="bbox 154 3442 992 3499; baseline -0.004 -12"><span class='ocrx_word' id='word_1_279' title='bbox 154 3460 272 3499; x_wconf 15' lang='lat' dir='ltr'>&gt;lcum</span> <span class='ocrx_word' id='word_1_280' title='bbox 305 3446 537 3491; x_wconf 77' lang='lat' dir='ltr'>maxime.</span> <span class='ocrx_word' id='word_1_281' title='bbox 608 3442 684 3486; x_wconf 74' lang='lat' dir='ltr'>Sic,</span> <span class='ocrx_word' id='word_1_282' title='bbox 716 3442 822 3486; x_wconf 88' lang='lat' dir='ltr'>MS.</span> <span class='ocrx_word' id='word_1_283' title='bbox 851 3442 992 3499; x_wconf 77' lang='lat' dir='ltr'>Neap.</span> 
     </span>
     <span class='ocr_line' id='line_1_53' title="bbox 115 3499 993 3560; baseline -0.007 -13"><span class='ocrx_word' id='word_1_284' title='bbox 115 3501 188 3547; x_wconf 79' lang='lat' dir='ltr'>ed.</span> <span class='ocrx_word' id='word_1_285' title='bbox 203 3501 330 3560; x_wconf 67' lang='lat' dir='ltr'>Spir.</span> <span class='ocrx_word' id='word_1_286' title='bbox 345 3511 388 3545; x_wconf 88' lang='lat' dir='ltr'>et</span> <span class='ocrx_word' id='word_1_287' title='bbox 409 3499 681 3554; x_wconf 65' lang='lat' dir='ltr'>recentiores</span> <span class='ocrx_word' id='word_1_288' title='bbox 695 3511 800 3559; x_wconf 40' lang='lat' dir='ltr'>‚post</span> <span class='ocrx_word' id='word_1_289' title='bbox 818 3499 993 3557; x_wconf 79' lang='lat' dir='ltr'>Ernest.</span> 
     </span>
    </p>
   </div>
   <div class='ocr_carea' id='block_1_11' title="bbox 1063 1041 1952 1439">
    <p class='ocr_par' dir='ltr' id='par_1_11' title="bbox 1063 1041 1952 1439">
     <span class='ocr_line' id='line_1_54' title="bbox 1063 1041 1952 1100; baseline 0.001 -16"><span class='ocrx_word' id='word_1_290' title='bbox 1063 1042 1298 1100; x_wconf 78' lang='lat' dir='ltr'>pleraeque</span> <span class='ocrx_word' id='word_1_291' title='bbox 1333 1050 1509 1099; x_wconf 81' lang='lat' dir='ltr'>praeter</span> <span class='ocrx_word' id='word_1_292' title='bbox 1535 1042 1635 1100; x_wconf 86' lang='lat' dir='ltr'>Bip.</span> <span class='ocrx_word' id='word_1_293' title='bbox 1673 1050 1715 1085; x_wconf 89' lang='lat' dir='ltr'>et</span> <span class='ocrx_word' id='word_1_294' title='bbox 1739 1041 1952 1090; x_wconf 69' lang='lat' dir='ltr'>Seebod„</span> 
     </span>
     <span class='ocr_line' id='line_1_55' title="bbox 1065 1099 1950 1159; baseline 0.002 -17"><span class='ocrx_word' id='word_1_295' title='bbox 1065 1101 1226 1158; x_wconf 88' lang='lat' dir='ltr'>quibus</span> <span class='ocrx_word' id='word_1_296' title='bbox 1248 1100 1348 1144; x_wconf 78' lang='lat' dir='ltr'>edd.</span> <span class='ocrx_word' id='word_1_297' title='bbox 1366 1100 1476 1143; x_wconf 81' lang='lat' dir='ltr'>Put.</span> <span class='ocrx_word' id='word_1_298' title='bbox 1504 1099 1600 1143; x_wconf 82' lang='lat' dir='ltr'>Riv.</span> <span class='ocrx_word' id='word_1_299' title='bbox 1621 1107 1664 1141; x_wconf 84' lang='lat' dir='ltr'>et</span> <span class='ocrx_word' id='word_1_300' title='bbox 1686 1117 1785 1159; x_wconf 87' lang='lat' dir='ltr'>sqq.</span> <span class='ocrx_word' id='word_1_301' title='bbox 1806 1115 1950 1156; x_wconf 84' lang='lat' dir='ltr'>usque</span> 
     </span>
     <span class='ocr_line' id='line_1_56' title="bbox 1065 1156 1950 1214; baseline 0 -15"><span class='ocrx_word' id='word_1_302' title='bbox 1065 1158 1116 1200; x_wconf 91' lang='lat' dir='ltr'>ad</span> <span class='ocrx_word' id='word_1_303' title='bbox 1143 1157 1318 1200; x_wconf 79' lang='lat' dir='ltr'>Ernest.</span> <span class='ocrx_word' id='word_1_304' title='bbox 1343 1156 1563 1214; x_wconf 86' lang='lat' dir='ltr'>scriptura</span> <span class='ocrx_word' id='word_1_305' title='bbox 1594 1173 1713 1199; x_wconf 82' lang='lat' dir='ltr'>nunc</span> <span class='ocrx_word' id='word_1_306' title='bbox 1733 1157 1950 1199; x_wconf 82' lang='lat' dir='ltr'>maxime</span> 
     </span>
     <span class='ocr_line' id='line_1_57' title="bbox 1065 1214 1950 1272; baseline -0.003 -13"><span class='ocrx_word' id='word_1_307' title='bbox 1065 1214 1300 1260; x_wconf 77' lang='lat' dir='ltr'>videbatur</span> <span class='ocrx_word' id='word_1_308' title='bbox 1342 1214 1654 1272; x_wconf 81' lang='lat' dir='ltr'>praestantior.</span> <span class='ocrx_word' id='word_1_309' title='bbox 1724 1215 1814 1258; x_wconf 85' lang='lat' dir='ltr'>Sed</span> <span class='ocrx_word' id='word_1_310' title='bbox 1855 1229 1950 1257; x_wconf 87' lang='lat' dir='ltr'>non</span> 
     </span>
     <span class='ocr_line' id='line_1_58' title="bbox 1066 1271 1947 1325; baseline -0.003 -9"><span class='ocrx_word' id='word_1_311' title='bbox 1066 1274 1278 1317; x_wconf 82' lang='lat' dir='ltr'>convenit</span> <span class='ocrx_word' id='word_1_312' title='bbox 1319 1272 1362 1315; x_wconf 90' lang='lat' dir='ltr'>id</span> <span class='ocrx_word' id='word_1_313' title='bbox 1405 1272 1509 1315; x_wconf 89' lang='lat' dir='ltr'>huic</span> <span class='ocrx_word' id='word_1_314' title='bbox 1547 1273 1650 1315; x_wconf 88' lang='lat' dir='ltr'>loco</span> <span class='ocrx_word' id='word_1_315' title='bbox 1704 1271 1808 1325; x_wconf 82' lang='lat' dir='ltr'>(vid.</span> <span class='ocrx_word' id='word_1_316' title='bbox 1850 1279 1947 1314; x_wconf 86' lang='lat' dir='ltr'>not.</span> 
     </span>
     <span class='ocr_line' id='line_1_59' title="bbox 1065 1329 1948 1387; baseline 0.001 -14"><span class='ocrx_word' id='word_1_317' title='bbox 1065 1347 1188 1387; x_wconf 85' lang='lat' dir='ltr'>supr.</span> <span class='ocrx_word' id='word_1_318' title='bbox 1219 1329 1271 1371; x_wconf 90' lang='lat' dir='ltr'>ad</span> <span class='ocrx_word' id='word_1_319' title='bbox 1303 1346 1400 1387; x_wconf 89' lang='lat' dir='ltr'>cap.</span> <span class='ocrx_word' id='word_1_320' title='bbox 1432 1330 1498 1372; x_wconf 88' lang='lat'>19.</span> <span class='ocrx_word' id='word_1_321' title='bbox 1531 1336 1574 1371; x_wconf 81' lang='lat' dir='ltr'>et</span> <span class='ocrx_word' id='word_1_322' title='bbox 1595 1329 1818 1372; x_wconf 87' lang='lat' dir='ltr'>Boettich.</span> <span class='ocrx_word' id='word_1_323' title='bbox 1841 1329 1948 1374; x_wconf 83' lang='lat' dir='ltr'>Lex.</span> 
     </span>
     <span class='ocr_line' id='line_1_60' title="bbox 1064 1386 1947 1439; baseline -0.003 -8"><span class='ocrx_word' id='word_1_324' title='bbox 1064 1389 1172 1431; x_wconf 80' lang='lat' dir='ltr'>Tac.</span> <span class='ocrx_word' id='word_1_325' title='bbox 1199 1387 1244 1430; x_wconf 85' lang='lat' dir='ltr'>h.</span> <span class='ocrx_word' id='word_1_326' title='bbox 1267 1392 1330 1439; x_wconf 83' lang='lat' dir='ltr'>v.)</span> <span class='ocrx_word' id='word_1_327' title='bbox 1348 1419 1359 1437; x_wconf 91' lang='lat'><strong>,</strong></span> <span class='ocrx_word' id='word_1_328' title='bbox 1401 1387 1474 1430; x_wconf 83' lang='lat' dir='ltr'>cui</span> <span class='ocrx_word' id='word_1_329' title='bbox 1499 1404 1547 1428; x_wconf 82' lang='lat' dir='ltr'>ex</span> <span class='ocrx_word' id='word_1_330' title='bbox 1573 1386 1732 1430; x_wconf 80' lang='lat' dir='ltr'>Oreliii</span> <span class='ocrx_word' id='word_1_331' title='bbox 1766 1395 1947 1430; x_wconf 79' lang='lat' dir='ltr'>senten-</span> 
     </span>
    </p>
   </div>
   <div class='ocr_carea' id='block_1_12' title="bbox 975 1443 1949 1501">
    <p class='ocr_par' dir='ltr' id='par_1_12' title="bbox 975 1443 1949 1501">
     <span class='ocr_line' id='line_1_61' title="bbox 975 1443 1949 1501; baseline -0.004 -12"><span class='ocrx_word' id='word_1_332' title='bbox 975 1463 990 1481; x_wconf 66' lang='grc' dir='ltr'><em>ι</em></span> <span class='ocrx_word' id='word_1_333' title='bbox 1064 1447 1125 1489; x_wconf 87' lang='lat' dir='ltr'>tia</span> <span class='ocrx_word' id='word_1_334' title='bbox 1157 1459 1276 1488; x_wconf 84' lang='lat' dir='ltr'>nunc</span> <span class='ocrx_word' id='word_1_335' title='bbox 1312 1460 1456 1500; x_wconf 83' lang='lat' dir='ltr'>quum</span> <span class='ocrx_word' id='word_1_336' title='bbox 1489 1446 1705 1487; x_wconf 78' lang='lat' dir='ltr'>maxime</span> <span class='ocrx_word' id='word_1_337' title='bbox 1739 1443 1801 1498; x_wconf 86' lang='lat' dir='ltr'>(id</span> <span class='ocrx_word' id='word_1_338' title='bbox 1832 1443 1949 1501; x_wconf 86' lang='lat' dir='ltr'>apud</span> 
     </span>
    </p>
   </div>
   <div class='ocr_carea' id='block_1_13' title="bbox 1064 1502 1947 1617">
    <p class='ocr_par' dir='ltr' id='par_1_13' title="bbox 1064 1502 1947 1617">
     <span class='ocr_line' id='line_1_62' title="bbox 1064 1502 1947 1560; baseline -0.001 -15"><span class='ocrx_word' id='word_1_339' title='bbox 1064 1504 1286 1546; x_wconf 83' lang='lat' dir='ltr'>Fronton.</span> <span class='ocrx_word' id='word_1_340' title='bbox 1311 1502 1469 1560; x_wconf 79' lang='lat' dir='ltr'>p.143.</span> <span class='ocrx_word' id='word_1_341' title='bbox 1494 1510 1649 1553; x_wconf 82' lang='lat' dir='ltr'>exstat,</span> <span class='ocrx_word' id='word_1_342' title='bbox 1673 1518 1712 1543; x_wconf 82' lang='lat' dir='ltr'>v.</span> <span class='ocrx_word' id='word_1_343' title='bbox 1730 1503 1947 1544; x_wconf 82' lang='lat' dir='ltr'>Arntzen.</span> 
     </span>
     <span class='ocr_line' id='line_1_63' title="bbox 1065 1558 1919 1617; baseline -0.005 -15"><span class='ocrx_word' id='word_1_344' title='bbox 1065 1561 1118 1602; x_wconf 85' lang='lat' dir='ltr'>ad</span> <span class='ocrx_word' id='word_1_345' title='bbox 1146 1560 1308 1615; x_wconf 79' lang='lat' dir='ltr'>Paneg.</span> <span class='ocrx_word' id='word_1_346' title='bbox 1336 1558 1408 1601; x_wconf 86' lang='lat' dir='ltr'>lat.</span> <span class='ocrx_word' id='word_1_347' title='bbox 1432 1576 1477 1617; x_wconf 90' lang='lat' dir='ltr'>p.</span> <span class='ocrx_word' id='word_1_348' title='bbox 1510 1561 1599 1615; x_wconf 84' lang='lat'>14.)</span> <span class='ocrx_word' id='word_1_349' title='bbox 1623 1558 1765 1616; x_wconf 86' lang='lat' dir='ltr'>aptius</span> <span class='ocrx_word' id='word_1_350' title='bbox 1789 1565 1919 1600; x_wconf 83' lang='lat' dir='ltr'>esset.</span> 
     </span>
    </p>
   </div>
   <div class='ocr_carea' id='block_1_14' title="bbox 1057 1639 1950 2216">
    <p class='ocr_par' dir='ltr' id='par_1_14' title="bbox 1057 1639 1950 2216">
     <span class='ocr_line' id='line_1_64' title="bbox 1123 1639 1948 1685; baseline -0.002 -1"><span class='ocrx_word' id='word_1_351' title='bbox 1123 1661 1153 1684; x_wconf 87' lang='lat' dir='ltr'><strong><em>a</em></strong></span> <span class='ocrx_word' id='word_1_352' title='bbox 1186 1642 1399 1685; x_wconf 77' lang='lat' dir='ltr'>Muciano</span> <span class='ocrx_word' id='word_1_353' title='bbox 1435 1644 1791 1684; x_wconf 76' lang='lat' dir='ltr'>contrahuntur.</span> <span class='ocrx_word' id='word_1_354' title='bbox 1862 1639 1948 1682; x_wconf 89' lang='lat' dir='ltr'>Ed.</span> 
     </span>
     <span class='ocr_line' id='line_1_65' title="bbox 1063 1697 1949 1759; baseline -0.005 -16"><span class='ocrx_word' id='word_1_355' title='bbox 1063 1701 1182 1759; x_wconf 83' lang='lat' dir='ltr'>Spir.</span> <span class='ocrx_word' id='word_1_356' title='bbox 1214 1702 1263 1742; x_wconf 86' lang='lat' dir='ltr'>in</span> <span class='ocrx_word' id='word_1_357' title='bbox 1298 1700 1535 1754; x_wconf 77' lang='lat' dir='ltr'>Muciano,</span> <span class='ocrx_word' id='word_1_358' title='bbox 1586 1715 1716 1755; x_wconf 75' lang='lat' dir='ltr'>quam</span> <span class='ocrx_word' id='word_1_359' title='bbox 1753 1697 1949 1741; x_wconf 86' lang='lat' dir='ltr'>nominis</span> 
     </span>
     <span class='ocr_line' id='line_1_66' title="bbox 1062 1755 1949 1802; baseline -0.005 -2"><span class='ocrx_word' id='word_1_360' title='bbox 1062 1760 1254 1801; x_wconf 82' lang='lat' dir='ltr'>formam</span> <span class='ocrx_word' id='word_1_361' title='bbox 1285 1758 1555 1801; x_wconf 84' lang='lat' dir='ltr'>deteriorem</span> <span class='ocrx_word' id='word_1_362' title='bbox 1578 1772 1671 1799; x_wconf 87' lang='lat' dir='ltr'>esse</span> <span class='ocrx_word' id='word_1_363' title='bbox 1697 1756 1750 1798; x_wconf 86' lang='lat' dir='ltr'>ad</span> <span class='ocrx_word' id='word_1_364' title='bbox 1774 1755 1886 1801; x_wconf 70' lang='lat' dir='ltr'>nist.</span> <span class='ocrx_word' id='word_1_365' title='bbox 1911 1757 1949 1802; x_wconf 86' lang='lat'>1,</span> 
     </span>
     <span class='ocr_line' id='line_1_67' title="bbox 1064 1815 1316 1859; baseline -0.008 0"><span class='ocrx_word' id='word_1_366' title='bbox 1064 1819 1131 1859; x_wconf 90' lang='grc'>10.</span> <span class='ocrx_word' id='word_1_367' title='bbox 1166 1815 1316 1859; x_wconf 83' lang='lat' dir='ltr'>docui.</span> 
     </span>
     <span class='ocr_line' id='line_1_68' title="bbox 1063 1869 1947 1916; baseline -0.005 0"><span class='ocrx_word' id='word_1_368' title='bbox 1063 1873 1275 1916; x_wconf 81' lang='lat' dir='ltr'>Crassum</span> <span class='ocrx_word' id='word_1_369' title='bbox 1311 1872 1594 1915; x_wconf 78' lang='lat' dir='ltr'>Mucianum.</span> <span class='ocrx_word' id='word_1_370' title='bbox 1645 1869 1706 1915; x_wconf 83' lang='lat' dir='ltr'>cf.</span> <span class='ocrx_word' id='word_1_371' title='bbox 1743 1871 1796 1912; x_wconf 90' lang='lat' dir='ltr'>ad</span> <span class='ocrx_word' id='word_1_372' title='bbox 1833 1869 1947 1912; x_wconf 76' lang='lat' dir='ltr'>Hist.</span> 
     </span>
     <span class='ocr_line' id='line_1_69' title="bbox 1059 1926 1950 1983; baseline -0.008 -8"><span class='ocrx_word' id='word_1_373' title='bbox 1059 1934 1103 1983; x_wconf 69' lang='lat' dir='ltr'>Q,</span> <span class='ocrx_word' id='word_1_374' title='bbox 1124 1933 1164 1975; x_wconf 86' lang='lat'>5.</span> <span class='ocrx_word' id='word_1_375' title='bbox 1226 1930 1316 1972; x_wconf 85' lang='lat' dir='ltr'>Pro</span> <span class='ocrx_word' id='word_1_376' title='bbox 1335 1931 1685 1972; x_wconf 75' lang='lat' dir='ltr'>contrahuntur</span> <span class='ocrx_word' id='word_1_377' title='bbox 1696 1926 1950 1972; x_wconf 85' lang='lat' dir='ltr'>Heumann.</span> 
     </span>
     <span class='ocr_line' id='line_1_70' title="bbox 1057 1983 1949 2044; baseline -0.004 -14"><span class='ocrx_word' id='word_1_378' title='bbox 1057 1990 1271 2044; x_wconf 78' lang='lat' dir='ltr'>procrah.</span> <span class='ocrx_word' id='word_1_379' title='bbox 1309 1986 1527 2038; x_wconf 85' lang='lat' dir='ltr'>correxit,</span> <span class='ocrx_word' id='word_1_380' title='bbox 1571 1986 1713 2033; x_wconf 80' lang='lat' dir='ltr'>male,</span> <span class='ocrx_word' id='word_1_381' title='bbox 1754 1983 1856 2041; x_wconf 87' lang='lat' dir='ltr'>quia</span> <span class='ocrx_word' id='word_1_382' title='bbox 1893 1983 1949 2032; x_wconf 76' lang='lat' dir='ltr'>de</span> 
     </span>
     <span class='ocr_line' id='line_1_71' title="bbox 1063 2039 1950 2102; baseline -0.007 -13"><span class='ocrx_word' id='word_1_383' title='bbox 1063 2044 1278 2102; x_wconf 86' lang='lat' dir='ltr'>excerptis</span> <span class='ocrx_word' id='word_1_384' title='bbox 1322 2054 1365 2087; x_wconf 86' lang='lat' dir='ltr'>et</span> <span class='ocrx_word' id='word_1_385' title='bbox 1407 2044 1707 2100; x_wconf 78' lang='lat' dir='ltr'>undecunque</span> <span class='ocrx_word' id='word_1_386' title='bbox 1750 2039 1950 2085; x_wconf 74' lang='lat' dir='ltr'>collectis</span> 
     </span>
     <span class='ocr_line' id='line_1_72' title="bbox 1062 2097 1948 2147; baseline -0.008 0"><span class='ocrx_word' id='word_1_387' title='bbox 1062 2119 1211 2147; x_wconf 84' lang='lat' dir='ltr'>sermo</span> <span class='ocrx_word' id='word_1_388' title='bbox 1241 2111 1319 2145; x_wconf 86' lang='lat' dir='ltr'>est.</span> <span class='ocrx_word' id='word_1_389' title='bbox 1382 2101 1556 2147; x_wconf 78' lang='lat' dir='ltr'>Deinde</span> <span class='ocrx_word' id='word_1_390' title='bbox 1591 2100 1747 2144; x_wconf 82' lang='lat' dir='ltr'>erebra</span> <span class='ocrx_word' id='word_1_391' title='bbox 1782 2097 1948 2145; x_wconf 79' lang='lat' dir='ltr'>confu-</span> 
     </span>
     <span class='ocr_line' id='line_1_73' title="bbox 1061 2153 1925 2216; baseline -0.002 -12"><span class='ocrx_word' id='word_1_392' title='bbox 1061 2162 1186 2204; x_wconf 84' lang='lat' dir='ltr'>sione</span> <span class='ocrx_word' id='word_1_393' title='bbox 1212 2161 1280 2204; x_wconf 86' lang='lat' dir='ltr'>ed.</span> <span class='ocrx_word' id='word_1_394' title='bbox 1307 2160 1423 2216; x_wconf 86' lang='lat' dir='ltr'>Spir.</span> <span class='ocrx_word' id='word_1_395' title='bbox 1447 2153 1498 2201; x_wconf 78' lang='lat' dir='ltr'>a&#39;t</span> <span class='ocrx_word' id='word_1_396' title='bbox 1525 2156 1695 2201; x_wconf 84' lang='lat' dir='ltr'>exhibet</span> <span class='ocrx_word' id='word_1_397' title='bbox 1716 2171 1800 2215; x_wconf 85' lang='lat' dir='ltr'>pro</span> <span class='ocrx_word' id='word_1_398' title='bbox 1822 2170 1894 2199; x_wconf 79' lang='lat' dir='ltr'>ae.</span> <span class='ocrx_word' id='word_1_399' title='bbox 1923 2200 1925 2202; x_wconf 83' lang='grc'><em>,</em></span> 
     </span>
    </p>
   </div>
   <div class='ocr_carea' id='block_1_15' title="bbox 1354 2239 1950 2297">
    <p class='ocr_par' dir='ltr' id='par_1_15' title="bbox 1354 2239 1950 2297">
     <span class='ocr_line' id='line_1_74' title="bbox 1354 2239 1950 2297; baseline -0.01 -11"><span class='ocrx_word' id='word_1_400' title='bbox 1354 2242 1431 2286; x_wconf 86' lang='lat' dir='ltr'>Sic</span> <span class='ocrx_word' id='word_1_401' title='bbox 1465 2239 1567 2284; x_wconf 83' lang='lat' dir='ltr'>MS.</span> <span class='ocrx_word' id='word_1_402' title='bbox 1601 2241 1768 2296; x_wconf 87' lang='lat' dir='ltr'>Neap.,</span> <span class='ocrx_word' id='word_1_403' title='bbox 1812 2252 1950 2297; x_wconf 86' lang='lat' dir='ltr'>quare</span> 
     </span>
    </p>
   </div>
   <div class='ocr_carea' id='block_1_16' title="bbox 1118 2245 1286 2288">
    <p class='ocr_par' dir='ltr' id='par_1_16' title="bbox 1118 2245 1286 2288">
     <span class='ocr_line' id='line_1_75' title="bbox 1118 2245 1286 2288; baseline -0.012 0"><span class='ocrx_word' id='word_1_404' title='bbox 1118 2260 1181 2288; x_wconf 80' lang='lat' dir='ltr'>ex</span> <span class='ocrx_word' id='word_1_405' title='bbox 1214 2245 1286 2286; x_wconf 82' lang='lat' dir='ltr'>iis.</span> 
     </span>
    </p>
   </div>
   <div class='ocr_carea' id='block_1_17' title="bbox 1064 2298 2017 2347">
    <p class='ocr_par' dir='ltr' id='par_1_17' title="bbox 1064 2298 2017 2347">
     <span class='ocr_line' id='line_1_76' title="bbox 1064 2298 2017 2347; baseline -0.008 -2"><span class='ocrx_word' id='word_1_406' title='bbox 1064 2302 1209 2347; x_wconf 87' lang='lat' dir='ltr'>delevi</span> <span class='ocrx_word' id='word_1_407' title='bbox 1249 2300 1351 2343; x_wconf 89' lang='lat' dir='ltr'>edd.</span> <span class='ocrx_word' id='word_1_408' title='bbox 1390 2298 1595 2341; x_wconf 85' lang='lat' dir='ltr'>omnium</span> <span class='ocrx_word' id='word_1_409' title='bbox 1641 2313 1843 2340; x_wconf 87' lang='lat' dir='ltr'>errorem</span> <span class='ocrx_word' id='word_1_410' title='bbox 1885 2309 1948 2338; x_wconf 84' lang='lat' dir='ltr'>ex</span> <span class='ocrx_word' id='word_1_411' title='bbox 2013 2320 2017 2322; x_wconf 97' lang='lat'>-</span> 
     </span>
    </p>
   </div>
   <div class='ocr_carea' id='block_1_18' title="bbox 1061 2351 1947 2526">
    <p class='ocr_par' dir='ltr' id='par_1_18' title="bbox 1061 2351 1947 2526">
     <span class='ocr_line' id='line_1_77' title="bbox 1061 2351 1947 2415; baseline -0.007 -13"><span class='ocrx_word' id='word_1_412' title='bbox 1061 2358 1156 2414; x_wconf 75' lang='lat' dir='ltr'>his,</span> <span class='ocrx_word' id='word_1_413' title='bbox 1208 2374 1341 2415; x_wconf 87' lang='lat' dir='ltr'>quem</span> <span class='ocrx_word' id='word_1_414' title='bbox 1392 2357 1459 2399; x_wconf 88' lang='lat' dir='ltr'>vel</span> <span class='ocrx_word' id='word_1_415' title='bbox 1502 2354 1702 2398; x_wconf 86' lang='lat' dir='ltr'>Orellius</span> <span class='ocrx_word' id='word_1_416' title='bbox 1744 2351 1947 2399; x_wconf 77' lang='lat' dir='ltr'>servavit.</span> 
     </span>
     <span class='ocr_line' id='line_1_78' title="bbox 1063 2410 1947 2469; baseline -0.008 -10"><span class='ocrx_word' id='word_1_417' title='bbox 1063 2414 1270 2466; x_wconf 78' lang='lat' dir='ltr'>[Bekker.</span> <span class='ocrx_word' id='word_1_418' title='bbox 1313 2422 1355 2457; x_wconf 83' lang='lat' dir='ltr'>et</span> <span class='ocrx_word' id='word_1_419' title='bbox 1388 2412 1609 2456; x_wconf 86' lang='lat' dir='ltr'>Boettich.</span> <span class='ocrx_word' id='word_1_420' title='bbox 1656 2412 1713 2454; x_wconf 84' lang='lat' dir='ltr'>iis</span> <span class='ocrx_word' id='word_1_421' title='bbox 1750 2410 1947 2469; x_wconf 77' lang='lat' dir='ltr'>scripse-</span> 
     </span>
     <span class='ocr_line' id='line_1_79' title="bbox 1062 2470 1914 2526; baseline -0.007 -10"><span class='ocrx_word' id='word_1_422' title='bbox 1062 2481 1190 2521; x_wconf 87' lang='lat' dir='ltr'>runt,</span> <span class='ocrx_word' id='word_1_423' title='bbox 1222 2472 1276 2515; x_wconf 88' lang='lat' dir='ltr'>de</span> <span class='ocrx_word' id='word_1_424' title='bbox 1299 2470 1403 2515; x_wconf 89' lang='lat' dir='ltr'>cod.</span> <span class='ocrx_word' id='word_1_425' title='bbox 1431 2486 1534 2526; x_wconf 78' lang='lat' dir='ltr'>yero</span> <span class='ocrx_word' id='word_1_426' title='bbox 1562 2470 1696 2513; x_wconf 86' lang='lat' dir='ltr'>Farn.</span> <span class='ocrx_word' id='word_1_427' title='bbox 1722 2470 1914 2522; x_wconf 77' lang='lat' dir='ltr'>tacent-J</span> 
     </span>
    </p>
   </div>
   <div class='ocr_carea' id='block_1_19' title="bbox 1061 2552 1950 3071">
    <p class='ocr_par' dir='ltr' id='par_1_19' title="bbox 1061 2552 1950 3071">
     <span class='ocr_line' id='line_1_80' title="bbox 1122 2552 1947 2610; baseline -0.006 -11"><span class='ocrx_word' id='word_1_428' title='bbox 1122 2557 1202 2600; x_wconf 82' lang='lat' dir='ltr'>Cn.</span> <span class='ocrx_word' id='word_1_429' title='bbox 1218 2556 1487 2610; x_wconf 80' lang='lat' dir='ltr'>Pompeium</span> <span class='ocrx_word' id='word_1_430' title='bbox 1513 2560 1558 2594; x_wconf 80' lang='lat' dir='ltr'>et</span> <span class='ocrx_word' id='word_1_431' title='bbox 1571 2553 1786 2595; x_wconf 74' lang='lat' dir='ltr'>Marcum</span> <span class='ocrx_word' id='word_1_432' title='bbox 1803 2552 1947 2595; x_wconf 78' lang='lat' dir='ltr'>Cras-</span> 
     </span>
     <span class='ocr_line' id='line_1_81' title="bbox 1061 2598 1949 2658; baseline -0.007 0"><span class='ocrx_word' id='word_1_433' title='bbox 1061 2631 1181 2658; x_wconf 85' lang='lat' dir='ltr'>sum.</span> <span class='ocrx_word' id='word_1_434' title='bbox 1248 2613 1460 2656; x_wconf 80' lang='lat' dir='ltr'>Marcum</span> <span class='ocrx_word' id='word_1_435' title='bbox 1491 2612 1682 2657; x_wconf 67' lang='lat' dir='ltr'>totidem</span> <span class='ocrx_word' id='word_1_436' title='bbox 1709 2598 1867 2655; x_wconf 70' lang='lat' dir='ltr'>,litieris</span> <span class='ocrx_word' id='word_1_437' title='bbox 1898 2609 1949 2656; x_wconf 80' lang='lat' dir='ltr'>in</span> 
     </span>
     <span class='ocr_line' id='line_1_82' title="bbox 1063 2666 1945 2727; baseline -0.003 -12"><span class='ocrx_word' id='word_1_438' title='bbox 1063 2673 1166 2716; x_wconf 90' lang='lat' dir='ltr'>edd.</span> <span class='ocrx_word' id='word_1_439' title='bbox 1189 2670 1380 2727; x_wconf 86' lang='lat' dir='ltr'>antiquis</span> <span class='ocrx_word' id='word_1_440' title='bbox 1402 2677 1490 2723; x_wconf 90' lang='lat' dir='ltr'>est,</span> <span class='ocrx_word' id='word_1_441' title='bbox 1535 2683 1627 2711; x_wconf 86' lang='lat' dir='ltr'>una</span> <span class='ocrx_word' id='word_1_442' title='bbox 1650 2675 1829 2725; x_wconf 85' lang='lat' dir='ltr'>excepta</span> <span class='ocrx_word' id='word_1_443' title='bbox 1843 2666 1945 2712; x_wconf 88' lang='lat' dir='ltr'>&#39;Pu-</span> 
     </span>
     <span class='ocr_line' id='line_1_83' title="bbox 1063 2725 1945 2786; baseline -0.005 -14"><span class='ocrx_word' id='word_1_444' title='bbox 1063 2730 1195 2780; x_wconf 87' lang='lat' dir='ltr'>teol.,</span> <span class='ocrx_word' id='word_1_445' title='bbox 1235 2743 1346 2786; x_wconf 85' lang='lat' dir='ltr'>quae</span> <span class='ocrx_word' id='word_1_446' title='bbox 1367 2725 1609 2772; x_wconf 66' lang='lat' dir='ltr'>Marullum</span> <span class='ocrx_word' id='word_1_447' title='bbox 1640 2725 1847 2782; x_wconf 80' lang='lat' dir='ltr'>praebet,</span> <span class='ocrx_word' id='word_1_448' title='bbox 1893 2732 1945 2768; x_wconf 86' lang='lat' dir='ltr'>ut</span> 
     </span>
     <span class='ocr_line' id='line_1_84' title="bbox 1062 2781 1947 2844; baseline -0.005 -15"><span class='ocrx_word' id='word_1_449' title='bbox 1062 2802 1194 2844; x_wconf 84' lang='lat' dir='ltr'>supra</span> <span class='ocrx_word' id='word_1_450' title='bbox 1235 2802 1273 2829; x_wconf 83' lang='lat' dir='ltr'>e.</span> <span class='ocrx_word' id='word_1_451' title='bbox 1308 2784 1407 2835; x_wconf 65' lang='lat'>35„</span> <span class='ocrx_word' id='word_1_452' title='bbox 1453 2783 1645 2840; x_wconf 83' lang='lat' dir='ltr'>ideoque</span> <span class='ocrx_word' id='word_1_453' title='bbox 1680 2781 1860 2829; x_wconf 84' lang='lat' dir='ltr'>Dronk.</span> <span class='ocrx_word' id='word_1_454' title='bbox 1901 2790 1947 2827; x_wconf 79' lang='lat' dir='ltr'>et</span> 
     </span>
     <span class='ocr_line' id='line_1_85' title="bbox 1067 2838 1946 2898; baseline -0.005 -11"><span class='ocrx_word' id='word_1_455' title='bbox 1067 2843 1243 2887; x_wconf 77' lang='lat' dir='ltr'>Osann.</span> <span class='ocrx_word' id='word_1_456' title='bbox 1280 2843 1404 2898; x_wconf 88' lang='lat' dir='ltr'>[item</span> <span class='ocrx_word' id='word_1_457' title='bbox 1433 2838 1572 2884; x_wconf 81' lang='lat' dir='ltr'>Bekk.</span> <span class='ocrx_word' id='word_1_458' title='bbox 1600 2838 1821 2885; x_wconf 80' lang='lat' dir='ltr'>Boettich.</span> <span class='ocrx_word' id='word_1_459' title='bbox 1843 2838 1946 2883; x_wconf 87' lang='lat' dir='ltr'>Ru-</span> 
     </span>
     <span class='ocr_line' id='line_1_86' title="bbox 1064 2897 1946 2960; baseline 0 -18"><span class='ocrx_word' id='word_1_460' title='bbox 1064 2903 1202 2960; x_wconf 75' lang='lat' dir='ltr'>pert]</span> <span class='ocrx_word' id='word_1_461' title='bbox 1240 2906 1530 2943; x_wconf 84' lang='lat' dir='ltr'>revocarunt.</span> <span class='ocrx_word' id='word_1_462' title='bbox 1597 2897 1791 2946; x_wconf 82' lang='lat' dir='ltr'>Eosdem</span> <span class='ocrx_word' id='word_1_463' title='bbox 1828 2897 1946 2942; x_wconf 84' lang='lat' dir='ltr'>viros</span> 
     </span>
     <span class='ocr_line' id='line_1_87' title="bbox 1064 2954 1950 3009; baseline -0.005 -7"><span class='ocrx_word' id='word_1_464' title='bbox 1064 2959 1295 3003; x_wconf 79' lang='lat' dir='ltr'>coniunxit</span> <span class='ocrx_word' id='word_1_465' title='bbox 1321 2955 1464 2999; x_wconf 85' lang='lat' dir='ltr'>Tacit.</span> <span class='ocrx_word' id='word_1_466' title='bbox 1489 2958 1577 2998; x_wconf 86' lang='lat' dir='ltr'>An.</span> <span class='ocrx_word' id='word_1_467' title='bbox 1602 2959 1640 3008; x_wconf 91' lang='lat'>1,</span> <span class='ocrx_word' id='word_1_468' title='bbox 1662 2957 1705 3000; x_wconf 91' lang='lat'>1.</span> <span class='ocrx_word' id='word_1_469' title='bbox 1738 2954 1950 3009; x_wconf 79' lang='lat' dir='ltr'>Pompeii</span> 
     </span>
     <span class='ocr_line' id='line_1_88' title="bbox 1067 3015 1559 3071; baseline -0.002 -13"><span class='ocrx_word' id='word_1_470' title='bbox 1067 3016 1313 3071; x_wconf 76' lang='lat' dir='ltr'>Crassique</span> <span class='ocrx_word' id='word_1_471' title='bbox 1335 3015 1559 3068; x_wconf 80' lang='lat' dir='ltr'>potentia.</span> 
     </span>
    </p>
   </div>
   <div class='ocr_carea' id='block_1_20' title="bbox 1062 3094 1946 3542">
    <p class='ocr_par' dir='ltr' id='par_1_20' title="bbox 1062 3094 1946 3542">
     <span class='ocr_line' id='line_1_89' title="bbox 1118 3094 1946 3140; baseline -0.001 -1"><span class='ocrx_word' id='word_1_472' title='bbox 1118 3113 1211 3140; x_wconf 85' lang='lat' dir='ltr'>non</span> <span class='ocrx_word' id='word_1_473' title='bbox 1237 3099 1403 3139; x_wconf 81' lang='lat' dir='ltr'>viribus</span> <span class='ocrx_word' id='word_1_474' title='bbox 1421 3100 1561 3139; x_wconf 81' lang='lat' dir='ltr'>modo</span> <span class='ocrx_word' id='word_1_475' title='bbox 1579 3106 1626 3140; x_wconf 84' lang='lat' dir='ltr'>et</span> <span class='ocrx_word' id='word_1_476' title='bbox 1647 3096 1812 3138; x_wconf 77' lang='lat' dir='ltr'>armis.</span> <span class='ocrx_word' id='word_1_477' title='bbox 1865 3094 1946 3139; x_wconf 82' lang='lat' dir='ltr'>Est</span> 
     </span>
     <span class='ocr_line' id='line_1_90' title="bbox 1064 3151 1946 3213; baseline -0.003 -16"><span class='ocrx_word' id='word_1_478' title='bbox 1064 3154 1347 3213; x_wconf 74' lang='lat' dir='ltr'>Hendiadys,</span> <span class='ocrx_word' id='word_1_479' title='bbox 1390 3162 1438 3198; x_wconf 84' lang='lat' dir='ltr'>ut</span> <span class='ocrx_word' id='word_1_480' title='bbox 1471 3153 1583 3197; x_wconf 80' lang='lat' dir='ltr'>Hist.</span> <span class='ocrx_word' id='word_1_481' title='bbox 1620 3153 1662 3205; x_wconf 80' lang='lat'>4,</span> <span class='ocrx_word' id='word_1_482' title='bbox 1693 3151 1764 3195; x_wconf 74' lang='lat'>28.</span> <span class='ocrx_word' id='word_1_483' title='bbox 1797 3152 1871 3195; x_wconf 83' lang='lat' dir='ltr'>vis</span> <span class='ocrx_word' id='word_1_484' title='bbox 1900 3160 1946 3195; x_wconf 76' lang='lat' dir='ltr'>et</span> 
     </span>
     <span class='ocr_line' id='line_1_91' title="bbox 1062 3210 1946 3275; baseline -0.002 -20"><span class='ocrx_word' id='word_1_485' title='bbox 1062 3228 1227 3266; x_wconf 69' lang='lat' dir='ltr'>arma,</span> <span class='ocrx_word' id='word_1_486' title='bbox 1290 3211 1400 3257; x_wconf 88' lang='lat' dir='ltr'>ibid.</span> <span class='ocrx_word' id='word_1_487' title='bbox 1449 3214 1490 3275; x_wconf 62' lang='lat'>43</span> <span class='ocrx_word' id='word_1_488' title='bbox 1540 3211 1609 3255; x_wconf 89' lang='lat'>68.</span> <span class='ocrx_word' id='word_1_489' title='bbox 1663 3210 1757 3251; x_wconf 88' lang='lat' dir='ltr'>vim</span> <span class='ocrx_word' id='word_1_490' title='bbox 1806 3217 1946 3266; x_wconf 80' lang='lat' dir='ltr'>atque</span> 
     </span>
     <span class='ocr_line' id='line_1_92' title="bbox 1062 3267 1944 3327; baseline -0.005 -15"><span class='ocrx_word' id='word_1_491' title='bbox 1062 3285 1229 3319; x_wconf 84' lang='lat' dir='ltr'>arma‚·</span> <span class='ocrx_word' id='word_1_492' title='bbox 1268 3268 1422 3327; x_wconf 73' lang='lat' dir='ltr'>Agris.</span> <span class='ocrx_word' id='word_1_493' title='bbox 1450 3287 1488 3313; x_wconf 84' lang='lat' dir='ltr'>e.</span> <span class='ocrx_word' id='word_1_494' title='bbox 1510 3269 1577 3312; x_wconf 81' lang='lat'>30.</span> <span class='ocrx_word' id='word_1_495' title='bbox 1605 3267 1840 3322; x_wconf 78' lang='lat' dir='ltr'>proelium</span> <span class='ocrx_word' id='word_1_496' title='bbox 1866 3274 1944 3310; x_wconf 81' lang='lat' dir='ltr'>ot-</span> 
     </span>
     <span class='ocr_line' id='line_1_93' title="bbox 1065 3327 1942 3382; baseline -0.001 -14"><span class='ocrx_word' id='word_1_497' title='bbox 1065 3343 1153 3382; x_wconf 85' lang='lat' dir='ltr'>que</span> <span class='ocrx_word' id='word_1_498' title='bbox 1178 3341 1344 3379; x_wconf 79' lang='lat' dir='ltr'>arma;</span> <span class='ocrx_word' id='word_1_499' title='bbox 1383 3327 1493 3371; x_wconf 76' lang='lat' dir='ltr'>nist.</span> <span class='ocrx_word' id='word_1_500' title='bbox 1512 3328 1554 3376; x_wconf 75' lang='lat'>2,</span> <span class='ocrx_word' id='word_1_501' title='bbox 1571 3327 1645 3368; x_wconf 75' lang='lat'>74.</span> <span class='ocrx_word' id='word_1_502' title='bbox 1670 3327 1840 3367; x_wconf 78' lang='lat' dir='ltr'>bellum</span> <span class='ocrx_word' id='word_1_503' title='bbox 1859 3340 1942 3367; x_wconf 84' lang='lat' dir='ltr'>ar-</span> 
     </span>
     <span class='ocr_line' id='line_1_94' title="bbox 1065 3384 1945 3439; baseline -0.002 -13"><span class='ocrx_word' id='word_1_504' title='bbox 1065 3400 1233 3439; x_wconf 79' lang='lat' dir='ltr'>maque</span> <span class='ocrx_word' id='word_1_505' title='bbox 1275 3392 1318 3427; x_wconf 82' lang='lat' dir='ltr'>et</span> <span class='ocrx_word' id='word_1_506' title='bbox 1349 3387 1512 3439; x_wconf 83' lang='lat' dir='ltr'>procul</span> <span class='ocrx_word' id='word_1_507' title='bbox 1549 3386 1621 3426; x_wconf 83' lang='lat' dir='ltr'>vel</span> <span class='ocrx_word' id='word_1_508' title='bbox 1653 3384 1790 3426; x_wconf 80' lang='lat' dir='ltr'>iuxta</span> <span class='ocrx_word' id='word_1_509' title='bbox 1824 3384 1945 3426; x_wconf 80' lang='lat' dir='ltr'>sitas</span> 
     </span>
     <span class='ocr_line' id='line_1_95' title="bbox 1066 3441 1945 3500; baseline 0 -17"><span class='ocrx_word' id='word_1_510' title='bbox 1066 3444 1208 3492; x_wconf 76' lang='lat' dir='ltr'>vire53</span> <span class='ocrx_word' id='word_1_511' title='bbox 1245 3441 1365 3486; x_wconf 87' lang='lat' dir='ltr'>Plin.</span> <span class='ocrx_word' id='word_1_512' title='bbox 1393 3442 1474 3500; x_wconf 88' lang='lat' dir='ltr'>Ep.</span> <span class='ocrx_word' id='word_1_513' title='bbox 1497 3442 1540 3490; x_wconf 75' lang='lat'>2,</span> <span class='ocrx_word' id='word_1_514' title='bbox 1562 3442 1603 3492; x_wconf 78' lang='lat'>7,</span> <span class='ocrx_word' id='word_1_515' title='bbox 1623 3441 1666 3484; x_wconf 77' lang='lat'>2.</span> <span class='ocrx_word' id='word_1_516' title='bbox 1702 3441 1751 3483; x_wconf 85' lang='lat' dir='ltr'>vi</span> <span class='ocrx_word' id='word_1_517' title='bbox 1779 3449 1824 3484; x_wconf 79' lang='lat' dir='ltr'>et</span> <span class='ocrx_word' id='word_1_518' title='bbox 1859 3454 1945 3484; x_wconf 83' lang='lat' dir='ltr'>ar-</span> 
     </span>
     <span class='ocr_line' id='line_1_96' title="bbox 1066 3515 1172 3542; baseline 0 0"><span class='ocrx_word' id='word_1_519' title='bbox 1066 3515 1172 3542; x_wconf 73' lang='lat' dir='ltr'>mis.</span> 
     </span>
    </p>
   </div>
   <div class='ocr_carea' id='block_1_21' title="bbox 1390 1813 2030 1872">
    <p class='ocr_par' dir='ltr' id='par_1_21' title="bbox 1390 1813 2030 1872">
     <span class='ocr_line' id='line_1_97' title="bbox 1390 1813 2030 1872; baseline -0.008 -14"><span class='ocrx_word' id='word_1_520' title='bbox 1390 1814 1595 1872; x_wconf 81' lang='lat' dir='ltr'>Intellige</span> <span class='ocrx_word' id='word_1_521' title='bbox 1626 1813 1693 1856; x_wconf 88' lang='grc' dir='ltr'>Μ.</span> <span class='ocrx_word' id='word_1_522' title='bbox 1725 1813 1949 1857; x_wconf 74' lang='lat' dir='ltr'>Licinium</span> <span class='ocrx_word' id='word_1_523' title='bbox 2028 1831 2030 1836; x_wconf 96' lang='lat'>·</span> 
     </span>
    </p>
   </div>
  </div>
 </body>
</html>
