2150 4022
233 265 309 322 16

225 394 459 470 tiaeque
503 388 696 450 adhuc
732 404 972 465 exstare.
991 425 992 428 =

582 262 646 322 C.
690 259 1250 331 CORNELIUS
1302 266 1727 331 TACITUS

1083 415 1471 474 quae-neque
1513 400 1859 459 confirmare
1879 415 1890 442 ⁸
1907 421 2083 478 argur-

205 479 474 549 ‘menti5,
532 497 723 554 neque
766 479 1030 537 refellere
1069 481 1135 539 in
1170 482 1371 539 animo
1409 493 1517 540 est:
1563 504 1647 558 fex
1687 484 1924 559 ingenio
1961 508 2080 552 ¹suo

228 565 478 643 quisque
507 564 706 620 demat
731 564 825 620 vel
856 565 1035 624 addat
1065 564 1258 627 fidem.

394 672 499 732 IV.
544 672 675 749 Ipse
706 691 910 732 eorum
938 676 1323 752 opinionibus
1350 677 1579 746 acced0‚
1612 677 1715 754 qui
1727 675 2082 739 Germaniae

224 759 476 837 populos
502 751 685 816 nullis
713 759 845 818 aliis
869 761 1121 842 aliarum
1144 763 1456 819 nationum
1488 763 1803 820 connubiis
1835 764 2080 824 infectos

225 1013 432 1055 stimant
471 1010 699 1066 (Druidae
743 1009 1013 1067 Gallorum)
1060 1025 1118 1053 ea

223 1068 469 1126 (carmina)
493 1069 664 1111 litteris
685 1071 942 1127 mandare,
973 1083 1114 1124 quum

221 1130 270 1170 in
307 1127 500 1182 reliquis
526 1127 642 1181 fere
692 1129 857 1175 rebus,
923 1128 1126 1180 publicis·

171 1199 177 1205 ³
218 1186 506 1241 privatisque
560 1184 850 1233 rationibus,
921 1183 1124 1227 Graecis·

221 1237 423 1286 utantur
444 1242 623 1286 litteris
684 1242 846 1284 Strabo
859 1242 929 1291 4.,
961 1258 1004 1300 p.
1020 1243 1114 1287 181..

221 1299 430 1351 Grimm,
481 1300 535 1343 de
568 1299 712 1341 Runis
746 1297 903 1343 Germ.
955 1314 1001 1357 p.
1038 1299 1109 1343 33.

219 1358 366 1402 Mone
396 1357 449 1400 T.
476 1357 531 1401 II.
564 1373 608 1414 p.
638 1358 706 1400 10.
804 1357 879 1400 Fr.
905 1355 1112 1415 Schlegel

222 1417 411 1459 Vorles.
446 1415 479 1458 l.
514 1431 560 1473 p.
582 1414 684 1457 222.
745 1414 1022 1459 Dahlmann.
1045 1417 1112 1458 hi-

217 1482 334 1517 stor.
359 1474 704 1526 Forschungen.
737 1473 773 1515 Ι.
805 1489 851 1531 p.
878 1472 975 1516 172.

276 1572 396 1613 quae
419 1571 578 1613 neque.
636 1554 723 1600 Ed.
747 1555 893 1601 Paris.
920 1558 1004 1613 qua·
1022 1571 1098 1600 ne-

218 1629 323 1673 que.

273 1715 570 1772 confirmare.
638 1713 789 1758 Codex
816 1713 1108 1759 Pircheimeri

215 1774 496 1832 adfirmare,
550 1773 672 1831 quod
710 1773 743 1814 si
781 1771 990 1816 admittas
1028 1789 1111 1817 vox

213 1833 512 1886 argumentis
532 1829 650 1874 haud
685 1829 819 1873 dubie
851 1829 1011 1873 melius
1037 1831 1112 1874 ab·

215 1891 322 1935 erit:
378 1898 421 1932 at
464 1889 606 1934 verbo
660 1888 945 1943 confirmare
994 1889 1108 1931 bene

214 1947 426 1994 convenit
457 1946 766 2000 argumentis.
835 1944 954 1988 Haec
986 1961 1008 1988 e
1040 1945 1110 1988 Li-

213 2007 273 2053 vii
330 2003 603 2063 praefatione
650 2009 828 2059 sumpta
878 2018 981 2045 cum
1027 2003 1109 2046 Er·

212 2063 356 2108 nestio
388 2070 431 2105 et
460 2059 617 2105 Hessio
662 2059 850 2103 minime
896 2060 1106 2104 adfirma-

215 2121 369 2165 verim.
427 2118 543 2170 Sunt
568 2117 844 2168 locutiones,
877 2133 988 2174 quae
1017 2135 1108 2162 sae·

211 2179 315 2239 pius
347 2177 675 2221 eodem'modo
700 2184 992 2232 repetuntur,
1023 2193 1110 2220 nec

213 2238 325 2281 adeo
389 2235 572 2294 inopem
630 2231 839 2277 dictionis
892 2233 1108 2277 Nostrum

210 2295 347 2338 fuisse
381 2300 516 2352 puto,
545 2299 619 2344 ut,
651 2291 687 2334 si
711 2305 797 2349 qua
824 2289 1013 2334 dicenda
1035 2308 1110 2335 es-

213 2360 325 2403 sent,
347 2350 624 2409 reputaverit
645 2357 720 2393 aut
742 2346 968 2403 evolv'erit,
998 2365 1109 2407 quo·

211 2410 349 2454 modo
370 2407 526 2455 Livius
551 2407 744 2451 dixisset.

271 2512 390 2556 CAP.
418 2509 462 2553 4.
543 2508 652 2551 aliis
679 2503 906 2551 ‘aliarum
948 2509 1105 2552 natio-

210 2585 327 2613 num
376 2566 638 2610 connubiis.
726 2564 901 2624 Lipsius
942 2565 1107 2624 aliique

210 2641 367 2672 vocem
413 2625 548 2666 .alils
612 2623 869 2666 redundare
932 2632 1107 2680 putant.

214 2687 371 2744 Quare
423 2680 619 2724 Pichena
676 2681 901 2724 tentabatz
964 2683 1109 2725 nullis

209 2744 582 2796 alienigenarum
645 2739 913 2782 nationum.
1017 2737 1105 2782 Sed

207 2798 445 2846 Passovius
467 2795 522 2839 ad
544 2795 585 2838 h.
608 2796 638 2840 l.
659 2804 898 2853 postquam
921 2795 1105 2839 uberius

210 2855 368 2904 docuit
392 2856 446 2898 ab
466 2851 676 2897 hocloco
691 2852 836 2896 aliena
860 2868 968 2905 esse,
993 2868 1106 2911 quae

206 2915 296 2965 viri
347 2911 470 2956 docti
521 2909 845 2967 disputaverint
899 2910 953 2954 de
1019 2925 1102 2952 usu

207 2969 486 3035 pl'eonastico
517 2967 726 3012 vocabuli
761 2964 922 3023 ἄλλος,
966 2968 1105 3025 alius,

206 3040 256 3077 ut
296 3024 541 3073 Heindorf.
581 3024 636 3067 ad
678 3023 794 3068 Plat.
831 3023 974 3084 Gorg.
1031 3024 1103 3067 64.

207 3108 253 3150 p.
277 3088 350 3132 91.
383 3092 427 3129 et
459 3083 515 3127 ad
543 3082 770 3125 Phaedon.
805 3082 912 3139 137„
935 3099 982 3141 p.
1004 3080 1105 3141 234.

207 3147 399 3204 aliique,
428 3142 522 3199 ipse
539 3138 683 3183 Taciti
706 3140 842 3186 verba
866 3157 889 3182 e
912 3148 1106 3184 structu·

208 3223 256 3250 ra
279 3205 328 3247 in
348 3202 442 3259 ipsa
474 3196 663 3257 periodo
697 3205 864 3240 mutata
899 3197 1104 3255 explicat.

207 3265 456 3309 Auctorem
491 3255 631 3299 fuisse
669 3253 921 3297 dicturum:
965 3255 1108 3297 nullis

209 3322 317 3364 aliis
370 3314 466 3363 nisi
508 3311 815 3369 popularibus
861 3311 1106 3354 connubiis

207 3379 401 3424 mixtos,
425 3386 565 3430 eaque
585 3371 708 3414 tanto
731 3367 907 3411 facilius
927 3368 1105 3412 licuisse

206 3435 404 3481 variare,
455 3436 624 3487 quanto
655 3425 860 3469 usitatior
894 3426 949 3469 sit
986 3424 1105 3483 apud

207 3501 376 3536 veteres
404 3483 599 3531 luxuries
625 3483 844 3543 quaedam
879 3483 925 3526 in
958 3482 1106 3541 gemi-

210 3547 362 3593 nando
388 3543 609 3589 adiectivo
631 3542 774 3584 alius.
836 3539 920 3582 Vir
944 3541 1104 3584 doctus

206 3607 253 3650 in
285 3602 519 3663 Supplem.
545 3598 729 3658 Ephem.
763 3596 828 3641 lit.
857 3597 952 3643 len.
970 3597 1101 3644 1829.

1190 1027 1261 1053 nr.
1297 1011 1369 1054 91.
1410 1019 1534 1068 putat
1581 1014 1785 1062 altarum
1826 1015 2096 1063 antianum·

1188 1068 1433 1125 explicandi
1479 1083 1609 1112 causa
1651 1069 1759 1114 addi
1788 1071 1938 1117 verbis
1970 1074 2090 1117 aliie·

1186 1125 1427 1169 connubiis
1446 1127 1611 1180 (durch
1628 1127 1763 1170 hcine
1779 1133 1980 1179 undem,
2007 1132 2081 1174 ich

1186 1187 1336 1226 meine
1347 1216 1361 1235 ‚
1395 1185 1483 1225 mit
1513 1186 1700 1227 andern
1727 1185 1965 1230 Nationen
1997 1203 2080 1242 ge-

1187 1244 1485 1284 schlossenen
1504 1241 1668 1297 Elaea).
1725 1242 1986 1300 Longolius·
1998 1247 2083 1288 in—

1186 1306 1457 1356 terpretatus
1504 1306 1595 1342 est:
1655 1302 1895 1343 dui-chaus
1917 1299 2081 1358 glarola

1186 1357 1318 1398 keine
1359 1360 1564 1404 andere,
1624 1371 1741 1416 quae·
1781 1373 1876 1401 non
1907 1358 2078 1404 insunt.

1185 1414 1274 1457 Sed
1302 1412 1388 1456 nisi
1423 1412 1582 1468 fallor,
1635 1422 1757 1458 tanta
1792 1413 2080 1473 ingeniorum

1186 1472 1480 1514 contentione
1513 1487 1607 1514 non
1642 1487 1754 1529 opus
1786 1482 1908 1522 erat,
1942 1483 1993 1516 ut
2015 1474 2080 1518 lo·
2147 1485 2150 1490 ⁴

1185 1544 1265 1571 cus
1293 1529 1404 1571 iusta
1435 1529 1809 1587 interpretatione
1842 1541 2081 1576 ornaretur

1183 1601 1208 1627 e
1222 1585 1392 1642 vulgari
1413 1587 1740 1629 consuetudine
1760 1586 1923 1630 dictus.
1963 1591 2080 1632 Alia

1180 1643 1393 1685 aliarum
1422 1644 1674 1686 nationum
1704 1646 1942 1688 connubia
1973 1656 2079 1691 sunt

1185 1700 1438 1748 connubia,
1469 1716 1581 1758 quae
1600 1701 1683 1746 alia
1707 1701 1832 1744 natio
1857 1703 1966 1745 cu'm
1995 1705 2085 1748 alia

1183 1757 1376 1801 invicem
1400 1756 1505 1810 init,
1529 1756 1667 1816 igitur
1698 1760 1930 1807 connubia
1961 1759 2077 1807 invi·-

1184 1830 1282 1857 cem
1318 1824 1497 1858 externa
1529 1825 1572 1859 et
1606 1816 1856 1874 peregrina.
1931 1813 2079 1862 Verba
2115 1857 2120 1865 ,

1182 1875 1288 1914 aliis
1316 1875 1523 1914 aliarum
1552 1874 1804 1916 nationum
1825 1889 1963 1918 unam
1985 1875 2078 1920 effi-

1184 1929 1307 1972 ciunt
1349 1930 1583 1973 notionem
1622 1939 1668 1974 et
1699 1931 1804 1975 voci
1840 1934 2079 1982 connubiis

1183 1987 1414 2030 adduntur
1443 2003 1528 2045 pro
1558 1987 1798 2034 adiectivo.
1843 1989 1978 2035 -Nihil
1997 1991 2077 2050 igi-

1179 2053 1254 2087 tur
1273 2043 1360 2088 huc
1382 2044 1608 2101 pertinent
1629 2046 1842 2104 exempla,
1868 2062 1983 2103 quae
2001 2049 2078 2095 ad-

1179 2101 1390 2145 feruntur
1405 2117 1428 2144 e
1440 2101 1558 2146 Ptin.
1570 2101 1626 2152 N.
1638 2101 1695 2147 Η.
1710 2102 1780 2155 34,
1791 2105 1835 2148 4.
1854 2104 2075 2163 effigiem·

1181 2176 1267 2215 que
1295 2160 1542 2202 hominum
1575 2169 1620 2202 et
1649 2162 1858 2204 aliorum
1884 2162 2075 2218 anima·

1179 2218 1294 2259 lium
1307 2235 1323 2269 ‚-
1357 2225 1432 2260 aut
1453 2233 1501 2260 ex
1515 2215 1656 2264 Ovid.
1671 2218 1857 2263 Metam.
1884 2218 1951 2271 10,
1972 2217 2074 2267 309.

1167 2273 1338 2331 flor-esc
1353 2287 1408 2317 ue
1439 2277 1559 2317 alios
1567 2291 1582 2326 ,·
1622 2285 1700 2321 aut
1731 2292 1755 2319 e
1789 2275 1938 2323 Plaut.
1966 2280 2073 2322 Am·

1182 2330 1315 2389 phitr.
1333 2290 1460 2376 {Px-ol.
1481 2331 1552 2376 34.
1573 2334 1687 2378 iuste
1710 2334 1770 2376 ab
1788 2333 2074 2394 iustisl'iaste,

1182 2397 1224 2432 et
1242 2387 1411 2437 ibidem
1433 2390 1542 2437 Act.
1565 2389 1599 2436 Ι.
1629 2405 1692 2434 sc.
1716 2392 1756 2439 l,
1773 2389 1871 2451 122.
1896 2393 2074 2449 optimo

1180 2447 1353 2500 optime
1386 2448 1630 2500 optimam.
1691 2447 1852 2505 nImmo
1886 2450 2072 2506 cfiinc.

1183 2502 1275 2548 Off.
1312 2506 1350 2555 1,
1379 2504 1453 2548 32.
1486 2505 1711 2548 virtutum
1741 2508 1790 2548 in
1821 2508 1921 2550 alfa
1951 2509 2074 2554 alatas

1180 2564 1363 2605 mavult
1420 2563 1661 2606 excellere.
1763 2561 1830 2606 ld.
1873 2563 1961 2609 Or.
2001 2567 2072 2611 11.

1180 2619 1315 2661 aliud
1344 2619 1453 2662 aliis
1480 2621 1661 2661 videtur
1683 2619 1927 2674 optimum,
1986 2620 2072 2667 Te-

1177 2685 1280 2720 rent
1302 2675 1489 2719 Phorm.
1512 2677 1555 2728 2,
1575 2676 1617 2728 2,
1636 2675 1711 2720 29.
1737 2676 1850 2721 aliis
1880 2679 2072 2727 aliunde

1178 2741 1247 2776 cst
1277 2734 1553 2785 periculum.
1647 2731 1785 2778 Plura
1817 2735 1921 2790 vi'd'e
1954 2751 1978 2779 a
2011 2741 2070 2781 ud

1176 2789 1550 2836 Ramshorn.Gr.
1580 2793 1624 2846 §.
1645 2791 1740 2836 197.
1775 2793 1935 2851 Ρ.638.
1980 2753 2072 2840 ffic-

1175 2857 1322 2890 terum
1345 2846 1600 2892 Walchius
1636 2849 1684 2892 in
1717 2848 1916 2895 editione
1940 2851 2071 2898 huius

1174 2903 1313 2948 libelli
1336 2905 1611 2951 vocabulum
1635 2906 1742 2952 aliis
1763 2899 1938 2953 delevit.
1992 2956 1998 2965 ¹

1235 3019 1445 3075 infectos.
1517 3021 1836 3068 Passoviusfad
1854 3022 1907 3069 li.
1923 3023 1956 3070 l.
1977 3027 2070 3071 ani-

1177 3077 1417 3122 madvertit
1455 3078 1604 3123 verbis
1639 3079 1846 3136 Inficere,
1880 3082 2071 3146 videre,

1177 3148 1505 3187 corrumpere,
1554 3149 1793 3181 venenare
1825 3138 1878 3185 et*
1898 3140 2070 3196 graecis

1175 3194 1404 3250 μἰαίνειν,
1442 3189 1664 3252 μολύνειν
1674 3195 1707 3250 ,“
1729 3196 1943 3254 φθείρειν
1974 3213 2069 3244 non

1177 3249 1417 3294 adhaerere
1431 3251 1665 3295 notionem
1676 3253 1748 3301 >rei
1770 3252 1816 3303 in
1827 3251 1956 3311 peius
1971 3272 2069 3300 mu,

1178 3314 1316 3360 tatae,
1372 3307 1450 3350 sed
1486 3307 1647 3352 mixtae
1682 3316 1858 3354 tantum
1899 3319 1943 3355 et
1973 3329 2068 3370 non

1176 3363 1267 3407 iam
1307 3363 1523 3409 sincerae.
1613 3365 1674 3411 cf.
1708 3365 1838 3411 Iliad.
1878 3364 1937 3420 δ’,
1965 3370 2068 3417 141.

1176 3421 1306 3466 Pors.
1327 3422 1382 3465 ad
1401 3421 1722 3481 Eurip.Orest.
1749 3425 1847 3469 909.
1906 3425 2068 3472 Sebae-

1175 3477 1263 3523 fer.
1288 3478 1343 3521 ad
1357 3478 1548 3539 Dionys.
1568 3480 1670 3525 Hal.
1695 3480 1751 3526 de
1772 3496 1877 3528 com
1913 3513 1926 3527 .
1945 3484 2067 3532 verb.

1175 3552 1222 3595 p.
1249 3534 1346 3579 131.
1419 3537 1565 3581 Tacit.
1594 3536 1751 3583 Germ.
1784 3555 1824 3584 c.
1903 3571 1916 3585 .
1958 3541 2065 3586 ln·

1175 3602 1377 3653 terprett.
1402 3593 1455 3638 ad
1470 3590 1624 3654 virgil.
1643 3594 1810 3654 Georg.
1838 3598 1881 3652 2,
1898 3597 1999 3644 466.
2023 3610 2066 3645 et
