2150 4022
548 271 1068 334 DIALOGUS.
1155 270 1354 334 CAP.
1399 269 1493 332 15.

1817 270 1944 329 283

100 420 313 475 strum,
355 415 423 461 ut
450 422 650 461 causas
676 399 853 459 liuius
877 401 1139 457 infinitae
1165 401 1531 457 differentiae
1562 411 1852 459 scrutetur
1879 421 1945 459 ac

101 493 339 560 reddat,
406 507 549 565 quas
603 508 833 544 mecum
890 487 1012 562 ipse
1062 486 1411 561 plerumque
1465 480 1772 562 conquiro,

1869 499 1945 559 et,

100 577 259 654 quod
299 573 653 650 quibusdam
697 572 902 629 solatio
944 582 1060 640 est,
1101 565 1277 636 ‚mihi
1316 581 1487 642 auget
1524 571 1945 646 quaestionem,

101 660 238 738 quia
284 659 488 727 vide0,
555 657 729 714 etiam
781 655 980 713 Graiis
1032 655 1340 723 accidisse,
1401 665 1467 710 ut
1515 655 1750 729 longius
1796 655 1947 712 absit

99 739 391 804 Aeschine
419 753 472 798 et
485 738 883 799 Demosthene
912 740 1196 797 Sacerdos
1222 740 1328 793 iste
1351 737 1582 794 Nicetes
1602 785 1618 808 ‚
1657 752 1712 796 et
1738 741 1786 796 si
1814 741 1946 817 quis

101 830 251 887 alius
284 824 588 904 Ephesum
631 828 724 883 vel
762 825 1081 905 Mytilenas
1128 823 1418 881 contentis
1464 819 1946 888 scholasticorum

158 1017 396 1074 conquiro.
443 1015 548 1059 MS.
563 1016 701 1074 Neap.
720 1017 914 1073 inquiro,
935 1038 988 1047 —

100 1076 191 1120 Pro
219 1078 491 1131 plerumque
513 1074 805 1117 Heumannus
831 1074 990 1118 conie-

101 1133 164 1179 cit
189 1146 441 1187 persaepe,
479 1131 688 1188 idemque
716 1130 990 1174 adversativa

101 1189 319 1236 sententia
351 1205 436 1248 pro
462 1191 525 1233 Et
549 1192 675 1245 quod
704 1189 860 1231 maluit
890 1202 990 1230 cor-

101 1248 184 1305 rigi
214 1249 275 1290 Ac
305 1250 429 1302 quod
463 1256 577 1300 etc.,
618 1254 862 1303 utrumque
893 1245 989 1288 sine

104 1320 236 1350 causa
259 1303 436 1347 idonea.

161 1389 442 1445 quibusdam
465 1387 634 1430 solatio
657 1395 739 1431 est.
800 1385 989 1430 Acidalii

103 1445 407 1490 coniecturam
441 1448 610 1489 solutio
640 1453 712 1486 est
739 1446 769 1489 i.
793 1462 832 1488 e.
856 1445 992 1488 solvit

102 1500 408 1560 quaestionem
424 1533 436 1553 ‚
466 1501 805 1546 Schurzsseisch.
829 1511 870 1545 et
887 1504 992 1544 Bro-

102 1567 186 1603 ter.
208 1559 486 1617 probarunt,
513 1575 606 1601 non
629 1568 884 1617 reputantes
914 1559 993 1608 illi,

102 1622 200 1658 tum
223 1615 463 1659 dicendum
482 1615 642 1668 fuisse,
674 1632 792 1673 quae
812 1619 991 1673 quibus-

105 1673 422 1716 dam-solutio
456 1680 550 1728 est,
599 1675 695 1724 vel,
733 1679 854 1730 quod
889 1675 991 1729 qui-

106 1733 303 1774 busdam
348 1731 573 1773 solutioni
611 1740 679 1773 est
699 1762 713 1780 ‚
781 1731 824 1774 id
871 1731 993 1787 quod

107 1803 212 1835 vere
230 1787 408 1831 monuit
420 1785 566 1833 Orell.
579 1787 757 1846 Proleg.
780 1805 824 1847 p.
837 1788 994 1833 XLV1.

164 1877 305 1926 auget
336 1871 670 1928 quaestionem.
731 1871 832 1915 MS.
858 1871 994 1930 Neap.

107 1930 416 1986 questionem.
487 1928 715 1973 Sententia
751 1937 839 1973 est:
896 1947 995 1973 ma—

108 1989 204 2030 iore
277 1984 409 2028 huius
483 1985 757 2029 differentiae
842 2003 995 2030 causas

108 2042 408 2101 cognoscendi
443 2042 685 2100 cupiditate
726 2060 799 2088 me
834 2045 994 2088 incen-

108 2101 187 2145 dit.

793 2145 813 2167 4

169 2184 344 2228 Graii&
412 2183 489 2228 Sic
520 2200 675 2229 omnes
707 2185 809 2229 edd.
839 2185 944 2228 inde
973 2200 998 2228 a

108 2240 316 2293 Puteal„
381 2257 529 2298 neque
578 2242 624 2284 id
678 2244 999 2302 spernendum,

111 2314 254 2358 quum
310 2306 353 2342 et
412 2298 486 2342 alii
544 2300 786 2357 scriptores
845 2300 998 2344 eadem

110 2358 260 2400 forma
283 2363 494 2405 utantur,
525 2357 665 2401 veluti
685 2358 836 2416 Nepos
857 2355 1000 2416 praef.

111 2413 156 2458 3.
194 2412 411 2456 Themist.
439 2412 479 2465 9,
500 2414 545 2457 2.
582 2413 732 2458 Alcib.
752 2417 796 2470 7,
816 2416 862 2458 4.
904 2414 1000 2456 Eu-

113 2485 236 2514 men.
273 2473 312 2526 1,
346 2469 389 2512 5.
437 2471 614 2528 aliique.
686 2472 823 2515 MSS.
859 2470 1000 2530 Neap.

111 2529 289 2584 [Fam]
315 2536 359 2571 et
383 2527 454 2572 ed.
476 2528 595 2590 Spir.
618 2530 786 2584 gratis.

171 2619 222 2654 ut
247 2613 429 2666 longius
449 2612 570 2655 absit
585 2613 809 2657 Aeschine
833 2619 878 2655 et
901 2609 1003 2654 De-

116 2670 372 2714 mosthene.
458 2670 562 2713 MS.
604 2670 745 2729 Neap.
799 2672 999 2724 abiisset,

116 2728 194 2772 sed
216 2742 349 2785 supra
369 2727 586 2786 scripturn
608 2735 673 2770 est
692 2728 824 2778 absit,
851 2728 1006 2782 [Farn.

117 2786 222 2830 cod.
245 2786 464 2840 abiissem}
485 2812 543 2821 --
574 2785 676 2831 edd.
701 2785 907 2842 antiquae
929 2787 1006 2827 ab·

117 2845 178 2886 sit
207 2842 427 2887 Eschines
465 2851 510 2888 et
538 2842 884 2887 Demosthenes
915 2840 1007 2897 (vel

119 2899 454 2956 Demossenes,
496 2907 546 2943 ut
569 2900 639 2944 ed.
664 2901 815 2958 Spin).
877 2897 1007 2954 Quae

120 2959 315 3000 correxit
331 2955 530 3000 Rhenan.
560 2958 608 3000 in
638 2959 854 3017 castigatt.
886 2957 1008 2999 absit

121 3016 342 3059 Aeschine
381 3020 425 3056 et
455 3015 799 3071 Demosthene,
858 3015 1009 3072 itaque

123 3071 357 3116 ediderunt
398 3086 555 3116 omnes
589 3089 716 3132 sqq..
763 3075 847 3118 nisi
885 3070 1008 3129 quod

125 3129 300 3172 Orellio
336 3127 500 3185 placuit
531 3133 749 3188 scriptura
784 3131 830 3173 in
869 3144 1012 3185 marg.

125 3186 252 3229 editt.
271 3185 485 3229 Francos.
508 3197 547 3229 et
563 3187 727 3232 Coton.
751 3195 902 3234 notata
923 3189 1011 3227 ab·

124 3245 181 3288 sit
221 3246 282 3286 ab
320 3243 546 3287 Aeschine
593 3252 638 3287 et
674 3245 812 3288 Dem.
886 3242 1015 3287 Solet

127 3300 250 3344 enim
281 3301 341 3342 ab
368 3301 637 3360 praepositio
667 3304 713 3345 in
739 3303 867 3347 huius
894 3300 1014 3342 verbi

129 3365 349 3402 structura
396 3360 535 3416 repeti
581 3358 661 3413 (cf.
704 3361 819 3405 infra
866 3376 905 3404 c.
943 3356 1014 3400 23·

130 3414 249 3458 Plin-
282 3415 445 3473 Paneg.
477 3431 518 3460 c.
551 3418 590 3460 1.
613 3416 682 3460 63.
706 3418 776 3464 71.
822 3414 1017 3473 Quintil.

135 3473 335 3523 Inst.,0r.
363 3476 401 3523 1,
421 3472 462 3523 3,
484 3476 529 3517 2.
573 3477 640 3522 10,
661 3476 730 3519 21.
773 3478 839 3525 11,
871 3475 914 3517 3.
949 3472 1018 3516 15.

136 3538 178 3574 et
197 3530 411 3574 sexcentis
430 3530 559 3586 locis)
574 3562 586 3580 ,
615 3548 672 3575 ne
706 3547 760 3575 ue
782 3540 926 3575 tamen
946 3530 1017 3571 de·

135 3595 239 3632 sunt
281 3587 394 3639 loci,
440 3591 602 3645 quibus
644 3605 765 3634 sous
806 3586 1021 3633 ablativus
1093 3589 1293 3632 moribus
1337 3588 1530 3648 epitheto
1572 3587 1741 3647 aliquo.

1062 1028 1156 1056 non
1187 1012 1358 1058 adiecta
1393 1010 1722 1069 praepositione
1747 1012 1951 1070 reperia-

1061 1079 1150 1114 tur.
1221 1070 1292 1114 Cf.
1323 1069 1473 1113 Hand.
1504 1068 1741 1115 Tursellin.
1775 1071 1880 1114 Vol.
1913 1072 1950 1116 l.

1061 1144 1106 1187 p.
1129 1128 1201 1171 38.
1233 1129 1303 1171 69.

1119 1215 1340 1254 sacerdos
1358 1213 1440 1254 iste
1453 1212 1650 1255 Nicetes.
1698 1208 1800 1255 MS.
1812 1210 1952 1270 Neap.

1062 1275 1104 1312 et
1128 1269 1227 1311 edd.
1252 1272 1458 1328 antiquae
1482 1272 1658 1312 sacerd.
1685 1269 1771 1310 iste
1793 1271 1951 1323 enitet,

1062 1326 1183 1384 quod
1225 1343 1326 1370 cum
1362 1326 1463 1370 satis
1498 1325 1631 1368 dubia
1669 1325 1953 1369 correctione

1061 1383 1303 1428 Rhenanus
1343 1385 1391 1427 in
1429 1383 1684 1425 Dositheus
1726 1391 1953 1431 mutasset,

1062 1441 1277 1500 palmaria
1314 1441 1623 1485 emendatione
1653 1439 1827 1497 Lipsius
1850 1443 1954 1483 An·

1063 1500 1144 1555 tiq.
1178 1499 1298 1544 Lect..
1336 1501 1369 1551 l,
1404 1499 1470 1541 16.
1509 1497 1703 1540 restituit
1739 1503 1958 1541 sacerdos

1064 1557 1153 1598 iste
1186 1557 1384 1599 Nicetes.
1455 1555 1559 1598 Fuit
1597 1554 1634 1597 is
1667 1555 1956 1613 Smyrnaeus,

1063 1620 1107 1656 et
1146 1613 1300 1656 rhetor
1338 1630 1390 1656 ea
1429 1620 1567 1656 aetate
1603 1627 1692 1654 non
1730 1612 1958 1671 ignobilis,

1064 1686 1199 1728 quem
1228 1671 1398 1723 Plinius
1430 1685 1606 1728 quoque
1637 1667 1957 1730 frequentare-,-

1063 1737 1130 1770 rat
1169 1728 1247 1781 (cf.
1280 1724 1420 1785 Epist.
1450 1728 1490 1778 6,
1521 1727 1562 1777 6,
1593 1726 1671 1782 3.).
1748 1727 1818 1771 Cf.
1854 1729 1956 1771 Phi-

1064 1785 1236 1837 lostrat.
1266 1786 1354 1829 Vit.
1379 1784 1572 1843 Sophist.
1600 1785 1638 1837 1,
1666 1785 1734 1828 19.
1792 1784 1957 1831 Senec.

1066 1841 1289 1888 Controv.
1313 1841 1355 1894 4,
1375 1843 1446 1887 25.
1479 1844 1519 1893 9,
1538 1842 1582 1884 2.
1619 1841 1802 1886 Suasor.
1829 1845 1870 1887 1.

1124 1942 1380 1999 Mytilenas.
1448 1941 1549 1984 MS.
1573 1940 1716 1999 Neap.
1739 1943 1960 2000 Mythila„

1066 2015 1180 2051 nas,
1211 2000 1314 2042 edd.
1331 1999 1449 2057 Spir.
1466 1999 1571 2042 Put.
1592 1999 1858 2054 Mitilenas,
1889 2005 1961 2049 ed.

1067 2057 1188 2101 Pith.
1236 2057 1540 2112 Mitylenam3
1598 2056 1798 2114 reliquae
1854 2062 1959 2106 edd.

1067 2115 1320 2172 Mitylenas
1362 2124 1536 2171 praeter
1575 2113 1752 2158 Dronk.
1798 2117 1960 2172 [Bekk.

1068 2172 1291 2216 Boettich.
1319 2171 1561 2228 Rupert.]‚
1603 2173 1678 2228 qui
1712 2173 1963 2229 Mytilenas

1070 2229 1325 2273 ediderunt.
1361 2230 1410 2271 cf
1437 2237 1534 2273 not.
1551 2230 1601 2271 ad
1620 2231 1756 2278 An.6‚
1771 2232 1837 2275 18.
1862 2234 1961 2285 [ubi

1070 2286 1492 2342 addeVVesseling.
1529 2287 1580 2327 ad
1612 2287 1777 2332 Herod.
1800 2291 1962 2339 1,.160.

1071 2344 1263 2386 Bekker.
1297 2344 1351 2385 ad
1374 2342 1579 2401 Thucyd-
1604 2344 1646 2392 3‚
1669 2345 1711 2389 2.
1735 2352 1777 2388 et
1802 2346 1961 2392 Plehn.

1071 2402 1270 2449 Lesbiae.
1294 2416 1337 2457 p.
1364 2402 1465 2455 11.].

1126 2499 1360 2543 contentis
1381 2501 1768 2544 scholasticorum
1791 2506 1964 2548 clamo-

1070 2560 1196 2601 ribus
1220 2558 1384 2613 quatit.
1444 2557 1670 2614 Sequutus
1699 2575 1800 2604 sum
1832 2565 1961 2619 egre-

1071 2616 1186 2673 giam
1212 2613 1384 2657 Pithoei
1418 2616 1811 2671 emendationem,
1851 2636 1966 2678 quae

1071 2674 1129 2716 ab
1169 2671 1345 2716 Ernest.
1380 2671 1557 2715 Broter.
1594 2673 1783 2718 Seebod.
1818 2676 1966 2724 Orell-

1077 2729 1287 2781 [Bekker.
1310 2728 1581 2773 Boetticher.
1603 2730 1812 2788 Rupert.]
1843 2744 1886 2779 et
1911 2737 1967 2779 F.

1076 2789 1134 2831 A.
1157 2786 1348 2830 Wolfio
1380 2786 1408 2828 l.
1436 2786 1464 2830 l.
1531 2789 1684 2830 robata
1721 2800 1799 2833 est.
1858 2794 1970 2842 „De

1079 2842 1319 2890 commotis
1355 2803 1582 2900 plausibus
1622 2845 1971 2903 auditoriorum,

1077 2901 1225 2960 inquit
1259 2899 1499 2952 wolfi-1⁸³,
1552 2908 1702 2944 sermo
1743 2913 1831 2958 est,
1877 2924 1971 2952 non

1081 2961 1136 3003 de
1175 2958 1409 3001 Stentorea
1446 2958 1639 3002 rhetoris
1680 2960 1971 3008 declamantis

1078 3032 1207 3062 voce.
1225 3016 1254 3036 ''
1315 3014 1364 3058 In
1388 3014 1581 3071 reliquis·
1598 3016 1722 3060 libris
1743 3021 1970 3070 omnibus,

1082 3074 1215 3119 codd.
1239 3087 1420 3129 quoque
1442 3072 1590 3131 Neap.
1605 3078 1667 3127 [et
1689 3074 1847 3130 Far-n]
1867 3093 1973 3120 eon·

1084 3138 1234 3175 tentus
1258 3131 1472 3186 scriptum
1497 3141 1586 3182 est,
1630 3147 1721 3190 quo
1745 3134 1973 3179 rhetorem

1084 3194 1295 3232 contenta
1331 3203 1438 3230 voce
1481 3188 1738 3246 loquentem
1782 3191 1974 3235 indicari

1087 3261 1178 3289 non
1213 3259 1340 3300 posse
1374 3254 1505 3302 patet.
1577 3246 1665 3289 Sed
1701 3248 1862 3291 volunt
1897 3249 1976 3292 in·-

1086 3309 1302 3359 terpretes
1366 3302 1605 3358 significari
1665 3305 1826 3353 talem,
1899 3308 1976 3367 qui

1087 3358 1411 3415 discipulorum
1435 3368 1679 3417 coetusque
1706 3362 1881 3406 collecti
1903 3364 1979 3408 ad-

1090 3416 1429 3460 clamationibus
1469 3424 1708 3460 contentus
1741 3419 1796 3461 sit
1827 3420 1978 3480 eisque

1090 3488 1264 3516 summa
1299 3487 1500 3532 quaeque
1535 3474 1615 3517 sibi
1657 3473 1843 3532 adeptus
1883 3488 1979 3522 esse

1090 3529 1305 3574 videatur.
1363 3530 1449 3573 Sed
1478 3538 1667 3587 praestat
1693 3535 1846 3578 ornari
1875 3539 1979 3578 ela-

1825 3591 1981 3649 Quare
