2150 4022
498 286 1032 362 omnnem.
1117 299 1319 359 CAP.
1351 301 1451 360 30.
1775 299 1900 360 347

56 438 212 512 apud
236 434 562 493 Diodotum
584 432 849 491 Stoicum
884 450 1089 488 omnes
1125 426 1538 506 philosophiae
1573 439 1768 506 partes
1803 451 1910 507 pe-

57 523 216 583 nitus
253 517 537 577 hausisse:
595 537 788 593 neque
825 513 921 574 his
960 516 1299 572 doctoribus
1328 516 1700 584 contentum,
1758 537 1913 592 quo-

59 626 193 664 rum
237 605 291 661 ei
331 606 498 680 copia
537 604 604 659 in
641 605 791 660 urbe
832 602 1181 674 contigerat,
1249 597 1536 657 Achaiam
1575 621 1810 677 quoque
1853 614 1913 660 et

61 689 266 749 Asiam
302 709 669 766 peragrasse,
721 699 789 744 ut
827 706 1060 743 omnem
1099 686 1368 742 omnium
1406 686 1622 742 artium
1657 687 1912 746 varieta-

59 779 174 834 tem'
225 776 724 851 complecteretur.
812 773 1008 848 itaque
1060 767 1259 827 hercle
1299 771 1364 826 in
1400 770 1570 826 libris
1607 770 1912 830 Ciceronis

59 857 498 936 deprehendere
525 861 690 926 lieet,
733 877 858 915 non
885 855 1268 931 geometriae,
1310 876 1432 911 non
1460 856 1740 927 musicae,
1785 879 1912 931 non

62 947 507 1019 grammaticae,
559 964 680 1000 non
719 943 973 1019 denique
1006 940 1188 998 ullius
1224 940 1512 1013 ingenuae
1547 941 1688 997 artis
1724 944 1913 1000 sci-en..

62 1033 206 1088 tiam
236 1032 291 1088 ei
320 1032 590 1088 defuisse.

62 1117 204 1173 ralis
260 1117 444 1192 partis
500 1115 814 1171 utilitatem
833 1159 849 1183 ‚

65 1213 432 1275 cognoverat.

63 1391 278 1451 Ed.Spi1-.
302 1391 434 1439 habet
455 1391 794 1434 archademiczz
810 1405 824 1440 ‚·
852 1387 953 1437 edd.

64 1449 168 1495 Put.
191 1458 234 1492 et
257 1449 354 1494 Riv.
384 1451 750 1492 achademicum.

119 1533 403 1577 Diodotum.
474 1531 586 1573 Edd.
620 1531 739 1588 Spir.
777 1538 818 1573 et
856 1545 954 1587 sqq.

65 1591 299 1633 onmes'ad
324 1589 533 1633 Gronov.
559 1605 696 1644 usque
726 1597 768 1630 et
803 1588 857 1630 ad
888 1589 956 1628 ffi-

65 1655 192 1704 pont.
211 1662 378 1690 nomen
398 1647 528 1689 huius
552 1645 818 1703 philosophi,
845 1645 956 1686 Dia·

65 1709 232 1747 dorum
284 1704 534 1747 exhibendo
553 1734 564 1752 ‚
642 1703 959 1760 corruperunt,

67 1763 86 1813 [
119 1777 201 1812 uae
222 1761 400 1817 quidem
424 1760 572 1803 forma
600 1761 733 1803 etiam
761 1761 804 1802 in
826 1760 956 1802 Farn.

69 1777 183 1861 liin-0
196 1818 471 1863 aNiebuhrio
485 1826 658 1876 reperta
671 1819 769 1872 estJ.
783 1816 958 1874 Lipsius

67 1876 157 1919 iam
191 1877 237 1918 in
271 1877 371 1923 edd.
406 1874 727 1933 posterioribus
760 1875 957 1930 itemque

67 1935 166 1976 edd.
183 1942 370 1976 reeentt.
385 1943 674 1976 correxerunt
687 1932 956 1978 Diodotum,

68 2006 198 2049 quem
225 1990 384 2035 Cicero
420 1989 794 2032 commemoravit
826 1990 954 2030 Brut.

67 2065 105 2091 c.
138 2049 208 2097 90.
247 2052 273 2102 §
295 2049 422 2092 309.=
475 2048 621 2089 Eram
660 2062 762 2088 cum
799 2046 955 2089 Stoico

67 2105 291 2148 Diodoto:
310 2107 388 2161 qui
398 2121 501 2147 cum
517 2104 818 2159 habitavisset
831 2105 957 2157 apud

67 2177 142 2205 me
169 2179 442 2219 mecumque
470 2165 683 2216 vixisset,
717 2176 866 2214 nuper
887 2167 957 2202 cst

65 2223 202 2262 domi
223 2236 358 2262 meme
381 2228 614 2262 mortuus.
676 2222 718 2262 A
741 2234 826 2273 quo
853 2233 956 2259 cum

68 2278 116 2321 in
137 2280 244 2320 aliis
267 2280 405 2320 rebus
427 2286 526 2320 tum
548 2277 887 2319 studiosissime
910 2276 958 2316 in

67 2335 308 2376 dialectica
332 2337 606 2376 exercebar.

125 2433 284 2462 omnes
305 2419 622 2474 philosophiae
643 2424 823 2472 parte-9.
883 2416 959 2460 Sic

70 2475 206 2520 MSS.
242 2476 382 2534 Neap.
420 2475 588 2519 Vaticc.
637 2476 736 2518 edd.
779 2473 959 2517 schulz.

73 2533 260 2578 Seebod.
292 2532 471 2578 Dronk.
506 2532 676 2578 Osann.
712 2530 860 2574 Orell.
896 2535 958 2583 [et

72 2590 456 2648 recentissimae];
493 2590 539 2632 in
577 2592 645 2633 ed.
673 2589 791 2646 Spir.
827 2589 958 2634 oritis,

71 2649 118 2690 in
154 2649 254 2692 edd.
294 2648 394 2691 Put.
429 2656 472 2690 et
508 2648 604 2694 Riv.
645 2648 713 2688 ois
755 2647 958 2693 exstabat,

74 2705 194 2747 unde
231 2706 277 2749 in
320 2705 505 2764 reliquis
549 2705 759 2746 omnibus
807 2704 960 2745 omnis

71 2771 292 2805 mutatum
326 2772 400 2806 est.
466 2761 810 2805 praeferendam
842 2761 959 2802 duco

73 2819 269 2863 sormam
295 2822 524 2880 vulgarem
549 2819 682 2863 codd.
708 2817 962 2867 stabilitam,

74 2879 273 2932 quamvis
320 2879 391 2922 vix
435 2881 684 2921 verendum
736 2874 822 2923 sit,
904 2889 960 2917 ne

75 2934 174 2998 quis
199 2941 356 2978 omnis
379 2952 483 2979 cun»
500 2932 824 2990 philosophiae
848 2948 962 2976 con-

78 3000 245 3048 iungat.

133 3075 279 3127 copia.
339 3074 438 3117 MS.
469 3073 602 3131 Neap.
642 3075 848 3128 copiam,
891 3088 963 3114 er-

77 3146 181 3172 rore
208 3147 256 3173 ex
280 3147 371 3189 seq.
396 3131 726 3190 praepositione
745 3134 792 3173 in
819 3140 936 3173 orto.

135 3217 364 3259 Achaiam
386 3230 563 3270 quoque
587 3222 631 3256 ct
647 3217 823 3261 Asiam.
857 3215 963 3259 Per-

78 3273 407 3330 egrinationum
442 3287 593 3314 causas
627 3273 854 3317 enarravit
883 3273 963 3316 Gi-

80 3345 183 3374 cero
214 3330 352 3372 bruto
379 3345 475 3387 cap.
499 3329 568 3371 91.

137 3417 434 3466 geometriae.
493 3414 575 3458 Ed.
588 3416 702 3474 Spir.
718 3425 965 3479 geometrf‚

86 3472 239 3513 eadem
271 3473 315 3514 in
351 3472 573 3529 principio
617 3475 833 3518 enuntiati
877 3492 968 3530 seq.

84 3529 172 3590 Illf
198 3545 279 3585 pro
301 3532 392 3572 ille.

141 3612 334 3654 moralis
361 3612 514 3668 parcis
547 3614 818 3659 utilitatem.
879 3616 973 3660 (lic.

682 1029 781 1084 ille
811 1027 1146 1084 dialecticae
1174 1026 1587 1095 subtilitatem,
1642 1027 1743 1084 iile
1782 1050 1914 1085 mo-

870 1104 873 1109 *
934 1112 1036 1168 ille
1092 1130 1290 1167 rerum
1348 1122 1543 1166 motus
1600 1131 1915 1190 causasque

518 1199 606 1257 Ita
645 1200 802 1255 enim
840 1208 953 1267 est,
1009 1195 1217 1271 optimi
1255 1194 1399 1264 viri,
1457 1195 1562 1251 ita:
1621 1217 1685 1251 ex
1726 1200 1912 1258 multa

1026 1388 1079 1430 de
1103 1386 1193 1429 sato
1221 1402 1260 1429 c.
1287 1389 1327 1430 1.
1354 1400 1440 1428 nos
1464 1401 1569 1427 eam
1593 1395 1781 1439 partem
1800 1390 1914 1446 plaj-

1025 1446 1259 1499 lnsophiae
1282 1449 1339 1486 de
1362 1447 1565 1486 moribus
1583 1448 1823 1498 appellare
1844 1465 1914 1490 so·

1026 1505 1204 1543 lamus:
1248 1504 1332 1543 sed
1368 1505 1497 1543 decet
1536 1511 1782 1554 augentem
1823 1508 1916 1548 lin-

1026 1575 1169 1614 guam
1210 1559 1415 1601 latinam
1454 1562 1701 1601 nominare
1744 1559 1912 1605 morci-

1028 1622 1145 1670 tem,
1189 1616 1456 1673 quibuscum
1497 1620 1827 1673 comparandus
1852 1631 1916 1671 est

1031 1674 1192 1730 Quint.
1219 1674 1326 1715 lnst.
1354 1689 1422 1715 or.
1445 1674 1485 1723 6,
1507 1675 1548 1727 2,
1572 1674 1615 1717 8.
1644 1685 1685 1717 ct
1709 1677 1774 1725 1⁶2,
1789 1679 1915 1728 210.
1956 1693 1957 1699 ¹

1030 1740 1074 1774 et
1106 1732 1172 1773 15.
1245 1730 1407 1773 iniuria
1446 1730 1490 1772 in
1526 1747 1628 1774 voc.
1662 1734 1916 1780 utilitatem

1028 1789 1266 1831 haeserunt
1288 1787 1464 1831 Acidai.
1493 1797 1532 1830 et
1558 1787 1916 1845 Schurzsseiseh„

1029 1861 1225 1904 quorum
1268 1846 1380 1888 alter
1424 1847 1711 1888 nobilitatem
1746 1847 1915 1898 substi-

1028 1903 1244 1946 tuendum
1283 1903 1479 1953 censuit,
1527 1905 1637 1945 aiter
1680 1906 1819 1951 deleta
1866 1925 1916 1958 ea

1028 1977 1141 2005 voce
1167 1962 1368 2002 moralis
1388 1963 1545 2014 partis
1572 1965 1840 2010 servandum
1872 1976 1916 2011 et

1027 2017 1277 2061 accusativo
1314 2017 1431 2074 plur.
1469 2018 1647 2060 numeri
1698 2023 1918 2081 aecipien-

1028 2075 1136 2118 dum
1161 2074 1299 2116 duxit.

1087 2189 1249 2218 rerum
1280 2182 1435 2216 motus
1460 2189 1734 2232 causasque.
1799 2179 1916 2225 Cum

1029 2232 1247 2290 tripartita
1287 2231 1343 2273 sit
1377 2232 1582 2276 universa
1623 2235 1917 2296 philosophia,

1029 2289 1260 2333 rationalis
1277 2322 1287 2340 ,
1320 2289 1502 2331 moralis
1525 2299 1565 2332 et
1586 2293 1799 2336 naturalis
1822 2299 1918 2352 (au-

1032 2348 1230 2389 ctoribus
1257 2347 1419 2402 Quint.
1443 2348 1506 2395 12,
1525 2348 1566 2395 2,
1591 2351 1656 2391 10.
1685 2361 1727 2393 et
1749 2351 1920 2400 Seneca

1030 2421 1100 2461 ep.
1126 2404 1239 2453 89.)‚
1269 2404 1324 2445 ad
1358 2405 1603 2447 naturalem
1632 2406 1917 2455 referendum

1030 2469 1117 2511 est,
1141 2461 1260 2518 quod
1277 2462 1471 2518 scriptor
1487 2477 1638 2505 rerum
1655 2476 1802 2511 motus
1817 2483 1920 2512 cau·

1029 2534 1269 2574 sarumque
1324 2518 1508 2561 nomine
1562 2522 1920 2589 comprehendit.

1032 2575 1094 2617 lta
1120 2574 1316 2618 universi
1339 2576 1495 2617 mundi
1519 2580 1824 2636 cognitionem
1849 2585 1922 2630 Ci-

1031 2633 1184 2675 ceroni
1216 2632 1351 2674 fuisse
1384 2646 1723 2679 commemorat.
1785 2637 1921 2686 Unde

1031 2690 1212 2748 patebit,
1234 2688 1351 2730 iusto
1366 2689 1634 2735 arctioribus
1655 2694 1818 2740 finibus
1835 2698 1920 2743 cir·

1032 2746 1352 2802 cumscriptam
1368 2764 1459 2790 esse
1469 2749 1678 2805 Sigraesii
1693 2754 1922 2800 coniectu·

1033 2820 1128 2845 rain
1162 2820 1184 2846 a
1210 2803 1421 2846 Lamaiiio
1457 2807 1685 2862 probatam
1715 2814 1921 2860 siderum

1032 2869 1185 2902 motus
1203 2875 1460 2916 causasque
1475 2878 1647 2920 rerum,
1673 2868 1923 2929 eodemque

1034 2918 1217 2960 nomine
1232 2917 1762 2983 llosinann.Peerlkamp.
1774 2943 1924 2972 emen·

998 3029 1002 3032 .
1037 2976 1261 3018 dationem
1294 2989 1455 3017 rerum
1486 2989 1616 3022 ortus
1651 2984 1768 3031 (vide
1801 2987 1921 3029 Bur-

1036 3048 1188 3074 mann.
1220 3034 1271 3074 ad
1308 3033 1513 3090 propert.
1548 3039 1590 3088 2,
1620 3039 1691 3089 25,
1721 3043 1812 3100 28.)
1847 3062 1922 3089 re-

1036 3090 1395 3147 prehendendam
1423 3108 1533 3137 esse.

1093 3199 1386 3256 cognoverat.
1449 3193 1525 3237 Sic
1548 3194 1649 3242 MS.
1673 3199 1810 3259 Neap.
1838 3219 1921 3259 pro

1038 3263 1239 3291 omnium
1298 3249 1399 3295 edd.
1452 3252 1643 3298 lectione
1697 3263 1925 3314 cognovit,

1038 3311 1190 3363 [quam
1217 3304 1351 3349 Bekk.
1369 3324 1548 3366 quoque
1569 3320 1612 3353 et
1627 3312 1847 3364 Boeuieh.
1872 3335 1923 3362 ex

1038 3365 1172 3406 Farn.
1199 3363 1301 3409 cod.
1330 3378 1621 3410 correxerunt
1654 3370 1700 3417 in
1736 3375 1924 3421 eandem

1039 3420 1328 3532 {eliijpmram’
1374 3439 1506 3480 quam
1548 3424 1643 3470 W.
1693 3430 1947 3486 praefere-.

1074 3496 1094 3519 ὃ
1141 3508 1152 3518 ι

1101 3563 1169 3630 ita
1190 3565 1311 3606 enim
1341 3575 1422 3608 est.
1483 3566 1584 3612 MS.
1606 3568 1742 3629 Neap.
1773 3575 1839 3616 im
1861 3586 1929 3623 est

1045 3634 1184 3674 etaim,
1246 3621 1522 3673 [Verborum
1543 3627 1767 3680 ordinem,
1794 3647 1926 3693 quem
