2150 4022
168 226 289 302 218

481 223 721 323 lULII
765 172 1085 288 AGRIC.

1127 176 1366 309 vrrs&
1408 225 1605 291 CAR
1642 226 1702 290 4.

167 365 226 412 et
272 355 626 431 provinciali
682 353 1048 429 parcimonia
1101 355 1350 413 mixtum
1405 377 1472 417 ac
1511 359 1671 418 ‘bene
1730 360 2025 435 composi-

166 450 328 500 tum.¹
419 438 713 501 Memoria
768 451 939 499 teneo
1002 441 1242 497 solitum
1287 441 1813 516 ipsumznarrare,
1852 458 1921 504 se·
1950 445 2025 505 -in

165 525 359 600 prima
398 525 636 582 iuventa
679 524 939 582 studium
974 521 1386 600 philosophiae
1423 525 1613 586 acrius
1649 530 1806 587 ultra
1844 549 2024 606 quam

170 629 506 667 concessum
573 606 849 667 Romano
912 631 979 666 ac
1045 611 1301 667 senatori
1379 607 1673 683 hausisse,
1752 615 1857 675 ni.
1881 635 2027 690 pru-

166 880 385 934 princeps
413 877 646 921 licentiam
677 881 925 921 turbarum
958 909 969 920 .
988 907 999 919 .
1015 908 1026 920 .
1046 909 1058 920 .

170 937 473 987 ostendebat3
510 936 572 978 ib.
594 952 632 979 c.
652 935 725 978 27.
748 937 961 978 maxime
983 935 1061 975 in-

164 993 295 1047 fensi
327 993 410 1035 Cn.
444 993 668 1042 Lentulo,
717 996 876 1049 quods
898 1022 939 1037 ..
960 991 1061 1048 fir-

156 1065 303 1094 Jnare
327 1050 542 1094 Drusum
570 1053 861 1093 credebatur.
931 1049 1062 1105 Quae

170 1124 302 1154 eausa
324 1107 359 1151 si
375 1109 538 1164 pendet
560 1124 582 1150 e
598 1109 813 1151 sententia
837 1107 1060 1150 coniectu-

168 1181 310 1222 raque
344 1164 621 1220 dicentium»,
659 1165 838 1207 additur
874 1165 1065 1207 coniun-

171 1222 335 1268 ctivus.
424 1222 483 1266 cf.
524 1225 611 1266 An.
653 1224 689 1271 1,
722 1222 791 1265 19.
824 1223 1065 1277 superbire

173 1282 327 1335 miles,
361 1284 482 1337 qaod
502 1281 638 1335 filius
664 1280 808 1334 legati
831 1312 841 1321 .
869 1311 880 1321 .
905 1311 917 1322 .
943 1282 1064 1321 satis

172 1342 461 1394 ostenderet3
497 1338 558 1381 ib.
583 1354 622 1381 c.
648 1338 718 1380 40.
742 1340 862 1393 quod
884 1351 981 1395 non!
1001 1339 1066 1378 ad

170 1397 463 1450 superiorem
521 1396 781 1439 exercitum
834 1401 1064 1449 pergeret.

170 1450 514 1495 Inserxvit÷vero
555 1452 691 1494 etiam
735 1451 889 1494 eadem
930 1451 1067 1509 parti-

174 1508 278 1552 cula
299 1510 366 1552 illi
396 1502 572 1552 dicendi
596 1510 761 1562 modo,
793 1524 884 1566 quo
922 1509 1071 1551 subie-

174 1575 307 1609 ctum*
334 1565 554 1625 peculiari
602 1566 819 1609 orationis
860 1565 1087 1609 membro'

174 1622 587 1667 circumscribitur:
611 1633 742 1682 atque
759 1624 817 1666 ita
833 1626 955 1679 quod
971 1623 1068 1665 iun-

173 1680 294 1739 gitur
309 1697 412 1725 cum
429 1682 717 1725 coniunctivo
729 1697 742 1734 ;
755 1681 800 1723 id
816 1681 936 1738 quod
951 1681 1067 1724 vide-

172 1755 274 1782 mus
289 1738 376 1782 hoc
391 1737 493 1781 loco
505 1755 518 1782 ε
532 1743 657 1794 qaod
667 1742 829 1781 statim
841 1741 1068 1790 habuerit,

173 1798 225 1838 id
248 1800 452 1839 arcebat.
516 1796 690 1839 similia
714 1805 817 1839 sunt
830 1797 919 1839 An.
942 1798 980 1844 1,
1000 1796 1067 1840 32.

172 1853 235 1896 Id
250 1855 558 1908 praecipuum
588 1853 816 1896 indiciam
838 1855 1006 1908 magni
1024 1861 1069 1896 et

173 1913 482 1966 implacabilis
530 1920 712 1966 motus,
772 1915 895 1968 quod
933 1912 1067 1966 pari·

175 1976 247 2010 ter
280 1972 607 2023 ardescerent,
646 1970 832 2023 pariter
852 1970 1067 2011 silerent.

174 2026 287 2069 Hist.
313 2027 355 2075 2,
379 2027 448 2071 95.
471 2029 650 2069 laetum
663 2027 944 2082 foedissimo
968 2027 1070 2069 cai-

176 2099 289 2139 que,
344 2087 473 2138 apud
517 2088 663 2126 bonos
712 2085 913 2126 invidiae
952 2084 1067 2139 salt,

176 2145 300 2196 quod
325 2172 337 2184 .
363 2174 372 2184 .
397 2172 409 2184 .
445 2142 642 2198 inferias
670 2142 849 2184 Neroni
879 2141 1071 2192 fecisset.

116 2248 118 2251 .
178 2197 317 2253 Quod
351 2199 580 2241 Ernestius
625 2197 821 2242 coniecit
861 2201 1069 2254 haberet,

177 2265 243 2299 est
264 2264 441 2314 tempus
473 2256 710 2300 relativum
744 2271 828 2300 nec
858 2258 1074 2301 convenit

176 2312 281 2357 huic
318 2314 449 2362 loco,
496 2313 572 2355 ubi
620 2313 814 2372 scriptor
852 2312 1076 2373 ἀορίστως

176 2370 401 2429 loquitur.·
469 2370 664 2415 Diversa
697 2372 828 2413 etiam
862 2381 930 2414 est
962 2373 1073 2414 ratio

176 2428 624 2486 plusquamperfecti.

175 2501 258 2528 nec
277 2490 474 2528 deerant
495 2487 545 2527 in
568 2486 775 2529 exercitu
796 2486 1072 2543 discordiae,

178 2548 299 2599 quod
329 2551 374 2585 et
407 2546 527 2585 bello
573 2548 796 2586 adversus
833 2544 1075 2588 Vindicem

179 2601 431 2643 uniuersus
483 2600 708 2656 adfuerat
759 2609 847 2645 etc.
960 2602 1076 2645 Nam

179 2661 300 2713 quod
322 2659 541 2711 Agricola
571 2690 582 2701 .
608 2688 620 2701 .
647 2690 659 2702 .
687 2660 943 2714 habuerat,
979 2675 1074 2702 non

178 2717 370 2757 arcebat
401 2732 503 2757 eum
537 2723 644 2767 etc.,
732 2717 820 2759 uasi
857 2718 1075 2760 memoria

180 2772 549 2816 commorationis
575 2731 869 2817 Massiiiensis
901 2774 946 2817 id
978 2776 1076 2818 effe-

180 2830 336 2872 cisset:
369 2830 444 2871 sed
469 2831 561 2886 ipsa
586 2832 884 2884 commoratio
917 2832 1078 2883 effecit,

178 2895 229 2929 ut
263 2895 492 2932 arceretur
516 2896 636 2938 tum,
684 2904 827 2945 quum
852 2889 1078 2933 Massiliae

181 2952 311 2988 esset.

231 3043 514 3097 provinciali
528 3045 844 3098 parcimonia.
906 3046 964 3091 cf.
988 3047 1076 3090 An.

179 3100 222 3156 3,
249 3100 318 3143 55.
336 3103 481 3143 simul
502 3103 614 3144 novi
633 3105 846 3146 homines
871 3119 895 3146 e
918 3106 1076 3148 muni·

179 3160 313 3214 cipiis
332 3166 377 3200 et
403 3159 606 3203 coloniis,
626 3166 767 3215 atque
805 3165 947 3203 etiam
967 3178 1076 3217 pro-

178 3218 340 3260 vinciis
398 3217 445 3258 in
501 3225 725 3258 senatum
776 3222 933 3261 crebro
987 3224 1077 3262 ad-

178 3273 359 3329 sumpti
386 3273 695 3316 domesticam
727 3277 1079 3328 parcimoniam

185 3334 445 3374 intulerant
472 3339 557 3375 etc.

240 3434 465 3477 mixtam.
562 3430 686 3482 Libri
740 3433 874 3489 vulgo
929 3433 1084 3479 ferunt

185 3490 412 3536 mistum..-
476 3488 553 3532 sed
597 3487 781 3533 Tacitus
824 3500 1083 3536 constanter

182 3546 355 3591 exhibet
396 3549 619 3592 mixtam.
712 3546 771 3592 cf.
810 3548 897 3592 An.
932 3550 973 3600 6,
1008 3550 1077 3594 55.

698 2427 759 2471 cf.
793 2427 905 2472 Hist.
942 2432 975 2481 1,
1001 2430 1083 2473 530'

1134 877 1202 929 11,
1230 876 1303 924 24.
1346 876 1461 924 Hist.
1500 882 1539 932 1,
1564 881 1634 924 10.
1673 881 1716 933 2,
1741 882 1840 933 80..
1886 898 1910 926 e
1971 899 2029 930 ue

1132 935 1349 992 scriptura
1363 935 1770 996 innititur-optimis
1795 938 1940 994 codici
1975 958 2028 987 us

1132 991 1311 1035 MSStis
1354 1002 1395 1037 et
1433 993 1820 1051 inscriptionibus.
1903 997 2030 1043 Libri·

1133 1050 1256 1094 varie
1299 1060 1487 1108 peccant
1522 1055 1831 1110 permutandis
1869 1052 2028 1101 litteris

1134 1122 1159 1150 s
1185 1115 1228 1150 et
1250 1122 1305 1159 x,

1741 1193 1846 1238 MS.
1877 1193 2025 1240 Vatic.

1193 1192 1243 1234 in
1273 1193 1435 1246 prima
1468 1193 1671 1239 iuventa.

1136 1247 1264 1292 3429,
1305 1249 1408 1293 edd.
1441 1249 1628 1295 Becker.
1668 1249 1837 1295 Hertel.
1868 1254 2032 1306 prima
2063 1300 2066 1303 ,

1136 1307 1185 1348 in
1216 1307 1422 1349 iuventa.
1483 1307 1573 1351 Sed
1609 1308 1750 1368 magis
1782 1309 1929 1368 piacet
1958 1327 2030 1354 ce·

1137 1373 1339 1407 terorum
1374 1364 1599 1408 librorum
1631 1369 1775 1414 ratio,
1820 1365 1925 1424 quia
1956 1367 2033 1412 hic

1137 1438 1232 1464 non
1257 1430 1321 1465 est
1343 1421 1428 1465 alia
1451 1423 1654 1476 iuventa,
1671 1423 1759 1469 xcui
1783 1425 1927 1482 prima
1956 1425 2030 1468 iu-

1138 1489 1272 1523 venta
1296 1489 1562 1538 opponatur.

1195 1566 1351 1604 acrius
1391 1565 1518 1606 ultra
1553 1579 1721 1619 quarm·
1795 1564 1877 1610 Sic
1897 1565 2034 1610 MSS.

1131 1618 1312 1664 *Vaticc.
1349 1629 1393 1663 et
1424 1629 1596 1665 veteres
1627 1623 1859 1666 editiones.
1909 1645 1915 1652 ·
1954 1622 2037 1667 Li-

1140 1677 1284 1736 psius,
1348 1677 1419 1720 cui
1468 1678 1630 1736 copula
1683 1678 2037 1733 desiderabatur,

1141 1734 1338 1778 coniecit
1378 1738 1621 1792 ultraque,
1667 1737 1806 1794 idque
1845 1753 2035 1803 recepe-

1139 1802 1246 1835 runt
1280 1792 1512 1850 Bipontini
1547 1801 1591 1836 et
1621 1793 1783 1853 Engel.
1874 1795 1928 1838 In
1964 1797 2037 1841 eda

1138 1849 1275 1906 Lipsii
1317 1851 1462 1905 prima
1501 1851 1669 1908 iisque,
1722 1867 1836 1910 quae
1873 1853 2036 1896 deinde

1139 1907 1283 1964 Lugd.
1300 1907 1454 1952 Batav.
1480 1909 1770 1965 prodierunt,
1783 1912 2039 1954 *aer-itaut

1140 1973 1397 2022 suspectum
1448 1966 1578 2008 uncis
1632 1967 2037 2012 circumscribitur.

1141 2022 1260 2065 Nam
1298 2021 1498 2080 primum
1548 2021 1625 2067 ille
1663 2024 1936 2083 cogitaverat
1980 2025 2037 2069 de

1141 2079 1343 2122 tollendo
1379 2095 1431 2123 eo
1463 2079 1708 2126 vocabulo.
1783 2078 1980 2128 Pit-,hena
2012 2099 2038 2129 e

1142 2153 1225 2181 suo
1275 2137 1457 2195 ingenio
1509 2136 1650 2182 edidit
1693 2154 1750 2181 ac
1796 2141 1911 2184 iuris
1954 2155 2040 2199 pro

1144 2194 1326 2247 acrias,
1369 2210 1504 2252 quam
1539 2195 1900 2240 emendationem
1928 2193 2042 2242 reti-

1144 2259 1252 2295 nent
1285 2251 1385 2294 edd.
1409 2251 1630 2310 Bernegg.
1659 2251 1865 2298 GronOV.
1893 2253 2040 2315 Ryck.

1144 2310 1203 2352 al.
1275 2308 1506 2352 Ernestius
1540 2319 1733 2354 veterem
1766 2311 2041 2371 scripturam

1145 2365 1356 2409 restituit.
1415 2366 1578 2410 Recte:
1611 2383 1716 2411 uam
1737 2370 1894 2412 acrius
1914 2366 2039 2414 haie-

1145 2426 1260 2468 sisse
1282 2422 1447 2466 dicitur
1467 2432 1516 2465 ut
1539 2423 1646 2468 infr.
1676 2441 1719 2469 c.
1741 2424 1812 2471 22.
1832 2430 2044 2472 acerbior

1148 2483 1196 2523 in
1228 2481 1441 2540 conviciis
1468 2484 1786 2539 narrabatur,
1835 2493 1879 2528 et
1909 2485 2042 2530 verba

1148 2542 1276 2581 ultra
1299 2553 1441 2594 quam
1464 2547 1550 2583 etc.
1577 2538 1886 2597 explicationis
1910 2557 2042 2587 causa

1146 2596 1458 2653 adponuntur.
1519 2597 1579 2640 At
1602 2596 1804 2639 studium
1825 2596 1935 2642 iuris
1947 2598 2044 2643 Ro-

1146 2668 1282 2696 mano
1331 2669 1384 2696 ac
1434 2653 1631 2696 senatori
1677 2668 1913 2713 nunquam
1950 2657 2045 2701 fait

1147 2725 1243 2753 non
1274 2719 1551 2756 concessum.
1610 2709 1925 2770 Philosophiae
1953 2723 2043 2758 stu·

1149 2768 1272 2810 dium
1306 2766 1471 2824 passim
1506 2767 1703 2811 dominis
1726 2767 2044 2815 Romanorum

1149 2834 1410 2882 suspectum
1448 2823 1583 2868 fuisse
1622 2825 1819 2871 vidimus
1853 2829 1942 2874 An.
1976 2829 2045 2879 14,

1150 2882 1221 2924 57.
1258 2882 1322 2933 16,
1342 2881 1414 2925 22.
1473 2881 1534 2927 cf.
1547 2881 1639 2926 Dio
1665 2883 1734 2937 66,
1759 2884 1848 2938 12„
1874 2901 1960 2932 nec
1971 2883 2044 2931 Ci-

1151 2954 1256 2982 cero
1302 2939 1454 2998 priore
1494 2948 1699 3000 tempore
1741 2941 1796 2985 ad
1841 2942 2043 3001 philoso-

1149 2995 1277 3055 phiae
1306 2996 1507 3040 studium
1540 2997 1729 3043 accessit
1756 2999 1844 3044 nisi
1872 3008 2045 3060 tempo·

1148 3069 1250 3096 rum
1283 3053 1506 3097 rationem
1522 3054 1526 3061 ’
1541 3056 1810 3101 excusando.
1870 3058 1931 3104 cf.
1948 3057 2044 3104 „Ci-

1151 3127 1242 3155 cer.
1290 3111 1343 3154 de
1372 3110 1463 3155 Off.
1490 3113 1532 3161 2,
1555 3115 1597 3156 1.
1630 3128 1820 3164 vereor,
1858 3131 1917 3160 ne
1944 3120 2049 3175 qai-

1111 3202 1114 3206 .
1151 3171 1347 3211 busdam
1391 3171 1523 3213 bonis
1561 3171 1685 3214 viris
1725 3173 2046 3231 philosophiae

1148 3234 1321 3268 nomen
1368 3227 1431 3269 sit
1478 3229 1679 3271 invisum
1724 3230 2048 3289 mirenturque

1153 3284 1202 3325 in
1236 3300 1293 3325 ea
1325 3291 1510 3327 tantum
1541 3300 1617 3328 me
1650 3300 1821 3342 operae
1849 3284 2049 3334 ecfem-

1150 3342 1285 3396 poris
1306 3355 1495 3395 ponere.
1534 3351 1622 3388 etc.
1975 3353 1977 3361 ‘

1213 3439 1436 3489 lmusz'sse.
1498 3433 1753 3485 Walchius
1784 3441 1948 3502 accipit
1970 3449 2067 3502 pm,

1154 3495 1291 3539 situm
1311 3512 1394 3553 pro
1417 3500 1676 3542 hausurum
1681 3496 1862 3557 fuisse,
1895 3508 1947 3545 ut
1967 3517 2048 3544 co-

1153 3555 1325 3608 gitasse
1346 3553 1438 3598 An.
1461 3555 1504 3610 4,
1523 3556 1594 3599 28.
1656 3552 1833 3601 Verum
1857 3565 1923 3602 eat
1946 3557 2047 3606 h...l.
