2150 4022
211 265 330 327 128
459 261 704 323 IULII
750 232 1078 323 Acme.
1122 261 1359 323 V-1'1'A
1416 262 1619 326 CAP.
1654 267 1710 325 8.
1747 268 1803 328 9.

203 416 343 453 nam
378 393 682 454 referebat.
768 392 848 449 ita
887 392 1105 453 virtute
1141 393 1204 449 in
1238 394 1652 470 obsequendo,
1703 397 2059 454 verecundia

205 483 270 538 in
294 480 691 557 praedicando
721 489 879 536 extra
907 478 1196 536 invidiam
1225 499 1332 535 nec
1360 491 1519 537 extra
1548 481 1796 554 gloriam
1823 492 1965 543 erat.

372 616 478 677 IX.
515 614 930 685 Revertentem
959 618 1034 673 ab
1060 616 1350 689 legatione
1373 617 1624 689 legionis
1646 619 1819 676 divus
1833 618 2059 696 Vespa-

203 705 403 762 sianus
427 702 583 759 inter
608 700 884 781 patricios
906 702 1167 774 adscivit,
1189 722 1253 760 ac
1279 702 1496 761 deinde
1519 703 1854 778 provinciae
1865 700 2060 782 Aqui-

199 790 393 849 taniae
418 787 788 863 praeposuit,
829 788 1175 864 splendidae
1200 787 1264 844 in
1292 788 1499 862 primis
1536 788 1837 863 dignitatis
1866 790 2061 846 admi-

199 875 546 932 nistratione
577 894 642 930 ac
678 873 1186 950 speconsulatUS,
1234 873 1328 929 cui
1370 873 1708 934 destinarat.
1792 873 2059 933 Credunt

199 960 468 1038 plerique
506 958 864 1040 militaribus
906 958 1159 1031 ingeniis
1193 958 1578 1022 subtilitatem
1621 961 1854 1030 deesse,
1916 961 2054 1040 quia

201 1044 509 1103 castrensis
547 1043 876 1103 iurisdictio
918 1064 1120 1100 secura
1160 1055 1218 1102 et
1255 1045 1525 1102 obtusior
1564 1066 1629 1101 ac
1664 1046 1838 1121 plura
1873 1066 2056 1103 manu

199 1151 374 1206 agens
415 1129 793 1187 calliditatem
827 1129 943 1186 fori
976 1149 1102 1186 non
1130 1141 1404 1186 exerceat.
1489 1127 1764 1203 Agricola
1796 1131 2056 1189 naturali

198 1215 512 1293 prudentia
558 1215 826 1292 quamvis
861 1215 1017 1271 inter
1051 1226 1277 1288 togatos
1316 1215 1486 1272 facile
1527 1205 1793 1292 iusteque
1828 1217 2055 1290 agebat.

198 1301 325 1360 Iam
350 1321 490 1358 vero
518 1312 782 1375 tempora
807 1320 1081 1357 curarum
1110 1301 1639 1377 remissionumque
1668 1301 1875 1362 divisa.
1948 1301 2056 1358 ubi

199 1397 522 1445 conventus
546 1406 612 1442 ac
640 1382 859 1442 iudicia
882 1397 1220 1459 poscerent,
1273 1387 1494 1458 gravis,
1543 1387 1854 1455 intentus,›
1889 1406 2055 1443 seve-

198 1492 326 1542 ruS‚
369 1483 425 1529 et
446 1470 674 1546 saepius
696 1470 1058 1528 misericors:
1101 1471 1208 1526 ubi
1233 1471 1424 1527 officio
1454 1471 1842 1540 satisfactum,
1886 1473 2054 1530 nulla

196 1559 351 1616 ultra
397 1555 698 1632 potestatis
740 1574 1012 1631 persona.
1098 1556 1395 1612 tristitiam
1446 1567 1503 1614 et
1543 1557 1951 1631 adrogantiam
1998 1568 2056 1615 et

255 1803 436 1848 CAP.9.
477 1803 684 1845 adscivit.
747 1800 825 1844 Sic
845 1800 1088 1844 scribimus
1162 1817 1300 1856 vera3
1352 1801 1562 1844 Heinsius
1605 1815 1780 1846 secors.
1849 1802 2050 1847 Frustra.

200 1878 222 1906 e
265 1876 489 1905 consensu
536 1859 815 1917 optimorum
861 1858 1089 1907 codicum,
1160 1859 1338 1902 Secura
1369 1867 1435 1902 est
1466 1859 1800 1912 minusanxia‚
1843 1859 2051 1912 sollicita,

200 1919 362 1978 quibus
386 1917 532 1959 Taciti
555 1918 751 1959 Annales
785 1925 827 1958 et
863 1915 1086 1959 Historiae

199 1976 505 2021 continentur.
563 1972 715 2031 Vulgo
741 1974 919 2016 ascivit.

254 2047 533 2101 splendidae
556 2045 604 2086 in
632 2046 800 2099 primis
830 2043 1086 2097 dignitatis,

200 2106 263 2148 lta
291 2103 474 2146 Tacitus
507 2102 751 2145 sexcenties
781 2102 924 2144 utitur
958 2099 1085 2158 geni-

118 2157 121 2165 ’
197 2163 288 2206 tivo
323 2159 558 2218 qualitatis.
618 2158 679 2203 cf.
704 2158 975 2201 Ramshorn.
997 2156 1082 2201 Gr.

195 2225 239 2276 §2
275 2220 372 2262 102.
435 2217 513 2260 Sic
545 2232 586 2260 c.
617 2218 659 2260 4.
684 2225 826 2268 pater
858 2216 972 2258 Iulii
995 2216 1083 2257 Iu-

194 2281 288 2321 lius
322 2275 603 2326 Graecinus,
641 2274 870 2316 senatorii
904 2273 1082 2315 ordinis

196 2346 281 2379 etc.
340 2333 454 2376 Hisi.
477 2332 518 2382 4,
538 2332 609 2374 49.
645 2331 872 2379 Valerius
901 2331 1084 2381 Festus,

193 2399 499 2444 sumptuosae
520 2391 886 2432 adulescentiae.
927 2387 1082 2443 Quare

195 2451 445 2505 coniungat
482 2449 756 2502 provinciae
787 2447 1084 2501 Aquitaniae,

197 2510 326 2566 (quae
371 2507 454 2562 est)
499 2506 775 2559 splendidae
823 2505 873 2545 in
912 2502 1084 2557 'primis

196 2563 460 2618 dignitatis.
490 2560 716 2606 Hertelius
737 2578 760 2603 e
783 2563 925 2605 verbo
948 2575 1083 2615 prae·

191 2623 352 2679 posuit
396 2619 518 2665 elicit
561 2618 891 2663 substantivum
938 2617 1083 2676 (quasi

196 2694 309 2739 quae
329 2687 393 2721 est
418 2678 722 2736 praefectura,
750 2676 873 2733 quod
897 2685 961 2718 est
988 2691 1083 2717 niu-

194 2753 280 2780 nus
307 2736 434 2790 etc.),
476 2735 594 2777 uncle
620 2735 845 2792 genitivus
874 2734 1080 2790 pendeat.

195 2792 811 2838 eonion-iiusNvonmannus
831 2790 1078 2847 genitivum

193 2851 332 2896 refert
362 2849 416 2891 ad
443 2850 725 2906 Agricolam,
759 2858 806 2891 ut
837 2849 872 2891 is
906 2848 1082 2890 dicatur

190 2907 458 2965 Aquitaniae
484 2907 759 2963 praepositus
786 2922 845 2947 zu
878 2909 1079 2958 vorziIg-

190 2970 281 3011 ticli
304 2967 592 3019 gla'nzender
610 2963 791 3005 Wirde
814 2977 973 3016 wegen
995 2962 1081 3003 sei-

191 3038 283 3067 ner
297 3023 345 3063 V
340 3024 607 3074 erwultung
629 3025 724 3063 und
745 3025 831 3063 der
846 3019 1082 3074 Htffmng

192 3087 272 3125 des
298 3079 562 3121 Consulats.

238 3151 660 3194 'admimstratione
684 3166 739 3190 oc
764 3164 787 3190 s
822 3165 844 3189 e
867 3150 1080 3190 consula-

191 3221 282 3255 tus.
343 3208 462 3250 Haec
483 3206 699 3249 rationem
723 3224 782 3248 re(
803 3208 911 3249 dunt
935 3207 1080 3263 splen·

194 3268 322 3313 didae
351 3262 595 3321 dignitatis.

251 3340 326 3383 cui
355 3337 634 3380 destinarat.
697 3333 839 3377 intell.
873 3350 974 3376 euin
1006 3351 1083 3376 re·

192 3405 435 3441 vertentem
496 3393 549 3435 ab
608 3392 827 3449 legatione
883 3392 1082 3447 legionis,

195 3457 316 3514 quod
361 3449 608 3509 praeeedit:
661 3464 798 3507 quare
836 3449 942 3491 nihil
981 3450 1081 3492 (iuri

194 3515 266 3578 liic
291 3511 440 3554 video.
662 3565 666 3573 ι

252 3596 429 3628 securo.
493 3577 705 3622 Han-laeuis
731 3578 981 3633 corrigebat
1002 3593 1079 3622 se-

1159 1917 1531 1975 μικρολογοῦσα,
1586 1925 1634 1959 ut
1679 1918 1793 1960 bene
1837 1917 2051 1976 explicuit

1162 1976 1198 2019 Ι.
1224 1976 1300 2018 Fr.
1325 1974 1601 2018 Gronovius.
1660 1973 1899 2018 Rationem
1926 1974 2050 2020 addit

1160 2033 1417 2075 Broterius:
1437 2031 1598 2089 „quia
1627 2032 1783 2086 paucis
1808 2041 1851 2076 et
1906 2033 2048 2091 erspi-

1156 2090 1254 2133 cuis
1281 2089 1452 2148 legibus
1475 2090 1642 2135 utitur,
1672 2088 1763 2132 fori
1785 2105 1858 2133 am
1876 2095 1878 2098 ’
1894 2090 2051 2147 agibus

1156 2147 1346 2190 minime
1372 2146 1598 2190 intricata.
1612 2144 1644 2168 '⁹

1217 2220 1432 2277 quamvis
1460 2221 1583 2261 inter
1611 2225 1810 2274 togatos.
1867 2217 2049 2263 Scilicet

1154 2278 1201 2322 in
1233 2276 1531 2320 conventibus
1563 2275 1779 2319 iuridicis.
1797 2291 1878 2334 per
1909 2291 2046 2334 paca-

1154 2343 1245 2379 tam
1268 2334 1548 2391 provinciam
1573 2332 1803 2377 habendis.
1861 2333 1921 2376 cf.-
1939 2333 2048 2379 infr.

1114 2399 1133 2402 β
1155 2409 1198 2437 c.
1221 2393 1292 2436 21.
1306 2391 1539 2448 frequens
1557 2397 1684 2446 toga.
1746 2388 1933 2435 Grotius
1953 2390 2046 2436 fru-

1156 2459 1246 2494 stra
1287 2449 1551 2492 emendabat
1588 2449 1710 2490 inter
1741 2456 1942 2504 sagatos
1973 2449 2045 2494 vel

1153 2523 1247 2551 non
1267 2509 1390 2550 inter
1412 2512 1612 2560 togatos.
1735 2519 1736 2523 ¹

1210 2577 1378 2620 divisa.
1446 2574 1525 2618 Sic
1562 2575 1768 2618 dividere
1806 2575 2045 2631 deffensio-

1154 2649 1264 2678 nem
1289 2634 1381 2677 An.
1410 2631 1452 2682 3,
1479 2632 1574 2683 15.;
1603 2633 1779 2675 dim'soe
1802 2635 2047 2680 arboribus

1147 2694 1337 2747 patriae
1362 2689 1522 2746 Virgil.
1549 2688 1714 2746 Georg.
1734 2690 1775 2741 2,
1800 2691 1896 2735 116.

1209 2769 1253 2803 et
1279 2762 1463 2814 saepius
1487 2761 1774 2804 misericors.
1834 2762 2046 2808 Fortasse

1155 2827 1507 2875 exspectaveras:
1539 2821 1620 2859 sed
1644 2821 1832 2873 soe-pius
1853 2836 1920 2864 m.
1979 2825 2042 2866 At

1152 2877 1248 2920 vid.
1275 2884 1366 2917 not.
1395 2874 1449 2916 ad
1474 2876 1566 2918 An.
1595 2878 1631 2925 1,
1661 2875 1728 2919 13.
1791 2877 1946 2937 Nuper
1967 2880 2042 2927 vir

1153 2934 1314 2976 doctus
1349 2931 1527 2976 volebat
1562 2933 1876 2977 immisericos.
1949 2930 2039 2981 Sed

1151 2990 1316 3035 iudicia
1359 2999 1554 3048 poscunt
1600 2992 1732 3033 etiam
1777 2991 2038 3036 misericor-

1154 3049 1271 3091 diam
1286 3080 1298 3098 ‚
1344 3058 1386 3090 et
1410 3047 1635 3105 aptissime
1657 3049 1883 3093 adduntur
1902 3051 2040 3096 verba

1156 3114 1197 3148 ct
1223 3107 1407 3156 saepius
1432 3107 1718 3158 unseri‘cors,
1763 3124 1818 3150 ne
1842 3109 2035 3164 Agrico-

1156 3166 1218 3207 lae
1246 3163 1361 3204 inter
1387 3162 1644 3219 gravitatem
1682 3173 1722 3207 et
1759 3165 2038 3210 severitatem

1155 3221 1266 3263 (lesit
1290 3221 1425 3262 virtus
1452 3217 1590 3263 iudici
1615 3222 1961 3276 pernecessaria.

1210 3292 1340 3331 nulla
1376 3292 1505 3331 ultra
1534 3292 1784 3342 potesraeis
1820 3309 2036 3345 persona,

1155 3347 1401 3390 tristitiam
1424 3355 1508 3389 etc.
1568 3347 1642 3390 Sic
1664 3348 1765 3392 edd.
1780 3348 1920 3394 Rhen.
1935 3354 2040 3401 Ald.

1154 3421 1249 3462 sqq.
1267 3436 1278 3453 ‚
1319 3403 1402 3446 nisi
1437 3403 1557 3461 quod
1583 3404 1684 3446 edd.
1712 3415 1813 3448 ante
1837 3406 2039 3466 Lipsium

1155 3471 1253 3520 post
1271 3475 1476 3513 persono
1497 3461 1645 3503 serunt
1667 3477 1847 3507 comma
1868 3466 1952 3523 (,),
1985 3487 2038 3509 *-

1154 3521 1339 3561 nullam
1393 3522 1524 3560 ultra
1573 3522 1825 3568 potestatis
1869 3539 2035 3578 per-30,

1154 3592 1297 3630 nam,
1352 3577 1597 3618 tristitiam
1630 3583 1716 3621 etc.
1758 3578 1855 3622 MS.
1894 3572 2037 3630 Vade,
