2150 4022
216 251 341 309 402
811 298 816 308 .
875 243 1427 309 comm-Tio

555 370 790 416 Waltlmr.
1455 374 1690 421 Medianas>
1708 374 1807 420 bod.

225 480 620 530 CAP.4.Vale1ii
1190 485 1375 531 nesteris
1828 516 1831 518 -
1900 492 1954 528 ᾗ»
1977 523 1980 526 ,

338 541 381 583 6.
451 546 495 582 et
515 547 722 607 posteros
1188 545 1243 589 ad
1270 553 1470 611 posteros
1495 544 1545 586 in
1572 557 1726 599 marg.

456 597 634 654 negotia
657 605 870 642 tueantur
1189 601 1475 660 *negotia-int.

336 655 382 697 7.
456 656 607 710 posuit
1191 661 1322 704 Flor.
1347 674 1442 702 om.

341 713 383 757 8.
456 711 770 756 Pharasmanis
891 748 896 752 .
1191 715 1452 770 farasmanis

458 769 707 814 Bardanem
1046 790 1048 793 ·
1192 774 1424 820 bardanen

455 825 686 872 Daharum
1129 860 1132 868 r
1193 831 1408 877 deharum

342 888 410 929 10.
453 891 733 953 transgressu
1191 899 1519 957 transgressum

456 943 751 986 monimentis
1191 947 1486 990 munimentis
2009 940 2023 960 ¹

454 1006 581 1060 parta
1191 1012 1343 1063 parata

457 1073 647 1116 regnum
1048 1095 1050 1097 ψ
1191 1077 1332 1121 regno
1380 1068 1384 1074 ”

456 1115 705 1163 Gotarzem
1190 1122 1413 1187 godarzen

340 1175 409 1218 11.
457 1173 603 1231 iisque
625 1172 840 1216 intentius
863 1173 983 1217 adfui
1188 1181 1316 1235 isque
1342 1176 1557 1221 intentius
1580 1177 1704 1222 affuit

460 1231 750 1275 Britannicus
795 1236 798 1238 ’
1188 1235 1453 1278 brittanicus

345 1291 413 1334 12.
458 1289 740 1333 detinebatur
1191 1292 1485 1336 distinebatur

266 1375 275 1386 ι
345 1349 412 1391 14.
454 1346 700 1390 Damarato
1191 1350 1423 1393 demarato

455 1403 733 1461 Aborigines
947 1418 950 1421 “
1190 1406 1539 1473 *aboriginibus

340 1513 342 1517 y
451 1461 732 1520 publicandis
752 1459 1001 1520 ‘plebiscitis
1189 1463 1390 1524 publico.
1423 1465 1490 1509 dis
1511 1463 1758 1525 plebiscitis

339 1520 407 1565 16.
450 1528 634 1563 auctum
1189 1530 1402 1591 augustus
1736 1558 1739 1566 ,
1767 1557 1771 1561 .

447 1577 632 1621 invisam
1046 1609 1048 1613 -
1189 1596 1328 1624 invisa
1784 1612 1785 1616 ,

454 1634 672 1702 venisset,
705 1650 834 1693 posse
858 1635 1084 1682 extimesci
1187 1638 1362 1704 penisse
1387 1653 1518 1696 posse
1529 1637 1791 1684 Testimesci

342 1693 412 1738 17.
458 1692 593 1736 abiis
1188 1696 1242 1739 ab
1268 1694 1336 1738 his
1814 1716 1816 1718 ·

338 1753 407 1796 19.
448 1751 498 1793 in
516 1765 614 1794 rem
639 1749 865 1810 publicam
1116 1782 1118 1784 ·
1189 1754 1236 1797 in
1258 1769 1306 1797 re
1330 1752 1510 1812 publica

337 1811 410 1854 20.
449 1807 529 1853 hae
1189 1827 1264 1854 eae
1836 1821 1839 1825 “

457 1866 662 1932 perduxit
1183 1869 1245 1912 Id
1264 1869 1313 1911 F
1309 1882 1417 1910 urla
1439 1875 1554 1912 teste
1581 1869 1631 1912 in
1655 1857 1780 1914 Flor.
1801 1867 1901 1930 cod.

453 1923 670 1968 Mattiaco
1186 1925 1410 1970 mathiaco

335 1984 410 2027 22.
454 1983 542 2026 Cn.
567 1980 740 2023 Nonius
1184 1983 1277 2028 *C-
1305 1982 1361 2026 N.
1391 1983 1552 2027 nonius

453 2039 603 2084 Sullae
1184 2039 1340 2084 suillae

334 2099 405 2142 24.
454 2109 676 2162 capessam
1183 2098 1453 2156 capessenda

451 2153 652 2197 mandari
1183 2155 1212 2188 *
1228 2155 1460 2199 mandaret

331 2215 403 2257 25.
447 2211 608 2257 Saenia
1183 2214 1306 2256 senia

337 2273 410 2316 26.
480 2268 572 2312 aria
1180 2270 1410 2329 *patriam

449 2287 530 2372 Eae
1183 2344 1259 2371 eae

333 2388 408 2431 27.
450 2382 720 2429 discubitum
1186 2384 1409 2430 discubitu

334 2444 407 2489 28.
451 2441 688 2486 discidium
1181 2441 1264 2486 *et
1289 2443 1489 2486 scidium·

330 2502 403 2544 29.
447 2500 569 2544 ultro
1181 2501 1297 2544 ultra

331 2561 401 2604 30.
443 2558 506 2603 cis
522 2555 755 2612 Vettium,
793 2556 855 2600 cis
878 2531 1105 2601 Plautium
1179 2558 1283 2601 *cis
1307 2557 1481 2602 vetticis
1500 2557 1670 2616 plautio
1738 2590 1739 2593 ,

448 2618 590 2660 immo
614 2614 692 2665 iis,
725 2623 770 2657 et
1179 2619 1319 2661 immo
1343 2615 1410 2658 his
1437 2623 1480 2658 et

329 2675 383 2719 31
442 2672 704 2730 impositum
1177 2676 1425 2731 impostum

444 2732 543 2789 quis
570 2729 812 2773 fatentibus
840 2730 1044 2774 certatim
1178 2730 1379 2789 *quibus
1402 2729 1668 2774 facientibus
1691 2732 1880 2775 certium

446 2791 564 2854 lapsa
1177 2790 1286 2833 lassa

326 2847 397 2892 32.
441 2845 658 2903 iussitque
1176 2847 1385 2903 missique

323 2905 394 2950 33.
442 2903 606 2947 fidebat
1175 2904 1374 2947 fidebant

443 2962 490 3004 in
515 2960 674 3003 urbem
699 2959 869 3004 vehitur
1173 2962 1221 3005 in
1243 2961 1402 3004 urbem
1425 2960 1642 3013 referatur
1669 2959 1846 3009 vehitur

326 3020 397 3065 34.
439 3018 549 3076 quin
574 3017 714 3061 multa
1175 3018 1281 3076 quid
1306 3017 1447 3061 multa

325 3078 398 3122 35.
440 3074 648 3119 Vitellius
1174 3076 1316 3120 lulius

323 3136 391 3181 36.
437 3134 667 3178 Romanos
710 3133 903 3191 cupidos
949 3142 1111 3177 matu·
1170 3133 1346 3177 romani
1379 3133 1543 3192 cupido
1580 3142 1755 3179 mature
1794 3134 1917 3179 necis
1956 3134 2057 3180 fuit.

496 3205 571 3233 rae
597 3190 717 3234 necis
746 3190 868 3236 fecit.
926 3191 1096 3235 Titium
1230 3198 1272 3232 et
1296 3189 1444 3233 titium

438 3247 553 3292 tradi
1167 3250 1228 3290 sic
1252 3251 1348 3290 cod.
1368 3248 1501 3291 Flor.
1560 3255 1563 3257 ’

439 3303 626 3364 vigilum
1171 3303 1373 3363 vigilium

318 3361 1505 3426 37.p10ru1np1tssszccod.Flor.

319 3423 385 3465 38.
433 3437 485 3464 ac
508 3418 680 3485 pectori
1167 3420 1282 3463 *aut
1292 3421 1478 3486 pectori

438 3476 711 3535 tuansligitur
1169 3476 1439 3534 transigitur.
