2150 4022
189 255 310 316 126
495 249 733 313 iuml
781 247 1096 341 AGRI-e.
1140 249 1379 311 VITA
1433 243 1634 319 CA=P.
1678 250 1779 318 7.Χ

107 376 111 379 ’
183 387 330 446 dum
357 382 699 442 Intemelios
725 377 1028 458 (Liguriae
1057 400 1194 456 pars
1230 380 1342 464 est)
1379 377 1677 444 hostiliter
1708 387 2047 463 populatur,

181 482 434 529 matrem
455 465 769 541 Agricolae
794 466 1295 542 in'praediissuis
1321 467 1644 528 interfecit:
1686 473 2046 550 praediaque

183 558 312 634 ipsa
341 566 398 612 et
420 572 697 628 magnam
721 551 1070 627 patrimonii
1094 550 1322 626 partem
1349 553 1628 629 diripuit,
1683 577 1834 634 quae
1875 578 2048 615 causa

184 640 378 700 caedis
403 639 613 698 fuerat.
689 635 876 712 Igitur
899 637 974 692 ad
999 636 1286 693 solemnia
1309 638 1541 712 pietatis
1562 642 1858 715 profectus
1871 640 2051 716 Agri-

184 727 313 784 cola
355 723 571 781 nuntio
611 721 886 779 adfectati
924 720 1345 797 aVespasiano
1383 723 1618 801 imperii
1651 724 2050 802 deprehensus

186 832 254 869 ac
288 809 488 868 sta-tim
522 809 589 865 in
622 819 816 883 partes
849 818 1244 880 transgressus
1281 819 1385 868 est.
1471 809 1647 868 Initia
1683 812 2051 888 principatus

185 917 253 954 ac
301 905 519 952 statum
559 893 728 958 urbis
765 889 1086 950 Mucianus
1138 892 1407 966 regebat,
1474 897 1798 954 admodum
1836 898 2050 954 iuvene

184 980 533 1040 Domitiano
564 989 622 1036 et
648 999 716 1035 ex
738 989 985 1054 paterna
1010 977 1248 1035 fortuna
1277 990 1509 1037 tantum
1538 982 1839 1040 licentiam
1876 1003 2053 1040 usur-

184 1054 383 1144 pante.
469 1065 521 1122 is
553 1060 802 1121 missum
839 1064 915 1134 ad
951 1062 1211 1120 delectus
1245 1067 1502 1138 agendos
1526 1063 1865 1151 Agricolam
1897 1069 2053 1126 inte-

186 1171 406 1229 greque
420 1171 501 1222 ‚ac
532 1161 769 1207 strenue
807 1158 1106 1204 versatum
1143 1148 1473 1207 vicesumae
1513 1153 1738 1226 legioni
1771 1153 1938 1212 tarde
1975 1155 2048 1210 ad

188 1246 621 1296 sacramentum
659 1245 1052 1307 transgressae
1087 1237 1461 1311 praeposuit,
1516 1239 1625 1296 ubi
1659 1239 1926 1297 decessor
1961 1257 2055 1296 se·-

187 1323 400 1381 ditiose
438 1340 607 1395 agere
646 1320 1030 1377 narrabatur:
1090 1319 1307 1396 quippe
1341 1322 1546 1395 legatis
1577 1344 1813 1401 quoque
1841 1343 2056 1381 consu-

183 1409 412 1467 laribus
449 1405 638 1475 nimia
673 1425 740 1461 ac
771 1404 1159 1462 formidolosa
1200 1417 1341 1465 erat.
1427 1428 1535 1466 nec
1567 1410 1791 1484 legatus
1818 1408 2056 1486 praeto-

187 1495 315 1552 rius
342 1493 418 1549 ad
446 1486 852 1558 cohibendum
888 1501 1129 1564 potem,
1170 1490 1492 1564 incertum,
1535 1507 1641 1552 suo
1679 1515 1755 1551 an
1795 1495 2056 1552 militum

188 1577 450 1654 ingenio,
537 1576 620 1634 ita
656 1563 953 1632 successor
996 1574 1175 1631 simul
1212 1587 1267 1632 et
1303 1577 1464 1634 ultor
1505 1580 1720 1637 electus
1756 1579 2057 1665 rarissima

187 1661 594 1723 moderatione
642 1660 856 1718 maluit
903 1659 1098 1716 videri
1149 1660 1445 1720 invenisse
1491 1665 1683 1722 bonos
1735 1682 1914 1743 quam
1968 1664 2059 1721 fe-

193 1770 358 1810 cisse.

249 1919 363 1960 dam
396 1914 688 1958 Intemelios.
748 1911 825 1956 Sic
858 1910 962 1954 edd.
998 1908 1089 1953 Er·
1163 1913 1264 1958 Hoc
1306 1914 1413 1958 loco
1455 1915 1526 1963 ed.
1563 1915 1672 1960 Put.
1707 1914 1775 1960 M.
1813 1931 1846 1959 a
1879 1916 2054 1973 Vespe-

193 1982 311 2019 nest.
341 1972 522 2016 Broter.
551 1987 651 2028 sqq.
692 1986 741 2013 ex
777 1968 1093 2012 emendatione
1127 2004 1129 2007 -
1169 1973 1330 2016 siano.
2059 1998 2064 2003 ⁴

190 2031 345 2091 Lipsii.
400 2053 460 2064 —-
529 2031 644 2070 dum
679 2030 726 2070 in
760 2027 955 2079 Templo
990 2025 1093 2068 MS.

191 2088 339 2134 Vatic.
365 2086 495 2132 3429.
521 2088 583 2141 (et
603 2085 794 2128 fortasse
817 2083 967 2137 4498.)
990 2082 1093 2126 edd.
1223 2056 1558 2112 deprehensa&
1600 2051 1708 2101 H.e.'
1726 2059 2062 2125 καταληφθειζλ

191 2147 296 2198 Ρμῐ.
341 2161 413 2204 pr.
460 2143 531 2187 M.
573 2151 615 2186 et
658 2141 719 2186 V.
762 2156 860 2199 sqq.
905 2140 961 2183 ad
1003 2139 1093 2183 Er-

192 2202 406 2248 uestium.
508 2199 650 2259 Lipsii
727 2198 1095 2242 emendationem

192 2259 378 2322 praeivit
401 2257 624 2310 Ursinus,
659 2257 736 2316 qui
769 2272 792 2302 e
821 2255 979 2299 codice
1019 2271 1094 2296 ve-

193 2319 278 2364 teri
301 2333 385 2362 suo
407 2315 697 2375 prodideratt
725 2318 842 2356 dum
861 2316 910 2356 in
933 2313 1094 2373 Teme·

194 2376 309 2420 lium
328 2374 557 2429 Liguriae
575 2375 690 2416 urbs
719 2378 807 2415 est.
866 2369 976 2412 Inde
1005 2370 1096 2413 Su-

194 2435 280 2479 rita
301 2433 357 2477 ad
377 2429 602 2476 Antonin.
627 2429 836 2474 Itinerar.
858 2427 931 2474 ed.
945 2425 1096 2471 Wes-

194 2493 274 2536 sel.
305 2484 373 2550 p.
417 2488 521 2533 296.
574 2487 771 2532 coniecit
831 2484 1096 2529 Intemelio.

196 2551 267 2594 lta
291 2557 333 2592 et
359 2546 570 2595 savinus.

152 2651 154 2653 .
252 2606 480 2662 praedas.
574 2600 834 2661 Operarum
863 2601 997 2645 *vitio
1051 2601 1099 2645 in

198 2662 414 2709 Oberlini
437 2660 690 2706 editionem.
708 2668 888 2719 yenerat
910 2660 1096 2713 praesi-

151 2760 157 2763 Α
201 2722 321 2773 diis,
400 2719 492 2763 uod
535 2717 775 2776 repetitum
810 2726 876 2761 est
907 2718 964 2760 ab
998 2716 1096 2760 aliis

199 2736 469 2839 quibusdam
494 2784 538 2820 et
562 2793 585 2820 a
607 2774 830 2818 Naudeto.

255 2834 496 2892 adfectati.
598 2831 819 2880 Walch„
860 2831 914 2874 ad
973 2829 1018 2873 h.
1067 2830 1100 2873 l.

200 2890 366 2945 „nieht
387 2890 474 2934 wie
496 2889 570 2933 bei
589 2890 690 2935 Liv.
715 2889 786 2938 28,
812 2889 879 2936 18,
910 2889 1099 2943 potiun-

200 2956 292 2996 dae
312 2949 509 3006 Africae
539 2963 669 3002 spem
696 2947 943 3000 affectare,
989 2962 1101 2987 son-

203 3010 315 3054 dern
337 3008 410 3051 ein
435 3005 751 3060 vollstiindiges
774 3006 821 3047 in
841 3019 892 3047 se
913 3001 1100 3047 tracti.‘'

202 3068 347 3126 Igitur
370 3071 610 3123 postquam
637 3062 934 3119 Vespasianus
961 3061 1102 3118 impe·

202 3129 324 3171 rium
388 3121 487 3183 lepe
519 3127 728 3170 traxerat,
778 3118 991 3177 Agricola
1027 3132 1102 3160 se-

202 3198 307 3227 rum
382 3177 479 3222 uius
527 3176 592 3229 rei
637 3175 849 3218 nuntium
891 3174 1100 3234 accepit?

203 3237 419 3285 Inutilem
469 3241 590 3278 certe
639 3232 978 3276 adnotationem
1035 3234 1102 3274 vir

205 3295 493 3342 doctissimus
557 3289 744 3334 addidit.
837 3290 951 3333 Nam
1012 3293 1100 3332 ad-

196 3356 381 3412 fectare
413 3365 508 3394 non
566 3354 680 3390 otest
703 3361 798 3388 non
829 3347 1021 3404 intelligi
1050 3347 1104 3390 de

209 3419 374 3456 conatu
429 3406 515 3452 ossi
553 3405 655 3448 endi
678 3404 997 3462 principatum.
1027 3403 1105 3448 Sit:

210 3470 303 3512 An.
326 3469 367 3518 Ξ,
417 3466 455 3508 5.
491 3477 686 3518 regnum
710 3461 971 3517 adfectans.

269 3541 308 3568 α»
323 3523 632 3578 Vespasiano.
689 3519 761 3561 De
786 3520 1007 3575 scriptura
1027 3519 1105 3561 bu·

212 3586 280 3628 ius
306 3580 506 3626 nominis
529 3577 625 3627 vid.
646 3584 746 3619 not.
774 3576 828 3619 ad
856 3576 968 3620 Hist.
1001 3579 1039 3628 1,
1064 3579 1103 3618 1.

1166 2113 1221 2156 de
1262 2130 1312 2156 re
1359 2115 1506 2158 subita
1549 2124 1592 2160 et
1631 2116 1707 2159 ino
1743 2116 1862 2160 inata
1900 2117 2057 2175 (iiber-

1166 2174 1358 2228 rascht).
1421 2171 1480 2216 cf.
1502 2173 1593 2217 An.
1617 2173 1659 2226 3,
1682 2176 1706 2216 5
1741 2207 1751 2216 .
1780 2175 1877 2230 ipse
1913 2174 2059 2225 etiam

1165 2229 1378 2272 viderem
1420 2244 1498 2272 eos
1538 2246 1596 2277 ac
1637 2233 1761 2274 velut
1797 2232 2061 2288 deprende-

1166 2302 1288 2331 rem.
1379 2287 1566 2331 Frustra
1611 2287 1874 2347 Bipontini.,
1897 2303 2062 2345 repre-

1167 2346 1372 2398 hensus,
1399 2345 1441 2390 h.
1463 2362 1505 2390 e·
1529 2353 1776 2400 retractus,
1805 2355 2060 2402 revocatus.

1226 2429 1367 2471 initia
1403 2431 1698 2486 principatus
1730 2461 1744 2476 .

1172 2486 1233 2531 ef.
1259 2485 1373 2531 nist.
1393 2487 1437 2541 4,
1464 2490 1532 2532 11.
1769 2463 1781 2474 ’
1810 2464 1824 2476 ’
1854 2434 2060 2488 ’ὅμοι’

1229 2575 1487 2615 admodum
1517 2574 1699 2616 iuvene.
1779 2572 1882 2618 MS.
1910 2572 2061 2618 Vatic-

1168 2629 1298 2672 3429.
1333 2631 1498 2673 iuvene
1527 2633 1812 2686 admodum,
1857 2631 1979 2690 quod
2011 2630 2061 2674 in

1170 2688 1321 2731 locum
1352 2686 1622 2745 receperunt
1653 2686 1840 2732 Becker.
1873 2697 1914 2732 et
1943 2687 2063 2733 Her-

1169 2745 1246 2788 tel.
1308 2744 1370 2788 cf.
1399 2745 1514 2789 Hist.
1536 2745 1578 2800 2,
1603 2743 1677 2790 78.
1708 2745 1863 2788 iuveni
1889 2749 2060 2790 admo-

1170 2805 1298 2844 dum.
1376 2802 1488 2846 Hist.
1525 2802 1568 2850 4,
1600 2802 1641 2846 5.
1679 2804 1857 2847 moenis
1889 2808 2061 2848 admo-

1170 2863 1299 2903 dum.
1334 2859 1455 2904 Dial.
1476 2861 1529 2903 de
1545 2859 1697 2905 Oratt.
1717 2863 1755 2905 1.
1788 2861 1951 2909 AtAn.
1968 2864 2006 2915 1,
2018 2861 2062 2913 3.

1171 2921 1431 2960 admodum
1468 2920 1842 2971 adulescentem5
1899 2922 1942 2975 4,
1990 2919 2063 2967 13.

1173 2979 1433 3018 admodum
1477 2976 1743 3031 infantem;
1803 2976 1869 3021 lb.
1916 2994 1957 3023 c·
1989 2979 2061 3025 44.

1173 3036 1432 3075 admodum
1456 3035 1872 3079 adulescentulum.
2018 3062 2021 3064 -

1194 3132 1202 3138 “
1233 3132 1296 3159 ex
1322 3122 1529 3170 paterna
1672 3125 1944 3173 usurpante.
2004 3119 2062 3162 cf.

1173 3173 1287 3276 {Iis}
1322 3173 1363 3226 4,
1393 3177 1435 3218 2.
1466 3183 1510 3218 et
1542 3175 1612 3221 39.
1671 3175 1857 3220 Sueton.
1891 3175 2062 3220 Domit-

1175 3373 1203 3417 3
1231 3315 1487 3415 {gemmae
1510 3317 1691 3372 legioni.
1734 3316 1794 3361 cf.
1812 3315 1925 3360 Hist.
1937 3317 1978 3366 i,
1991 3316 2064 3362 60.

1236 3446 1466 3486 decessor.
1537 3442 1624 3487 lut.
1659 3442 1853 3486 Roscius
1886 3443 2067 3488 Caelius

1178 3499 1289 3544 llist.
1320 3502 1359 3551 l,
1381 3502 1453 3544 60.

1236 3573 1378 3613 ultor.
1438 3570 1539 3615 MS.
1553 3569 1699 3613 Vatic.
1715 3542 1847 3614 3429:
1869 3573 2035 3614 ulctor.
