2150 4022
244 256 370 318 Mo

519 227 1167 320 11eUL1512AGR1‘C.
1203 255 1450 333 virrA
1491 255 1691 331 CAR.
1731 265 1787 326 1.

241 386 337 443 nis
360 385 536 443 venia
568 403 718 460 opus
744 384 884 443 fuit‘:
932 406 1110 465 quarn
1130 407 1275 449 ,non
1307 387 1621 470 petissem‘5:
1656 392 1722 448 ni
1761 403 2096 461 cursaturus

238 483 362 532 tam
389 490 557 529 saeva
584 481 643 528 et
662 469 875 529 infesta
897 467 1218 532 virtutibus
1245 470 1545 548 tempora
1923 479 1926 482 ’

239 726 394 765 vestra
417 718 564 761 libens
577 718 654 766 *ad
675 717 872 760 exicium
892 719 1122 774 efferrem,

235 789 361 823 nunc
379 776 544 830 procul
567 790 599 816 a
619 773 894 830 furentibus
911 782 1124 820 summo-

234 851 350 888 ve03
375 832 484 876 ibid.
510 847 550 876 c.
567 831 639 876 43.
664 847 862 889 quorum
877 835 978 876 alia
998 848 1126 877 nune

235 908 349 948 ora,
405 891 504 933 alia
541 898 736 944 pectora
779 898 1000 933 contueor
1040 901 1124 935 etc.

232 951 403 995 Parum
432 956 553 991 recte
584 954 730 990 totum
769 947 925 991 locum
958 948 1126 992 intelli-

235 1015 376 1069 gunt,
392 1005 483 1064 “qui
509 1020 612 1048 cum
634 1004 856 1048 Salinerio
888 1019 1013 1051 nuno
1041 1021 1124 1064 pro

231 1082 355 1111 nunc
377 1067 569 1108 demum
595 1062 912 1123 accipiendum
936 1069 1125 1108 conten·

237 1126 366 1169 dunt.

287 1239 426 1284 venia
462 1250 580 1292 opus
611 1234 730 1291 suit.
821 1234 953 1292 Quae
990 1237 1123 1283 venia

227 1303 286 1348 sit
328 1294 647 1354 intelligenda,
695 1293 965 1353 interpretes
1007 1296 1121 1338 mire

224 1356 505 1408 hat-inlautur
542 1359 585 1395 et
614 1367 638 1394 e
663 1350 916 1410 longinquo
950 1362 1123 1411 petunt,

227 1430 343 1477 quae
373 1420 477 1456 sunt
510 1418 614 1453 ante
649 1409 801 1467 pedes.
891 1409 1121 1454 Nimirum

225 1474 380 1521 nullus
411 1469 486 1512 hic
508 1481 657 1510 sermo
684 1474 749 1510 est
772 1467 826 1509 de
850 1468 976 1510 venia
1008 1469 1118 1522 (Er-

222 1526 448 1586 lesubnffs)
481 1526 536 1568 ab
567 1525 838 1582 imperatore
876 1525 930 1567 ad
977 1527 1118 1569 eden·-

225 1592 331 1638 dam
369 1582 611 1641 Agricolae
669 1581 810 1626 vitam
870 1579 1120 1640 impetrata,

223 1660 374 1705 neque
397 1639 601 1686 de‘venia
629 1639 916 1694 (Nachsickc)
952 1641 1010 1682 ob
1043 1643 1116 1683 in..

223 1703 453 1754 conditam
504 1713 558 1740 ac
611 1696 774 1740 rudem
822 1712 985 1743 vocem
1041 1707 1118 1742 aut

222 1774 371 1810 seram
410 1755 552 1801 libelli
578 1754 828 1798 editionem
863 1755 1057 1813 petenda
1091 1775 1114 1801 a

219 1817 493 1869 lectoribus,
545 1828 631 1856 nec
674 1812 868 1870 denique
899 1814 953 1857 de
989 1815 1115 1858 venia

217 1878 340 1940 apud
362 1869 600 1932 Agricolae
630 1871 951 1913 obtrectatores
980 1880 1022 1915 et
1044 1889 1113 1916 ca·

215 1932 510 1983 lumniatores
537 1927 807 1986 quaerenda.
865 1928 1015 1972 Immo
1043 1945 1115 1972 ve-

217 1998 303 2040 nia
335 1992 411 2036 hic
439 1987 550 2032 nihil
576 1985 706 2028 aliud.
727 1994 792 2028 est
820 2002 957 2046 quam
988 1987 1110 2044 quod

216 2066 303 2098 nos
331 2045 580 2093 modestiae
616 2059 745 2087 causa
789 2044 983 2088 dicimus
1017 2048 1111 2089 Er..

215 2105 435 2164 laubnffs,
459 2103 880 2157 Entschuldigung,
914 2103 969 2145 ad
993 2120 1111 2146 eam·

216 2185 329 2229 quex
351 2169 494 2224 ipsam
535 2175 605 2203 res
640 2159 719 2202 icit
763 2161 1110 2209 excusationem,

250 2243 332 2271 uae
351 2225 466 2267 inest
483 2233 589 2262 exor
624 2218 668 2259 io
688 2215 820 2258 huius
843 2216 962 2260 libri.
994 2218 1110 2260 Nam

213 2246 278 2332 ibi
302 2281 484 2327 Tacitus
505 2282 727 2335 provocat
752 2275 806 2326 ad
837 2291 969 2318 usum
1004 2283 1108 2318 cum

213 2336 489 2399 antiquitatis
520 2343 618 2377 tum
655 2332 959 2389 recentiorum
990 2341 1110 2376 tem-

213 2414 396 2463 porum,
427 2400 474 2438 ut
495 2394 676 2435 'excuset
698 2390 952 2438 consilium,
985 2391 1110 2448 quod

211 2464 307 2519 ipse
329 2468 454 2499 nunc
475 2449 649 2497 inierit,
681 2447 736 2490 de
759 2447 998 2490 scribenda
1021 2450 1108 2492 vita

213 2517 321 2564 clari
366 2510 464 2555 viri.
543 2503 639 2549 Tali
687 2504 972 2547 excusatione
1015 2521 1108 2548 non

215 2591 330 2634 opus
351 2570 509 2613 fuisset
533 2563 629 2608 aliis
646 2562 941 2621 temporibus.
972 2562 1107 2605 Nem-

213 2650 268 2693 pe
307 2628 402 2674 aliis
448 2621 729 2681 temporibus
777 2620 939 2663 omissa
982 2620 1107 2663 omni

213 2689 400 2745 ambage
441 2682 622 2724 Tacitus
663 2677 813 2721 statim
862 2678 1105 2735 coepisset:

216 2750 394 2793 Gnaeus
425 2741 578 2783 Iulius
613 2737 834 2789 Agricola
873 2739 1025 2778 veteri
1064 2745 1108 2777 ec

211 2803 408 2851 inlustri
460 2794 861 2840 Foroiuliensium
923 2796 1106 2860 εοζοηία

212 2871 346 2908 ortus
381 2865 494 2903 etc.,
541 2851 646 2896 satis
685 2860 833 2894 certus
874 2867 1101 2894 neminem

211 2937 306 2968 esse
324 2913 655 2976 quaesiturum:
683 2908 790 2967 quid
812 2909 936 2966 agis?
968 2908 1104 2951 Nunc

212 2994 320 3023 vero
352 2980 454 3033 post
484 2970 669 3026 longum
702 2967 925 3009 servitutis
963 2965 1102 3008 silen-

207 3040 348 3086 tium,
391 3031 499 3074 dum
535 3024 695 3082 incipit
728 3023 835 3067 clari
868 3023 954 3068 viri
985 3022 1103 3066 facta

207 3104 451 3148 moresque
504 3082 696 3144 posteris
743 3082 939 3131 tradere,
994 3081 1103 3148 dum

207 3151 402 3213 primam
434 3157 590 3187 vocem
626 3139 671 3181 in
709 3146 827 3181 tanta
865 3140 1103 3183 taciturni-

207 3219 296 3255 tate
318 3205 433 3255 edit,
470 3201 579 3244 dum
604 3196 777 3255 primus
809 3198 971 3242 exsistit
1010 3198 1103 3238 vir-

207 3268 313 3313 t'utis
337 3264 570 3308 damnatae
600 3255 825 3305 laudator,
858 3255 961 3297 novi
994 3253 1100 3311 quid

207 3325 385 3369 videtur
434 3315 609 3361 moliri:
668 3327 804 3370 quare
857 3327 951 3355 non
1007 3313 1102 3355 sine

207 3380 507 3444 praefatione,
547 3386 635 3431 qua
676 3369 899 3412 rationem
932 3370 1100 3427 incepti

205 3439 356 3485 reddit
379 3444 422 3479 et
449 3431 625 3480 veniam
658 3426 784 3486 quasi
820 3426 1000 3469 dicendi
1060 3443 1099 3468 e-

205 3501 285 3549 tit,
323 3510 435 3553 opus
472 3486 744 3545 adgreditur.
828 3484 1022 3550 Monet·
1059 3486 1100 3528 ic

205 3557 357 3602 locus,
396 3560 446 3594 ut
476 3561 624 3591 caveas
659 3541 844 3585 nimiam
875 3541 1096 3584 subtilita-

205 3623 296 3658 tem
361 3610 406 3653 in
468 3600 741 3662 explicandis
806 3598 1096 3655 antiquorum

1197 718 1476 776 scriptorum
1512 719 1662 765 verbis
1694 719 1930 793 fugiasque
1973 723 2094 770 calli-

1199 775 1382 818 ditatem
1414 775 1562 828 illam,
1604 793 1718 836 quae
1755 781 1932 826 occulta
1957 795 2093 842 ⁴saepe

1197 832 1383 876 artificia
1439 835 1614 892 quaerit
1659 835 1721 880 in.
1751 837 2092 897 simplicissimis

1195 889 1424 934 formulis.
1486 891 1598 934 Nam
1624 909 1739 952 quae
1762 895 1844 940 viri
1869 895 1991 940 docti
2020 907 2090 940 at-

1197 963 1284 1005 que
1308 947 1555 991 doctissimi
1581 950 1635 993 de
1663 950 1740 994 illa
1765 954 1895 997 venia
1921 954 2091 1010 opinati

1195 1014 1301 1049 sunt
1326 1006 1450 1050 varia
1475 1006 1513 1048 si
1538 1008 1635 1064 quis
1665 1024 1873 1054 enarrare
1903 1011 2092 1070 incepe-

1195 1063 1283 1115 rit,
1315 1063 1532 1107 volumen
1555 1065 1654 1111 erit.
1692 1118 1694 1121 ι

1551 1179 1628 1225 Sic
1653 1181 1756 1226 MS.
1781 1181 1926 1227 Vatic.
1954 1183 2082 1229 3429.

1194 1245 1237 1280 et
1269 1237 1490 1281 editiones
1522 1254 1660 1297 quum
1686 1251 1859 1284 veteres
1890 1250 1986 1284 tum
2019 1261 2087 1286 re·

1191 1295 1438 1396 ἓξὲἑὶοῑεε.
1471 1320 1527 1329 -
1572 1295 2084 1352 petiissemMS.Vatic.

1247 1180 1491 1235 petissem.

1247 1470 1300 1512 ni
1321 1479 1608 1516 eut-saturus.
1668 1471 1744 1514 Sic
1767 1471 1870 1515 edd.
1885 1471 1987 1518 Put.
2010 1489 2078 1531 pr.

1190 1526 1259 1569 M.
1306 1536 1348 1570 et
1394 1528 1447 1572 V.
1488 1529 1593 1575 Riv.
1645 1527 1856 1573 Beroald.
1914 1532 2078 1575 Alciat.

1189 1583 1376 1630 Pichen.
1431 1586 1653 1644 Bernegg.
1693 1603 1792 1644 sqq.
1844 1596 1889 1630 et
1937 1605 1997 1633 nu
2032 1606 2082 1634 er

1188 1641 1367 1687 Dronk.
1395 1642 1592 1688 Walch.
1617 1680 1641 1702 Δ.
1679 1645 1725 1688 Si
1762 1652 1829 1697 est
1861 1645 1970 1688 fides
1999 1605 2079 1690 ba-

1189 1699 1333 1743 benda
1366 1701 1540 1744 silentio
1563 1702 1782 1750 Broterii‚
1821 1702 1942 1745 idem
1981 1718 2079 1754 ver·

1187 1759 1298 1801 bum
1320 1758 1508 1801 habetur
1531 1759 1578 1802 in
1602 1759 1759 1804 codice
1779 1759 1914 1804 Vatic.
1935 1759 2078 1814 4498„

1187 1817 1242 1858 de
1260 1830 1354 1871 quo
1378 1815 1454 1859 ille
1476 1825 1615 1868 tacet,
1650 1818 1760 1860 dum
1784 1817 1874 1865 edit
1898 1821 1956 1865 ω’
1968 1835 2078 1869 ομν-

1184 1882 1394 1917 saturus.
1425 1899 1483 1908 -
1541 1878 1845 1918 immaturus
1865 1875 2080 1923 MS.,-Va-.

1185 1931 1263 1973 tic.
1285 1928 1415 1976 3429.
1442 1955 1499 1963 -
1552 1934 1606 1975 ηι·
1623 1934 1949 1977 incursatur-us
1974 1934 2077 1983 edd.

1185 1987 1391 2032 Rhenan.
1423 1988 1533 2044 4ΑΜ.
1560 1989 1833 2047 ΜίογΗ.,,(ἰ,η
1867 1992 2078 2048 margine

1183 2048 1486 2103 cursatur-us)
1523 2046 1645 2115 Lips.
1673 2050 1810 2104 (cuin
1825 2075 1828 2087 1
1841 2049 2076 2106 asterisco)

1186 2103 1368 2148 Gruter.
1390 2129 1444 2137 —
1478 2107 1545 2147 ‹ni
1566 2115 1868 2151 monsacutus
1893 2121 1917 2149 e
1938 2105 2076 2164 Lipsii

1183 2161 1444 2205 coniectura
1493 2162 1592 2205 edd.
1637 2163 1822 2221 Bipont.
1865 2162 2074 2213 oberlin.

1183 2220 1374 2262 Seebod.
1420 2218 1608 2264 Becker.
1665 2219 1855 2263 Bekker.
1901 2218 2072 2265 Hertel.

1182 2275 1391 2321 aliorum.
1432 2305 1491 2314 -
1547 2278 1785 2324 Accedunt
1816 2278 1925 2326 item
1949 2278 2073 2322 viro-

1180 2350 1284 2376 rum
1302 2334 1553 2377 ‘doctorum
1588 2335 1900 2381 coniecturae:
1946 2334 2074 2379 Rhe-

1180 2391 1286 2434 nani
1307 2394 1632 2436 incursaturus
1656 2426 1666 2437 .
1679 2423 1692 2437 .
1708 2423 1721 2436 .
1742 2396 1995 2448 tempora?
2015 2418 2073 2430 —-

1182 2447 1400 2491 Gesneri:
1453 2451 1505 2491 m'
1548 2459 1831 2501 causaturus
1841 2469 1858 2503 ;
1885 2475 1942 2484 -—
1982 2451 2071 2496 viri

1181 2506 1304 2549 docti
1337 2506 1384 2549 in
1415 2506 1607 2551 Seebod.
1643 2508 1759 2552 Bibl.
1797 2509 1897 2554 crit.
1943 2509 2071 2555 1822.

1179 2580 1226 2622 p.
1254 2563 1352 2607 173.
1373 2581 1470 2623 sqq.
1504 2567 1560 2606 ni
1587 2575 1857 2610 curaturus.
1931 2567 2071 2625 igitur

1180 2629 1300 2678 patet
1342 2623 1626 2679 praecipuam
1673 2632 1880 2667 veterum
1931 2625 2068 2668 libro—

1179 2695 1284 2721 rum
1322 2681 1634 2723 auctoritatem
1676 2680 1828 2723 adesse
1870 2682 2069 2740 scriptu-

1178 2753 1251 2778 rae
1280 2738 1337 2778 ni
1355 2744 1658 2786 cursaturus‚
1692 2753 1805 2795 quae
1827 2755 1930 2783 cum
1955 2739 2070 2782 Rhe·

1178 2810 1320 2843 nano,
1355 2793 1507 2850 Lipsio
1539 2794 1726 2853 aliisque
1759 2794 2071 2854 displicuisset,

1178 2851 1231 2892 ab
1257 2851 1460 2893 Ernestio
1483 2851 1542 2894 ita
1566 2852 1748 2895 defensa
1772 2862 1867 2905 est,¹
1891 2862 1939 2896 ut
1959 2869 2068 2896 cur-

1174 2922 1285 2950 sare
1318 2908 1540 2965 acciperet
1578 2909 1752 2952 dictum
1781 2926 1866 2967 pro
1898 2915 2069 2955 decur-

1175 2981 1281 3012 rere
1304 2982 1433 3008 sensu
1464 2965 1720 3035 allegorice.
1775 2967 1836 3011 cf.
1853 2969 2000 3013 Cicer.
2015 2970 2071 3014 de

1178 3021 1310 3065 Orat.
1343 3026 1379 3073 1,
1404 3022 1473 3067 32.
1545 3024 1632 3067 bed
1667 3040 1760 3067 non
1794 3025 1954 3082 video,
1987 3043 2070 3071 cur

1179 3080 1495 3138 confugiamus
1518 3083 1572 3125 ad
1593 3081 1778 3124 verbum
1796 3086 2066 3139 decurrere,

1178 3154 1281 3180 cuni
1308 3152 1502 3180 cursare
1529 3155 1577 3181 ex
1609 3155 1655 3181 se
1693 3142 1835 3197 possit
1865 3141 2067 3200 intelligi.

1174 3195 1356 3238 Etenim
1403 3210 1593 3247 cursare
1637 3204 1700 3240 est
1748 3199 1934 3242 verbum
1974 3200 2068 3242 cir-

1175 3268 1325 3296 cense.
1385 3253 1462 3296 Sic
1484 3267 1671 3296 currere
1693 3258 1901 3297 stadium
1925 3255 2069 3300 Cicer.

1175 3310 1228 3352 de
1244 3309 1335 3352 Off.
1361 3310 1402 3358 3,
1432 3311 1500 3354 13.
1570 3310 1626 3354 Et
1653 3311 1755 3354 satis
1772 3321 1930 3354 notum
1955 3321 2020 3355 est
2043 3330 2068 3356 a

1173 3368 1314 3410 stadio
1352 3368 1489 3412 verba
1520 3366 1790 3425 plerumque
1833 3368 2068 3414 transferri

1172 3425 1226 3468 ad
1251 3426 1334 3468 alia
1362 3425 1520 3468 studia.
1595 3426 1690 3468 lam
1727 3434 1930 3483 tempora
1963 3437 2067 3470 sunt

1171 3483 1295 3540 quasi
1329 3483 1544 3532 stadium,
1599 3483 1724 3541 quod
1764 3483 1964 3527 curritur
1996 3484 2069 3528 hi-

1171 3539 1335 3584 storiae
1354 3540 1588 3598 scriptori,
1622 3548 1663 3583 et
1684 3539 1751 3582 uti
1774 3556 1933 3584 cursor
1958 3558 2068 3586 cur-

1171 3600 1229 3642 rit
1261 3597 1475 3650 stadium,
1515 3598 1642 3641 navis
1679 3613 1849 3655 aequor
1886 3597 2068 3656 (Vh-git.
