2150 4022
420 258 733 323 INDEX
789 257 1628 323 ADNOTAT-IONUM.

91 389 321 437 Diodotus
345 387 476 432 Orat.
499 388 582 436 30.

89 443 299 502 diploma
319 445 378 491 Η.
394 446 440 502 2,
463 443 536 503 54).

88 507 344 605 diryemptus
376 512 420 547 et
455 503 668 558 direptus
701 502 825 547 conf.
853 502 906 547 H.
937 503 981 558 3,

89 620 294 671 diripere
316 625 364 662 et·
381 618 594 673 deripere
619 617 788 662 div-ersa
806 620 890 660 An.
908 617 978 671 13,

147 676 216 720 57.
265 675 322 720 Η.
357 678 395 727 1,
426 675 498 718 41.
545 676 585 726 3,
624 675 696 720 13.
765 677 980 728 direptus

147 733 270 777 conf.
316 748 420 776 cum
467 734 688 785 diruptus
736 730 789 775 H.
828 735 870 787 1,
907 733 978 776 68.

143 807 246 834 cum
271 791 533 842 diremptus
557 789 612 832 H.
636 789 676 840 3,
700 789 769 832 75.
794 790 863 833 81.

87 849 357 901 dirumpere
378 856 420 889 et
444 850 630 889 diruere
652 847 772 889 conf.
796 847 850 889 Η.
876 845 917 898 5,
931 846 976 890 9.

80 937 84 940 -
143 909 356 957 diruptus
380 912 422 946 et
446 906 654 958 direptus
676 904 732 946 H.
758 905 798 958 l,
819 904 887 947 68.

86 964 318 1008 discedere
357 969 400 1005 et
432 965 656 1004 decedere
688 962 858 1005 diversa
887 964 973 1004 An.

141 1023 184 1075 2,
205 1022 277 1063 44.

87 1071 346 1132 disceptare
368 1075 427 1121 H.
448 1075 498 1131 4,,
517 1075 592 1120 55.

85 1136 358 1189 disceptatio
376 1142 419 1176 et
431 1133 688 1187 disputatio
710 1131 831 1175 conf.
846 1130 974 1175 Orat.

142 1194 212 1236 27.
247 1209 290 1238 v.
318 1190 462 1234 Beier.
488 1191 543 1234 ad
570 1190 667 1233 Cic.
691 1188 780 1232 Off.
803 1192 838 1242 l,
860 1190 931 1231 79.

83 1253 264 1293 discere
302 1259 346 1292 et
381 1251 532 1291 dicere
574 1247 694 1290 conf.
731 1246 785 1288 H.
827 1250 865 1300 1,
899 1247 971 1290 29.

144 1308 273 1352 Orat.
285 1308 357 1350 28.
383 1329 438 1342 --
469 1321 578 1349 cum
594 1306 824 1348 disserere
849 1302 973 1347 conf.

145 1372 228 1408 An.
252 1364 320 1418 13,
343 1364 387 1407 3.

85 1425 299 1466 discessio
333 1430 376 1464 et
397 1420 628 1462 dissensio
658 1417 717 1460 cf.
743 1421 845 1474 Agr.
867 1418 938 1460 32.

82 1482 326 1524 discidium
351 1485 394 1520 et
414 1477 658 1519 dissidium
680 1477 802 1517 conf.
831 1479 914 1517 An.
929 1475 971 1527 2,

139 1540 210 1581 86.
252 1537 296 1591 3,
321 1535 391 1577 34.
441 1535 508 1588 11,
536 1534 607 1575 28.
631 1532 700 1575 30.
735 1533 803 1586 12,
830 1534 872 1575 2.
898 1533 971 1574 40.

143 1598 212 1649 14,
246 1598 284 1637 1.
318 1595 389 1635 60.
438 1607 481 1633 V.
513 1588 745 1634 Drakenb.
783 1589 839 1632 ad
872 1589 969 1635 Liv.

140 1652 284 1704 xxv,
311 1650 375 1704 18,
403 1649 445 1693 5.

82 1712 367 1756 discumbere
395 1712 479 1748 An.
507 1707 578 1758 11,
599 1704 670 1747 27.

82 1769 262 1813 disiecti
287 1772 370 1810 An.
394 1768 433 1820 1,
455 1764 526 1808 32.
558 1762 602 1817 3,
619 1762 662 1805 2.
699 1783 752 1794 --
782 1761 973 1804 disiecta

143 1832 224 1870 An.
247 1825 291 1880 2,
315 1825 387 1865 61.

81 1885 326 1940 dispertire
351 1881 439 1924 An.
465 1877 532 1933 13,
559 1877 630 1922 37.

81 1943 298 1997 dispicere
320 1938 373 1980 H.
398 1937 441 1988 4,
462 1936 532 1978 55.
567 1937 674 1992 Agr.
702 1937 774 1978 10.
802 1972 805 1975 ,

79 2001 330 2052 disponere
351 1998 471 2037 diem
501 1992 656 2036 Germ.
679 1992 751 2036 30.

79 2056 329 2109 disputatio
393 2060 437 2094 et
496 2050 773 2099 disceptatio
842 2045 967 2091 conf.

138 2113 267 2157 Orat.
294 2110 363 2153 27.
896 2117 902 2119 “

78 2170 301 2214 dissensio
324 2175 367 2209 et
387 2164 605 2208 discessio
628 2161 755 2205 conf.
776 2162 882 2218 Agr.
897 2161 968 2205 82.

79 2227 324 2271 dissidium
362 2231 406 2265 et
442 2222 683 2264 discidium
721 2220 841 2262 conf.
882 2221 968 2262 An.

142 2286 210 2338 12,
231 2284 269 2324 2.
292 2283 364 2323 40.
400 2280 468 2331 14,
497 2279 536 2321 1.
564 2279 633 2318 60.

79 2343 408 2388 dissimulare,
437 2337 490 2379 de
517 2350 619 2379 voc.
642 2331 789 2374 forma
819 2335 902 2378 An,
927 2332 969 2387 3,

140 2401 206 2443 52.
251 2398 306 2440 Η.
331 2397 373 2449 2,
393 2395 465 2437 29.

80 2455 389 2502 dissimulatio
422 2452 450 2494 i.
475 2465 525 2519 q.
551 2446 806 2490 neutralite'
839 2445 893 2489 H.
924 2448 965 2501 1,

138 2517 208 2559 26.
252 2518 356 2570 Agr.
382 2509 424 2551 6.

81 2575 320 2617 distinctus
349 2566 478 2609 Orat.
504 2565 570 2607 18.

81 2632 304 2675 distinere
352 2634 395 2667 et
437 2624 640 2665 detinere
692 2624 966 2662 commutata

140 2691 223 2730 An.
243 2684 394 2739 ll,12.
431 2683 497 2735 14,
510 2680 580 2721 25.
614 2676 667 2719 Η.
680 2677 806 2731 2,32.
835 2676 880 2731 4,
895 2675 965 2716 55.

80 2747 343 2789 distrahere
368 2744 451 2782 An.
475 2742 518 2790 (ὁ,
543 2737 617 2778 35.

80 2803 362 2855 distringere
395 2806 436 2840 et
464 2794 746 2845 destringere
781 2793 862 2832 An.
899 2790 968 2843 12,

141 2861 210 2902 51.
247 2860 312 2908 13,
337 2857 402 2898 58.
437 2856 503 2902 14,
531 2852 571 2893 8.
615 2850 672 2893 H.
691 2849 807 2899 1,41.
841 2848 965 2900 4,50.

80 2920 192 2962 ditio
215 2915 335 2959 conf.
361 2929 460 2956 eum
487 2911 660 2952 deditio
685 2907 738 2950 H.
754 2906 878 2959 4,79.
911 2929 965 2937 —-

138 2977 191 3018 de
212 2971 363 3028 script.
383 2974 464 3011 An.
484 2968 550 3021 15,
571 2967 635 3009 13.
670 2981 712 3010 v.
735 2963 965 3022 Wagner.

139 3033 193 3075 ad
218 3029 343 3086 Virg.
372 3028 485 3068 Aen.
509 3025 540 3072 l,
562 3023 662 3066 236.

0 3130 1 3136 ,
82 3093 166 3133 diu
189 3095 413 3141 noctuque
439 3088 522 3124 An.
547 3082 617 3134 15,
649 3082 713 3123 12.

82 3149 166 3190 diu
190 3153 232 3187 et
252 3147 366 3185 dum
390 3139 509 3182 conf.
538 3142 617 3180 An.
643 3140 709 3190 15,
731 3138 802 3178 40.

0 3223 1 3242 1
83 3206 307 3247 divellere
330 3206 372 3241 et
394 3199 622 3239 devellere
649 3198 732 3236 An.
759 3194 802 3247 3,
834 3194 885 3235 14

83 3263 291 3304 diversus
313 3258 341 3300 i.
366 3271 406 3312 q.
429 3252 656 3306 ἐνάνῑιος,
699 3267 843 3305 gegen
868 3251 967 3292 ein·

139 3321 290 3362 ander
325 3314 517 3357 stelaend
552 3314 633 3352 An.
669 3308 714 3362 2,
753 3313 821 3352 10.
867 3308 897 3350 i.
926 3322 969 3364 q.

142 3371 411 3419 nostratium
449 3370 697 3423 abgelegen
733 3368 816 3409 An.
852 3366 892 3417 3,
926 3367 968 3407 2.

142 3433 330 3491 Agr.11.
363 3426 488 3473 conf.
512 3441 618 3470 eum
633 3426 803 3467 diuisus
814 3422 969 3465 Germ.

87 3491 318 3590 άίέἓιζιενε
349 3552 391 3586 et
420 3545 659 3584 devertere
691 3537 819 3584 conf.
844 3537 901 3582 H.
923 3535 969 3592 2,

141 3604 219 3648 64.
242 3605 338 3646 100.
369 3599 511 3655 3,11..

1823 258 1948 318 457

1054 388 1184 430 dives
1207 383 1371 445 plural.
1394 399 1521 428 num.
1551 383 1718 429 divites
1745 390 1789 426 et
1820 386 1940 427 dites

1058 483 1060 499 ἶ
1112 446 1196 487 An.
1214 445 1281 498 15,
1295 441 1455 542 54.5Zf.
1468 440 1600 485 Voss.
1619 440 1675 483 de
1694 439 1935 499 analog.·ll.

1109 501 1242 544 6.·25.
1307 531 1317 543 .
1339 500 1366 542 8
1427 531 1438 542 .
1542 539 1547 543 .
1580 516 1584 527 ³

1050 559 1251 601 dividere
1274 517 1378 615 1ligr.
1401 557 1442 599 9.
1499 557 1673 599 divisus
1701 562 1745 598 et
1777 555 1936 598 diver·

1108 631 1191 668 sus
1217 618 1337 659 conf.
1363 614 1519 657 Germ.
1541 614 1611 656 28.
1767 633 1771 636 ·
1929 630 1936 636 ·

1047 671 1332 715 Divodurum
1360 672 1416 716 Η.
1441 672 1481 722 1,
1504 671 1576 714 63.

1047 732 1251 772 divortia
1273 739 1315 771 et
1337 730 1551 771 devortia
1579 727 1702 772 conf.
1731 731 1835 787 Agr.
1862 730 1932 775 19.

1048 786 1284 831 Cornelius
1303 787 1562 833 Dolabella,
1594 787 1647 828 de
1671 786 1857 828 nomine
1873 785 1932 832 Η.

1106 849 1144 895 1,
1171 845 1242 886 88.
1308 845 1361 886 de
1395 843 1621 888 scribendi
1649 842 1826 887 ratione
1852 847 1932 889 An.

1106 905 1173 955 11,
1199 904 1269 944 22.
1310 901 1366 944 Η.
1391 904 1434 952 2,
1463 901 1532 943 63.

1045 959 1390 1002 dominationes
1424 958 1457 1003 i.
1489 975 1544 1017 q..
1567 971 1717 1011 regna
1746 961 1831 1001 An.
1863 959 1932 1023 12,

1045 1075 1261 1126 dominus
1279 1075 1438 1115 minor
1458 1081 1502 1115 et
1525 1074 1684 1115 maior
1705 1073 1757 1117 H.
1776 1076 1816 1124 1,
1837 1074 1905 1118 11.

1045 1130 1336 1173 Domitianus
1353 1163 1370 1183 ,
1398 1131 1451 1173 de
1477 1129 1629 1187 script.
1655 1133 1742 1174 An.
1769 1133 1837 1182 11⁴,
1860 1134 1927 1175 11.

1045 1187 1278 1231 Domitius
1302 1188 1409 1230 Afer
1436 1187 1562 1231 Orat.
1589 1188 1656 1231 13.

1043 1250 1210 1288 domus
1233 1245 1286 1286 de
1312 1245 1532 1288 nobilium
1565 1244 1749 1290 familiis
1773 1250 1858 1292 An.
1890 1253 1932 1304 1,

1099 1303 1170 1347 73.
1233 1304 1368 1344 domi
1402 1317 1572 1357 parere
1616 1308 1698 1355 An.
1745 1305 1817 1360 13,
1854 1305 1928 1350 42.

1099 1361 1231 1403 domi
1265 1362 1469 1402 retinere
1513 1359 1569 1402 H.
1606 1361 1642 1415 1,
1676 1363 1744 1405 11.
1801 1365 1934 1405 domi

1098 1418 1233 1459 nosci
1249 1416 1540 1474 proverbialis
1562 1415 1733 1461 locutio
1751 1418 1931 1465 Orat.9.

1100 1480 1292 1517 domurn
1327 1485 1368 1517 et
1400 1478 1592 1516 modum
1627 1475 1746 1519 conf.
1770 1476 1927 1520 Germ.

1101 1535 1197 1587 25„
1239 1542 1285 1575 ut
1317 1531 1433 1590 apud
1459 1531 1553 1576 Cic.
1576 1531 1758 1576 Orator.
1782 1539 1809 1589 §
1836 1535 1929 1579 186.

1099 1594 1240 1632 domo
1267 1599 1308 1632 et
1341 1593 1506 1639 modo;
1545 1594 1739 1634 domum
1766 1601 1812 1635 et·
1843 1595 1930 1634 do-

1099 1662 1214 1689 num
1237 1647 1357 1690 conf.
1381 1647 1436 1688 H.
1462 1649 1502 1701 5,
1522 1648 1592 1690 22.

1044 1706 1269 1747 donativo
1295 1707 1498 1757 accipere
1525 1703 1578 1748 H.
1605 1706 1643 1755 1,
1667 1704 1737 1749 30.

1043 1767 1187 1806 donec
1203 1796 1214 1813 ‚
1275 1761 1329 1803 de
1380 1769 1604 1805 structura
1657 1765 1741 1806 An.
1793 1764 1837 1820 2,
1889 1767 1929 1809 6.

1102 1820 1258 1862 Germ.
1286 1821 1324 1873 1,
1350 1818 1421 1861 35.
1734 1827 1737 1836 “
1771 1857 1775 1859 .

1042 1882 1217 1921 donum
1239 1885 1281 1919 et
1301 1880 1492 1918 domum
1515 1874 1639 1919 conf.
1654 1875 1711 1920 H.
1727 1878 1768 1932 5,
1779 1878 1848 1922 22.
1875 1901 1930 1913 -—

1100 1936 1216 1978 dona
1242 1932 1452 1976 militaria
1476 1934 1559 1975 An.
1584 1935 1624 1981 1,
1648 1935 1718 1978 44.

1040 1991 1342 2049 Doryphorus
1368 1993 1452 2035 An.
1479 1990 1644 2044 14,'65.

1039 2054 1126 2092 dos
1151 2048 1307 2090 Germ.
1335 2047 1400 2091 18.

1039 2105 1237 2149 Drusilla
1262 2105 1318 2148 H.
1343 2106 1384 2159 5,
1412 2105 1456 2147 9.

1038 2167 1218 2207 Drusus
1253 2168 1335 2205 An.
1371 2162 1439 2215 13,
1472 2161 1543 2206 53.
1605 2163 1698 2206 eius
1732 2160 1806 2206 ara
1842 2168 1927 2210 An.

1096 2222 1139 2272 2,
1164 2222 1204 2263 7.
1251 2219 1346 2263 eius
1375 2219 1516 2262 moles
1543 2219 1595 2263 H.
1621 2223 1670 2276 5,-
1693 2223 1759 2263 19.
1807 2221 1926 2266 fossa

1096 2277 1324 2319 Drusiana
1353 2280 1434 2319 An.
1457 2278 1499 2330 2,
1523 2278 1564 2322 8.

1038 2337 1263 2376 dubitatio
1292 2338 1376 2376 An.
1403 2332 1446 2388 3,
1470 2338 1542 2376 41.

1039 2390 1305 2435 Ducennius
1334 2395 1418 2433 An.
1449 2394 1517 2445 15,
1542 2393 1610 2436 18.
1653 2391 1708 2435 H.
1735 2397 1776 2448 1,
1805 2396 1870 2438 14.

1038 2453 1205 2492 ducere
1237 2450 1386 2505 suppl.
1426 2458 1553 2490 sorte
1591 2452 1672 2491 An.
1696 2450 1739 2505 3,
1771 2451 1838 2494 58.
1863 2448 1927 2486 ‘—

1097 2507 1126 2549 i.
1150 2523 1195 2563 q.
1220 2509 1404 2548 trahere
1420 2509 1512 2562 ‚Am
1542 2508 1606 2561 11,
1628 2507 1698 2551 37.
1730 2507 1759 2550 i.
1783 2523 1823 2565 q.
1844 2524 1925 2552 re-

1095 2577 1205 2618 gere
1243 2570 1344 2620 Agr.
1376 2563 1417 2604 6.
1478 2567 1643 2606 ducere
1670 2567 1717 2607 in
1750 2567 1926 2611 crimen

1099 2626 1182 2663 An.
1205 2621 1247 2674 6,
1273 2623 1309 2664 5.
1352 2620 1405 2661 Η.
1433 2622 1475 2675 2,
1497 2621 1566 2663 31.

1038 2682 1202 2721 ductor
1222 2685 1264 2720 et
1285 2685 1450 2719 auctor
1473 2679 1593 2722 conf.
1619 2678 1674 2721 H.
1697 2679 1739 2735 3,
1755 2682 1825 2725 47.

1040 2737 1198 2779 ductus
1223 2750 1440 2802 aquarum
1467 2738 1550 2779 An.
1578 2739 1616 2790 1,
1635 2737 1708 2779 75.

1038 2791 1275 2850 Dulgibim
1301 2791 1453 2833 Germ.
1480 2792 1550 2837 34.

1037 2854 1149 2892 dum
1174 2866 1275 2891 cum
1302 2848 1522 2907 praesenti
1548 2850 1750 2894 iunctum
1779 2857 1921 2909 An.2,

1094 2909 1134 2949 8.
1156 2907 1225 2948 26.
1249 2906 1319 2948 81.
1351 2907 1420 2961 13,
1444 2907 1510 2948 15.
1541 2905 1594 2949 H.
1617 2906 1660 2960 3,
1687 2909 1756 2952 88.
1777 2909 1847 2954 78.
1883 2915 1924 2965 5,

1096 2965 1165 3007 17.
1217 2967 1319 3019 Agr.
1343 2964 1409 3006 41.
1451 2963 1576 3006 Orat.
1599 2963 1669 3008 32.
1718 2983 1756 3009 v.
1780 2966 1925 3012 Orell.

1094 3024 1148 3066 ad
1175 3020 1269 3063 Cic.
1292 3021 1481 3063 Brutum
1509 3022 1656 3076 §288.
1693 3024 1924 3082 Kreyssig.

1095 3079 1244 3121 melei.
1298 3079 1396 3120 erit.
1456 3094 1500 3133 p.
1558 3082 1622 3120 10.
1686 3103 1742 3112 --
1816 3098 1922 3124 cum

1097 3134 1278 3192 imperf.
1316 3139 1400 3177 An.
1441 3136 1507 3187 13,
1539 3136 1580 3178 3.
1642 3140 1754 3178 dum
1798 3140 1920 3185 conf.

1098 3209 1204 3237 cum
1239 3193 1321 3233 diu
1350 3195 1432 3234 An.
1458 3193 1526 3246 15,
1550 3194 1622 3236 40.
1683 3209 1785 3237 cum
1818 3203 1922 3238 tum

1099 3253 1182 3291 An.
1209 3250 1248 3298 1,
1273 3248 1314 3291 3.
1356 3252 1399 3302 2,
1424 3251 1494 3293 26.
1540 3251 1594 3293 H.
1622 3254 1661 3304 l,
1683 3251 1754 3296 31.
1816 3269 1920 3296 cum
1979 3279 1981 3281 -

1098 3315 1205 3348 tunc
1230 3309 1312 3348 An.
1339 3309 1379 3360 1,
1399 3307 1443 3351 9.

1039 3363 1436 3407 duodevicesimus
1454 3373 1495 3406 et
1510 3368 1601 3407 duo
1619 3372 1665 3406 et
1676 3367 1923 3409 viee-simus

1100 3420 1222 3465 conf.
1243 3420 1297 3463 H.
1322 3422 1365 3475 1,
1389 3423 1430 3463 8.
1452 3422 1522 3463 55.
1567 3420 1619 3464 H.
1642 3422 1686 3476 4,
1709 3424 1778 3465 24.
1811 3425 1919 3481 (quo

1099 3477 1202 3520 loeo
1227 3482 1318 3521 duo
1341 3486 1387 3520 et
1409 3481 1654 3522 vicesimae·
1670 3479 1923 3537 praeferen-

1098 3534 1205 3577 dum
1234 3551 1353 3587 esse,
1384 3551 1433 3578 ex
1459 3535 1663 3595 inscript.
1687 3537 1928 3580 Muratorii

1098 3591 1200 3647 697,
1226 3593 1268 3636 5.
1330 3593 1387 3636 V.
1409 3593 1466 3637 D.
1489 3594 1644 3638 docuit
1668 3592 1924 3653 inEphem.
1998 3631 2000 3633 >
