2150 4022
28 3235 36 3239 ”
99 3234 143 3268 et
181 3224 317 3267 Rom.
357 3224 582 3278 patrium.

467 223 1218 354 DE‘GERMAMAK?
1256 182 1450 307 CAIJ.
1489 247 1588 307 39.

1873 250 1954 308 87

1832 314 1833 317 ’
1842 312 1863 331 κ

273 373 553 447 XXXIX.
642 369 1082 449 Vetustissimos
1107 392 1167 429 se
1191 355 1706 453 nobilissiniosque
1726 376 1952 436 Suevo-

101 483 235 522 rum
246 461 572 520 Semnones
594 469 939 517 memorant.
986 458 1130 513 fides
1156 450 1520 537 antiquitatis
1541 461 1827 534 religione
1849 463 1951 520 fir-

28 581 29 584 =
99 559 310 606 matur.
366 556 512 602 stato
536 555 797 617 tempore
823 543 887 598 in
910 543 1119 598 silvam
1139 545 1398 616 auguriis
1422 558 1656 620 patrum
1682 558 1738 603 et
1761 548 1850 622 pri
1858 568 1948 604 sca
1986 574 1990 584 κ

98 631 416 689 formidine
440 647 663 686 sacram
692 647 896 683 omnes
924 628 1184 684 eiusdem
1215 630 1514 702 sanguinis
1547 632 1754 707 populi
1787 632 1945 705 lega-

96 717 360 774 tionibus
410 724 652 782 coeunt,
729 733 1010 789 caesoque
1068 713 1304 788 publice
1355 710 1596 773 homine
1652 717 1948 775 celebrant

48 932 49 938 ¹
98 937 264 989 novius
288 937 452 980 frustra
482 936 661 984 volebat
693 936 891 979 comati:
919 933 987 977 in·

97 990 345 1042 consultius
378 994 424 1037 id
456 994 727 1038 vocabulum
752 992 989 1035 Ernestius

94 1069 180 1112 pro
204 1053 357 1120 spurio
381 1050 568 1096 habebat
588 1065 987 1109 supervacaneum-

97 1127 185 1170 que
223 1108 462 1153 iudicabat.
543 1108 690 1151 Immo
732 1105 985 1150 necessario

98 1169 245 1219 adest,
298 1174 346 1209 ut
379 1166 554 1223 plenius
586 1165 804 1209 sententia
835 1180 984 1206 enun-

96 1226 232 1268 tietur
259 1231 389 1282 atque
411 1224 459 1266 in
481 1239 557 1266 sua
578 1231 808 1266 momenta
831 1220 984 1264 distin-

97 1292 270 1339 guatur.
358 1280 588 1338 Bipontini
639 1288 783 1322 totum
829 1279 983 1321 locum

96 1340 376 1383 constituunt
415 1338 502 1380 sic:
555 1352 612 1379 ea
650 1351 764 1378 cura
782 1336 983 1391 formae

94 1398 192 1452 (sed
242 1396 465 1438 innoxia:
521 1409 670 1450 neque
725 1395 874 1443 enim,
933 1400 983 1436 ut

93 1461 255 1497 ament
300 1460 606 1507 amentur-ve,
636 1495 640 1501 Χ
671 1454 754 1492 sed
806 1450 986 1492 adituri

93 1510 235 1562 bella)
262 1511 312 1551 in
333 1510 905 1563 altitudinemnjuandam
938 1515 983 1549 et

94 1576 316 1611 terrorem
338 1566 534 1622 compti,
569 1574 620 1608 ut
642 1567 847 1608 hostium
871 1579 984 1607 ocu-

93 1628 151 1669 lis
174 1630 421 1666 ornentur.

153 1680 350 1726 CAP.39.
402 1678 757 1722 Vetustissimos
777 1693 842 1721 se.
889 1677 982 1720 Pro

96 1753 147 1782 se
171 1739 271 1781 MS.
295 1738 520 1780 Hummel.
546 1736 678 1779 habet
703 1751 802 1779 seu.

153 1797 424 1841 Semnones.
493 1794 569 1837 Sic
600 1793 702 1840 MS.
732 1793 845 1836 Tur.
881 1793 981 1836 edd.

97 1852 128 1895 S
160 1853 215 1896 ir.
244 1852 375 1895 Kath.
410 1851 550 1894 Paris.
583 1850 791 1892 Beroald.
818 1850 979 1893 Alciat.

95 1869 300 1952 Riienan.
318 1924 416 1966 sqq.
475 1908 534 1950 cf.
560 1907 649 1950 An.
671 1909 712 1959 2,
733 1907 804 1950 45.
861 1905 981 1950 Stra·

93 1965 203 2010 honi
226 1965 688 2023 audiuntz'ae‘pwwvsg,
721 1963 980 2008 Ptolemaeo

92 2026 345 2082 Σέμνονες.
378 2047 437 2056 —-
503 2020 727 2065 Semones
771 2023 840 2065 ed.
880 2021 974 2064 No··

92 2082 229 2124 rimb.
272 2104 328 2114 --
399 2081 607 2124 Senones
640 2079 741 2122 edd.
777 2079 880 2122 Put.
910 2079 980 2122 M.

93 2146 138 2182 et
160 2138 215 2180 V.
245 2139 424 2181 Monac.
451 2138 609 2180 vienn.
691 2136 780 2178 Sed
802 2136 846 2179 hi
876 2143 981 2179 sunt

91 2196 284 2255 populus
319 2194 503 2239 Galliae.
565 2195 625 2237 cf.
663 2195 790 2238 Caes.
824 2194 876 2238 B.
918 2192 978 2236 G.

94 2255 138 2303 5,
158 2254 229 2296 54.

136 2312 266 2366 fides
299 2309 608 2365 antiquitatis.
679 2307 757 2350 Sic
787 2324 883 2366 cap.
908 2307 978 2350 37.

94 2377 195 2411 tam
239 2367 403 2421 magni
428 2367 586 2408 exitus
617 2366 782 2420 fldem.
808 2388 862 2399 —-
924 2366 980 2408 In

93 2425 194 2468 MS.
218 2422 446 2467 Hummel.
478 2421 729 2466 exhibetur:
769 2423 980 2479 antiqui-

173 2497 198 2525 e
430 2494 468 2522 1s

92 2540 206 2583 tatis
229 2539 470 2593 religione.

147 2604 275 2639 stato
304 2604 526 2649 tempore.
587 2593 664 2637 Sic
699 2593 799 2636 MS.
831 2592 981 2637 Stau-

95 2662 206 2712 gart.
237 2655 301 2708 (in
333 2653 559 2710 margine3
589 2652 664 2694 sed
687 2651 732 2693 in
767 2659 979 2694 contextu

95 2712 271 2766 estivo)
312 2709 414 2753 edd.
454 2710 660 2753 Norimb.
702 2709 834 2751 Rom.
879 2708 979 2751 Ale.

95 2770 164 2824 (in
192 2767 409 2826 margine)
446 2766 648 2809 Rhenan.
672 2765 840 2821 (1533.)
872 2765 977 2808 Ald-

94 2844 114 2869 s
151 2842 193 2880 q.
214 2853 271 2861 —-
315 2831 493 2867 statuto
523 2833 727 2877 tempore
750 2822 977 2865 MS.Tur.

95 2900 118 2926 e
153 2883 197 2926 d.
222 2882 337 2938 Spir.
358 2881 488 2923 Kath.
514 2881 617 2923 Put.
640 2882 708 2923 M.
732 2889 773 2923 et
801 2879 852 2922 V.
879 2881 979 2922 Mo·

95 2955 192 2982 nac.
213 2939 382 2981 Vienn.
417 2937 626 2981 Beroald.
651 2938 750 2980 Alc.
777 2937 979 2980 Rhenan.

96 2996 261 3052 (1519.)
297 2994 517 3038 Melanth.
600 2994 883 3052 Pervulgaris
917 3002 981 3036 est

97 3053 240 3096 utrius
274 3068 328 3095 ue
401 3051 623 3110 participii
695 3051 978 3110 permutatim

100 3110 188 3154 Sed
211 3126 235 3152 c
260 3141 270 3151 .
298 3117 392 3152 not.
417 3109 470 3151 ad
494 3110 582 3151 An.
608 3112 674 3160 12,
702 3110 766 3152 13.

155 3167 362 3221 auguriis
373 3173 580 3220 potrum.
636 3167 750 3209 Edd.
776 3165 980 3209 Norimh.

674 3224 983 3267 Observarunt

97 3282 360 3339 interpretes
378 3295 552 3322 versum
571 3297 663 3323 esse
680 3281 982 3324 hexametrum

99 3339 146 3380 in
177 3337 354 3384 verbis:
399 3338 607 3390 auguriis
635 3372 654 3383 κ
683 3371 694 3382 .
725 3369 738 3381 .
775 3351 979 3380 sacram.

100 3394 180 3438 Est
213 3410 341 3442 sanet
387 3409 536 3452 ‘neque
569 3402 717 3438 tamen*
752 3403 985 3454 propterea

49 3478 51 3481 .
104 3466 207 3494 cum
228 3451 435 3496 Ernestio
460 3461 504 3495 et
525 3452 747 3510 Koenigio
781 3452 846 3507 (in
870 3451 990 3494 Pro·-

106 3521 298 3564 gramm.
340 3508 530 3553 Misens
556 3510 679 3554 1821.
728 3526 774 3567 p.
807 3510 872 3565 9.)
907 3523 989 3566 pro

107 3564 304 3610 insititiis
334 3566 586 3613 habuerim.
655 3566 805 3613 Facile
835 3575 991 3625 potue-

1044 2222 1161 2276 puli.

1055 943 1163 979 runt
1197 949 1349 978 versus
1383 934 1585 979 excidere
1614 936 1653 980 ei
1683 937 1810 990 stilo,
1850 954 1941 998 quo

1056 991 1238 1036 Tacitus
1279 991 1473 1050 scripsit.
1551 992 1698 1051 Prope
1727 997 1847 1039 enim
1885 997 1941 1039 ad

1088 1058 1291 1093 oetarum
1317 1049 1545 1093 scribendi
1579 1066 1717 1108 genus
1751 1053 1939 1097 accedit.

1054 1066 1123 1150 iile
1144 1107 1189 1149 id
1217 1107 1396 1164 quidem
1433 1108 1665 1157 concedo,
1696 1107 1818 1166 quod
1850 1111 1938 1168 ple·

1053 1166 1182 1222 rique
1219 1172 1427 1213 censent,
1480 1163 1637 1207 Tacito
1675 1166 1827 1210 locum
1864 1168 1938 1210 ali-

1052 1224 1179 1267 cuius
1205 1229 1388 1279 poetae,
1429 1221 1536 1263 dum
1572 1221 1680 1266 haec
1711 1224 1939 1276 scriberet,
1996 1270 1999 1280 ¹

1055 1282 1344 1324 obversatum
1366 1294 1473 1322 esse.
1519 1278 1665 1321 Immo
1687 1280 1733 1324 in
1755 1280 1939 1325 homine

1055 1337 1194 1380 multa
1235 1344 1472 1379 auctorum
1522 1336 1715 1381 lectione
1764 1338 1938 1382 erudito

1053 1394 1209 1439 talium
1240 1392 1545 1436 formularum
1583 1402 1625 1437 et
1653 1394 1941 1439 locutionum

1054 1468 1103 1495 ea
1127 1451 1255 1509 copia
1281 1458 1368 1501 est,
1396 1457 1446 1492 ut
1470 1450 1656 1502 scribat,
1689 1468 1802 1510 quae
1835 1462 1941 1496 suut

1053 1509 1247 1552 aliorum
1277 1506 1388 1550 locis
1418 1507 1579 1550 similia
1612 1525 1759 1567 neque
1792 1502 1973 1554 tamen'‘

1051 1566 1159 1608 inde
1191 1564 1361 1608 hausta.
1422 1564 1602 1607 Primus
1635 1565 1941 1611 hexametrum

1053 1623 1177 1666 hunc
1218 1622 1429 1664 odoratus
1465 1629 1531 1664 est
1563 1620 1621 1665 G.
1657 1623 1936 1667 Falkenbur-

1054 1680 1152 1738 gius
1184 1694 1370 1736 remque
1403 1694 1508 1722 cum
1542 1679 1692 1738 Lipsio
1729 1697 1941 1724 commu-

1053 1735 1230 1780 nicavit.
1319 1736 1530 1779 Ceterum
1566 1747 1723 1781 contra
1754 1739 1936 1796 Longo-

1053 1793 1166 1836 lium
1186 1794 1232 1836 id
1254 1792 1443 1844 adiieio,
1473 1796 1795 1854 auguriis'pro
1821 1813 1934 1839 con-

1050 1850 1300 1894 secratione
1321 1850 1431 1906 poni
1453 1866 1550 1893 non
1572 1850 1739 1896 frustra
1762 1863 1941 1911 putasse

1051 1908 1327 1951 Ernestium.
1388 1907 1444 1953 cf.
1472 1906 1566 1952 Cic.
1589 1909 1637 1951 in
1651 1909 1798 1953 Vatin.
1819 1914 1938 1960 c.10,

1050 1967 1100 2009 in
1123 1966 1205 2007 illo
1227 1973 1458 2019 augurato
1480 1969 1654 2021 templo
1678 1983 1732 2010 ae
1754 1971 1865 2011 loco.

1107 2051 1310 2080 sacram.
1368 2034 1486 2079 Edd.
1510 2036 1715 2081 Norimb.
1740 2046 1784 2081 et
1803 2038 1938 2084 Rom.

1051 2108 1261 2138 Sacrum.
1321 2093 1408 2137 Ed.
1431 2092 1598 2138 Vienn.
1616 2110 1768 2140 sacra.

1110 2179 1273 2207 omnes
1316 2166 1524 2207 eiusdem
1566 2167 1806 2220 sanguinis
1849 2182 1934 2221 po-

1246 2221 1324 2264 Sic
1357 2220 1460 2264 MS.
1481 2221 1592 2266 Tur.
1629 2228 1744 2278 (non
1777 2226 1939 2275 omnis,

1049 2286 1100 2321 ut
1141 2277 1316 2322 rettulit
1351 2278 1557 2336 Hessius)
1604 2281 1703 2324 edd.
1737 2280 1938 2325 Rhenan.

1050 2335 1213 2390 (1533.)
1238 2335 1348 2380 Ald.
1371 2352 1472 2393 sqq.
1534 2337 1597 2380 lta
1623 2347 1665 2380 et
1688 2338 1823 2382 MSS.
1847 2338 1937 2380 Va·

1049 2394 1152 2438 tice.
1178 2394 1304 2436 1518.
1327 2402 1371 2437 et
1392 2395 1523 2440 4498.
1537 2426 1549 2444 ‚
1588 2394 1624 2437 si
1646 2394 1754 2438 fides
1774 2396 1938 2438 haben·
1958 2429 1960 2434 .

1052 2450 1108 2492 da
1159 2450 1339 2494 silentio
1391 2451 1600 2494 Broterii.
1647 2480 1706 2487 —
1773 2467 1938 2496 omnes

1052 2509 1346 2562 eiusdemque
1368 2509 1613 2562 sanguinis
1627 2511 1793 2563 populi
1806 2510 1939 2554 MSS.

1052 2563 1225 2608 Vaticc.
1241 2565 1367 2607 1862.
1397 2574 1439 2608 et
1458 2564 1586 2610 2964.
1608 2567 1710 2611 edd.
1736 2568 1940 2611 Norimb.

1050 2621 1188 2665 Rom.
1221 2645 1276 2655 --
1337 2622 1489 2664 omnis
1512 2625 1718 2667 eiusdem
1747 2628 1939 2679 sangui-

1048 2680 1122 2721 nis
1138 2680 1304 2733 populi
1322 2679 1423 2723 MS.
1446 2678 1671 2725 Hummel.
1701 2686 1784 2739 (est
1814 2682 1935 2725 enim

1049 2740 1144 2787 οΐ3;
1176 2736 1252 2778 sed
1276 2736 1320 2778 in
1344 2737 1544 2793 margine
1566 2742 1684 2795 nois)
1704 2740 1804 2782 edd.
1821 2738 1938 2796 Spir.

1047 2793 1180 2837 Kath.
1199 2793 1302 2836 Put.
1321 2794 1387 2836 M.
1405 2800 1447 2836 et
1457 2793 1514 2839 V.
1529 2795 1694 2840 Vienn.
1716 2798 1815 2845 Ber.
1837 2796 1939 2840 Ale.

1047 2851 1192 2895 Rhen.
1208 2851 1374 2906 (1519.)
1391 2875 1444 2883 —·
1475 2855 1623 2896 omnis
1644 2856 1938 2909 eiusdemque

1048 2924 1090 2952 s.
1104 2925 1154 2962 ρ.
1178 2908 1397 2952 ed.Paris.
1412 2930 1455 2942 -
1483 2913 1686 2954 nominis
1713 2914 1937 2954 eiusdem-

1052 2982 1139 3022 que
1165 2967 1407 3020 sanguinis
1433 2983 1479 3023 p.
1502 2968 1606 3011 MS.
1627 2969 1849 3012 Arundel.
1880 2997 1940 3006 --
1963 2968 1965 2972 ’

1049 3025 1400 3079 nominibusque
1435 3025 1502 3079 (in
1536 3026 1739 3084 margine
1766 3027 1939 3083 omnis)

1051 3090 1135 3125 etc.
1156 3080 1257 3124 MS.
1282 3081 1447 3141 stuttg.

1110 3172 1290 3208 coeunt.
1364 3164 1442 3208 Sic
1471 3165 1606 3209 codd.
1635 3166 1773 3211 MSS.
1812 3169 1937 3210 Lon-

1052 3221 1144 3278 gol.
1172 3223 1333 3280 stuttg.
1370 3224 1431 3275 (et
1455 3222 1573 3264 haud
1598 3222 1731 3266 dubie
1753 3224 1851 3272 alii,
1881 3226 1936 3268 de

1055 3278 1217 3334 quibus
1241 3284 1404 3334 tacent)
1438 3279 1538 3322 cdd.
1562 3279 1704 3323 Paris.
1729 3281 1936 3327 Norimb.

1055 3336 1257 3379 liheuan.
1281 3336 1446 3392 (1533.)
1481 3336 1589 3380 Ald.
1616 3353 1713 3395 sqq.
1743 3362 1800 3372 —-
1860 3350 1938 3381 002

1057 3398 1255 3436 haerent
1290 3396 1396 3449 (sive
1426 3396 1662 3445 coherent)
1697 3395 1800 3438 MS.
1824 3396 1936 3440 Tur.

1060 3450 1160 3494 edd.
1184 3451 1301 3508 Spir.
1326 3452 1458 3494 Rath.
1483 3451 1585 3494 Put.
1606 3452 1672 3494 M.
1696 3462 1740 3496 et
1756 3453 1812 3496 V.
1836 3453 1939 3497 Mo·

1061 3522 1161 3552 nac.
1177 3507 1338 3552 Vienn.
1362 3508 1502 3566 Rhag.
1530 3508 1731 3553 meroald.
1751 3511 1847 3554 Alc.
1873 3513 1942 3566 (in

1063 3566 1259 3625 margine
1286 3569 1464 3622 coeunt)
1487 3564 1685 3611 Rhenan.
1716 3568 1901 3626 (1519.).
