2150 4022
437 211 741 280 INDEX
813 210 1663 285 ΑΒΝΟΤΑΤΙΟΝΠΜ.

220 334 363 381 ‘adsto
383 351 468 393 pro
490 343 594 380 asto
617 336 708 380 An.
736 337 803 392 14,
828 336 870 380 6.
893 338 935 381 8.

186 423 187 426 =
227 397 448 436 adsuesco
471 409 555 451 pro
576 408 791 436 assuesco
812 394 866 437 H.
880 394 920 444 4,
934 394 1004 438 34.

283 455 508 493 adsuetus
528 466 610 508 pro
639 452 937 499 assuetussH.
967 456 1003 507 1,

279 510 325 551 7.
383 509 682 564 adsuefactus
717 525 799 565 pro
837 524 1001 551 assue-

244 564 246 566 ’
266 565 433 622 factus
460 565 518 607 H.
554 569 590 616 1,
625 565 667 609 5.
738 570 1002 609 adsuetudo

276 638 361 680 pro
387 626 644 669 assuetudo
668 622 722 666 H.
744 625 786 679 2,
813 625 884 667 62.

221 684 425 723 adsumo
461 697 542 737 pro
579 695 768 722 assumo
802 682 890 724 An.
929 681 996 737 15,

278 737 350 780 71.
386 737 453 787 16,
478 739 519 780 2.
544 738 588 780 3.
634 738 692 781 H.
718 737 759 790 3,
784 739 853 781 59.

105 799 378 851 adaequare
407 796 492 839 An.
524 797 592 843 12,
625 797 690 838 11.
737 795 896 839 Germ.
927 797 994 838 14.

163 853 287 896 conf.
324 868 428 895 eum
462 868 672 908 aequare
706 855 795 896 An.
833 853 900 906 13,
923 854 995 896 41.

161 909 317 953 Germ.
345 911 413 952 14.

101 969 344 1021 adagnitio
367 967 456 1010 An.
481 967 547 1022 13,
573 968 643 1010 21.

101 1029 355 1068 adcurrere
377 1024 499 1067 verbi
531 1024 755 1082 praeterit.
780 1040 885 1068 cum
913 1040 987 1067 re-

163 1081 376 1139 duplicat.
419 1081 474 1124 H.
496 1083 537 1130 3,
566 1083 629 1124 12.

104 1141 320 1182 addicere
344 1142 434 1183 An.
450 1141 490 1189 2,
507 1143 572 1185 14.
606 1139 822 1182 addictus
846 1147 888 1181 et
912 1143 992 1180 ad·

160 1202 327 1240 ductus
364 1196 485 1239 conf.
522 1199 606 1241 An.
646 1197 711 1247 12,
742 1196 780 1238 7.
851 1199 991 1239 addi-

160 1256 277 1297 ctius
292 1263 332 1296 et
350 1257 599 1297 adductius
615 1254 735 1296 conf.
750 1253 908 1296 Germ.
922 1255 992 1299 43.

99 1316 274 1355 addere
299 1311 350 1356 H.
375 1312 415 1360 3,
438 1311 479 1355 6,
517 1313 628 1370 Agr.
652 1310 694 1354 5.
755 1315 814 1353 de
837 1314 993 1368 aliquo

158 1371 248 1413 An.
278 1373 314 1419 1,
344 1370 411 1411 12.
632 1415 633 1421 ¹

101 1430 338 1470 adducere
364 1426 485 1468 conf.
509 1442 612 1469 eum
638 1427 866 1468 abducere
878 1426 932 1468 H.
948 1426 989 1481 5,

159 1488 197 1526 1.
214 1487 441 1525 adductus
465 1491 506 1525 et
526 1484 745 1525 addictus
762 1483 885 1526 conf.
903 1485 990 1529 An.

160 1542 227 1595 12,
256 1543 298 1584 7.
357 1541 610 1583 adductius
642 1541 841 1598 quidli.
876 1543 917 1595 3,
944 1542 990 1585 7.

156 1615 259 1641 eum
285 1599 518 1640 addictius
546 1597 668 1640 conf.
696 1597 852 1641 Germ.
878 1599 948 1641 43.

98 1660 223 1698 adeo·
245 1656 273 1700 i.
295 1672 332 1698 e.
366 1656 507 1697 nmito
542 1657 707 1712 magis,
746 1660 863 1700 adeo
894 1672 991 1699 non

155 1714 185 1755 i.
214 1729 252 1756 e.
280 1714 447 1755 nedum
472 1712 528 1754 H.
556 1716 592 1761 1,
617 1713 659 1755 9.

96 1773 336 1826 adfectare
368 1774 472 1829 Agr.
492 1770 534 1813 7.

95 1828 355 1884 adfectatio
391 1837 431 1870 et
465 1827 663 1882 adfectio
703 1827 828 1870 conf.
861 1826 915 1870 H.
952 1832 989 1878 1,

153 1888 224 1929 80.
257 1884 414 1928 Germ.
438 1885 510 1926 28.

93 1943 298 2000 adfectio
336 1952 378 1985 et
413 1943 664 1997 adfectatio
702 1940 824 1985 conf.
857 1940 913 1984 H.
950 1943 989 1992 1,

154 2003 227 2043 80.
261 1999 418 2042 Germ.
440 2001 510 2042 28.

97 2058 292 2114 adferre
315 2058 400 2099 An.
427 2057 492 2107 13,
516 2055 586 2099 38.
624 2055 690 2105 16,
717 2056 756 2098 2.
801 2054 857 2098 Η.
883 2057 920 2107 1,
940 2055 987 2099 7.

150 2132 254 2158 cum
280 2115 465 2170 obferre
493 2112 616 2156 conf.
643 2113 699 2155 H.
727 2118 765 2167 1,
792 2113 864 2156 74.
883 2150 891 2159 .

90 2173 292 2235 απΙβεεΓρ
305 2171 508 2214 absolute
527 2180 790 2228 usurpatum
805 2172 896 2213 An.
914 2170 981 2221 12,

149 2231 219 2271 26,

48 2320 50 2323 -
93 2288 301 2343 adfigere
326 2292 367 2326 et
394 2283 615 2339 adfligere
644 2283 763 2326 cons.
787 2284 838 2326 H.
859 2287 894 2334 1,
911 2285 978 2325 41.

91 2345 310 2400 adfluens
336 2343 567 2397 quomodo
595 2357 746 2398 usurp.
771 2343 862 2385 An.
881 2342 920 2388 2,
937 2343 979 2384 6.

91 2402 358 2457 adfundere
385 2400 468 2441 An.
498 2397 563 2451 13,
593 2399 663 2441 16.

92 2462 318 2514 adgerere
342 2457 430 2500 An.
449 2455 492 2503 3,
517 2456 586 2498 67.

92 2521 374 2571 adgnoscere
394 2514 484 2556 An.
509 2514 549 2565 6,
571 2513 613 2556 8.

91 2573 292 2628 adgredi
329 2572 382 2613 de
423 2587 472 2613 re
509 2570 644 2613 ardua
681 2570 767 2613 An.
809 2571 875 2622 16,
914 2571 976 2613 18.

90 2663 310 2731 adltibe're
347 2686 494 2728 alicui
520 2670 694 2741 aliquid
732 2685 786 2728 H.
826 2686 865 2736 1,
904 2688 976 2729 71.

88 2780 91 2781 γ
146 2745 274 2788 Orat.
299 2745 371 2787 22.

90 2806 239 2844 adhuc
283 2802 311 2844 i.
358 2818 402 2856 q.
449 2801 638 2853 insuster
654 2833 666 2854 ,
725 2809 980 2854 praeterea

148 2861 254 2916 Agr.
281 2859 350 2902 33.
414 2874 517 2901 eum
542 2857 836 2915 coanparativ.
863 2874 977 2899 eon-

146 2915 351 2958 iunctum
381 2915 537 2958 Germ.
566 2916 631 2958 19.
681 2930 781 2956 eum
806 2919 869 2956 ad
893 2918 980 2957 hoe

149 2991 183 3016 s.
210 2979 274 3015 ad
297 2976 408 3015 haec
440 2973 564 3014 conf.
594 2972 750 3014 Germ.
775 2975 845 3014 22.

89 3030 307 3075 adieetiva
337 3047 416 3087 pro
449 3029 664 3071 adverbiis
688 3029 776 3071 An.
807 3032 845 3077 1,
871 3032 908 3071 1.
938 3029 978 3080 3,

145 3091 217 3132 29.
260 3093 365 3144 Agr.
388 3089 445 3130 20
475 3101 487 3136 ;
523 3096 686 3128 neutro
709 3103 868 3143 genere
891 3102 972 3142 pro

143 3147 248 3190 adv.
265 3147 350 3188 An.
366 3145 406 3192 3,
421 3144 487 3186 52.
519 3144 602 3187 adi.
618 3153 760 3186 neutr.
778 3160 856 3201 pro
872 3144 973 3185 sub-

141 3211 270 3246 stant.
285 3205 373 3246 An.
393 3201 532 3251 14,29.
552 3202 703 3243 eadem
718 3201 835 3259 plur.
848 3217 971 3244 num.

145 3260 417 3360 ἳωξῇἓιῗῖἷζῖῑ
450 3258 714 3357 ἳέἶὲῗζὲἶ“’ί
745 3261 834 3357 3¹¹2}
860 3258 971 3357 ggii·

175 3350 186 3362 .
423 3348 432 3358 .
667 3347 677 3359 .
719 3348 730 3368 ‚
779 3346 790 3367 ,
838 3347 850 3358 .
961 3346 971 3357 .

146 3375 271 3419 relat.
285 3376 393 3433 Agr.
407 3374 476 3416 22.
509 3373 598 3414 adi.
613 3373 658 3414 in
676 3374 779 3415 bilis
790 3372 918 3415 Orat.
933 3372 973 3413 7.

89 3435 276 3486 adigere
298 3436 592 3475 sacramento
616 3429 671 3471 H.
686 3432 725 3481 2,
740 3430 808 3474 55.
837 3430 971 3472 abso-

148 3492 237 3533 lute
264 3489 433 3534 dictum
460 3490 548 3531 An.
570 3487 611 3538 2,
632 3487 673 3531 7.
707 3490 774 3536 12,
798 3489 870 3530 20.

82 3550 294 3592 adiicere.
323 3545 482 3591 adiicit
508 3555 572 3589 est
593 3546 736 3589 adicit
755 3543 971 3602 seriptum

1133 338 1222 382 An.
1245 337 1286 387 6,
1308 337 1381 380 37.
1419 336 1483 388 14,
1504 337 1577 380 56.
1610 331 1730 387 16,4.
1761 333 1907 378 adiici
1926 344 1969 378 et

1130 397 1257 437 adici
1274 394 1361 437 An.
1389 396 1455 446 12,
1483 397 1551 438 10.
1604 393 1661 437 cf.
1695 388 1867 434 Duker.
1909 391 1963 434 ad

1129 451 1256 495 Flor.
1290 451 1322 503 1,
1353 454 1420 506 10,
1454 451 1495 495 5.
1554 451 1762 494 adiectus
1794 458 1836 492 et
1871 453 1963 491 ad«-

1129 517 1286 550 vectus
1310 510 1434 551 conf.
1454 508 1676 552 Germ.*9.

1072 566 1273 618 adipisci
1296 566 1421 609 verbi
1441 574 1665 609 structura
1686 563 1774 608 An.
1794 563 1836 616 3,
1860 563 1931 607 55.

1072 623 1175 665 adit
1196 631 1236 665 et
1259 626 1373 665 adiit
1398 623 1457 665 cf.
1484 626 1570 666 An.
1598 624 1664 674 15,
1686 622 1728 664 5.
1763 621 1816 665 H.
1833 621 1874 673 4,
1890 621 1959 667 13.

1071 681 1230 722 aditus
1251 689 1292 723 et
1313 681 1506 722 auditus
1532 682 1653 726 conf.
1679 681 1769 723 An.
1794 679 1862 731 13,
1883 680 1933 739 5.Ὶ

1070 739 1258 780 adiutor
1286 738 1373 780 An.
1403 736 1443 787 3,
1473 739 1537 780 12.

1066 797 1329 837 admissum
1356 797 1482 837 male
1510 795 1563 838 de
1594 793 1799 838 facinore
1828 793 1956 838 Orat.

1066 912 1329 952 admodum
1374 925 1477 953 eum
1530 910 1715 953 iuvenis
1759 909 1957 954 coniun-

1124 974 1246 1011 ctum
1272 967 1383 1025 Agr.
1405 968 1450 1010 7.-
1484 966 1612 1011 Orat.
1640 968 1685 1012 8.

1064 1028 1322 1068 admonere
1347 1027 1536 1067 verbere
1565 1033 1608 1067 et
1635 1025 1770 1069 simil.
1793 1024 1952 1069 Germ.
1982 1053 1986 1064 ›

1065 1144 1316 1182 admovere
1329 1171 1342 1194 ,
1381 1141 1572 1184 verbum
1593 1138 1839 1184 sacrificale
1858 1139 1950 1183 An.

1122 1199 1164 1249 2,
1187 1197 1260 1240 69.

1066 1259 1316 1297 adnectere
1338 1254 1396 1297 H.
1421 1253 1461 1305 3,
1483 1253 1555 1298 34.

1065 1313 1259 1355 adnisus
1285 1311 1340 1355 H.
1365 1313 1404 1363 5,
1429 1313 1471 1354 8.

1064 1375 1278 1412 adnuere
1305 1370 1394 1413 An.
1426 1373 1490 1425 15,
1517 1368 1588 1413 58.
1944 1390 1945 1393 ¹

1067 1429 1258 1470 adoriri
1275 1427 1328 1469 de
1350 1437 1514 1470 conatu
1541 1425 1736 1483 Agr.25.
1793 1427 1958 1470 adorti

1121 1494 1161 1527 et
1185 1485 1349 1526 adorsi
1366 1484 1485 1528 conf.
1505 1483 1612 1527 ibid.
1680 1517 1683 1526 .
1704 1503 1707 1506 ’

1063 1546 1285 1595 adpetere
1309 1541 1364 1585 H.
1389 1542 1429 1592 2,
1456 1543 1521 1585 19.

1063 1599 1282 1657 adpositio
1319 1600 1373 1641 ad
1410 1609 1547 1642 iotam
1591 1597 1950 1641 enuntiationem

1120 1675 1142 1699 s,
1174 1664 1287 1699 eetat
1310 1657 1399 1699 An.
1426 1659 1464 1705 1,
1485 1658 1558 1698 27.
1590 1657 1631 1703 2,
1654 1654 1724 1697 52.
1744 1655 1819 1697 64.
1845 1654 1887 1706 4,
1903 1654 1947 1696 2.

1161 1745 1172 1756 .
1198 1715 1239 1765 2,
1266 1713 1335 1756 70.
1366 1713 1407 1762 3,
1430 1716 1504 1757 61.
1550 1714 1655 1770 Agr.
1679 1712 1747 1755 32.
1807 1728 1950 1756 aecu-

1116 1772 1252 1815 ratius
1276 1771 1331 1813 de
1357 1771 1444 1815 hoc
1468 1768 1760 1828 adpositionis
1788 1785 1950 1827 genere

1117 1829 1359 1887 disputavit
1415 1829 1530 1873 Lud.
1589 1826 1722 1870 Roth.
1780 1834 1949 1884 quaest.

1119 1894 1355 1943 grammat.
1388 1885 1424 1926 V
1463 1902 1486 1927 e
1520 1886 1571 1930 C.
1606 1884 1794 1939 Tacito,
1849 1884 1949 1928 No-

1116 1944 1370 1999 rimbergae
1396 1944 1522 1986 1829.
1555 1943 1596 1985 4.
1631 1958 1676 2000 p.
1704 1943 1771 1985 10.

1059 2004 1354 2054 adprendere
1381 2002 1465 2043 An.
1491 2003 1532 2056 4,
1557 2000 1598 2043 8.

1057 2059 1321 2110 adprobare
1346 2060 1456 2115 Agr.
1481 2058 1524 2102 5.

1056 2119 1330 2169 adpugnare
1370 2118 1461 2158 An.
1497 2118 1539 2171 2,
1576 2116 1646 2158 81.
1713 2129 1818 2157 cum
1859 2128 1944 2167 op-

1105 2185 1321 2225 pugnare
1345 2171 1468 2216 conf.
1492 2175 1594 2216 An-
1611 2173 1677 2226 15,
1709 2172 1771 2214 13.

1051 2231 1331 2272 adrectiores
1354 2244 1497 2273 aures
1522 2230 1652 2274 Orat.
1674 2230 1746 2271 40.

1051 2288 1233 2329 adscire
1260 2287 1344 2329 An.
1370 2289 1436 2336 11,
1457 2289 1530 2330 25.

1054 2343 1252 2385 adscisci
1271 2344 1319 2384 in
1340 2351 1695 2397 cognomentum
1709 2345 1799 2387 An.
1818 2341 1937 2392 1‚81.

1054 2401 1292 2442 adsectari
1314 2403 1516 2456 aliquem
1546 2401 1675 2445 Orat.
1699 2404 1740 2445 2.

1052 2458 1252 2512 adsequi
1273 2459 1361 2500 Au.
1391 2461 1455 2511 15,
1479 2462 1547 2502 17.

1052 2516 1348 2556 adseueratio
1373 2517 1455 2559 An.
1477 2516 1519 2569 4,
1546 2519 1613 2560 19.
1635 2517 1709 2561 42.
1737 2518 1782 2571 6,
1808 2517 1852 2559 2.

1053 2574 1274 2615 adsidere
1296 2573 1423 2616 verbi
1446 2582 1671 2618 structura
1698 2575 1786 2618 An.
1813 2575 1852 2627 3,
1867 2574 1935 2618 39.

1107 2631 1151 2683 4,
1175 2629 1242 2671 58.
1274 2631 1314 2679 6,
1337 2631 1408 2674 26.
1429 2631 1501 2675 43.
1541 2630 1598 2675 H.
1621 2634 1664 2680 2,
1691 2632 1765 2674 22.

1050 2689 1338 2730 adsimilatio
1361 2696 1403 2730 el
1426 2690 1728 2732 adsimulatio
1752 2690 1844 2734 An.
1870 2690 1939 2740 1-5,

1050 2803 1333 2845 adsimilare
1346 2810 1386 2844 et
1401 2805 1694 2846 adsimulare
1710 2805 1795 2847 An.
1811 2807 1848 2858 1,
1864 2803 1933 2846 28.

1112 2862 1177 2910 11,
1202 2863 1265 2902 11.
1302 2861 1459 2911 15,49.
1505 2863 1667 2909 16,17.
1719 2862 1830 2917 Agr.
1862 2864 1932 2905 10.

1109 2917 1192 2959 cfr.
1218 2917 1446 2974 Spalding.
1471 2919 1524 2962 ad
1549 2918 1932 2975 Quint.x1,1,41.

1049 2976 1281 3016 adsistere
1304 2976 1394 3016 An.
1420 2975 1459 3024 5,
1478 2976 1536 3027 7.,

1047 3035 1323 3083 adstrepere
1346 3033 1434 3076 An.
1464 3036 1500 3082 1,
1529 3035 1594 3077 18.
1625 3033 1682 3076 H.
1704 3034 1751 3088 4,
1772 3032 1844 3076 49.

1047 3091 1296 3131 adstrictus
1322 3089 1449 3134 Orat.
1471 3092 1544 3135 25.

1041 3149 1290 3187 adsumere
1305 3146 1434 3191 Orat.
1455 3147 1522 3191 14.
1551 3150 1932 3192 cumsabsumere

1101 3202 1222 3244 conf.
1250 3203 1303 3246 H.
1328 3205 1370 3251 2,
1392 3207 1463 3249 21.

1043 3262 1299 3312 adsurgere
1322 3261 1378 3307 Η.
1401 3265 1442 3314 4,
1464 3263 1537 3306 23.

1043 3319 1314 3361 adulescens
1333 3320 1515 3377 antiqua
1542 3335 1643 3364 voc.
1668 3319 1816 3364 forma
1835 3320 1925 3364 An.

1103 3377 1144 3427 1,
1161 3374 1201 3417 3.
1227 3375 1295 3418 46.
1328 3376 1383 3420 H.
1408 3380 1450 3425 2,
1476 3378 1545 3419 62.
1584 3375 1741 3420 Germ.
1768 3378 1835 3421 14.
1866 3377 1928 3423 ef·

1105 3435 1157 3473 A.
1182 3431 1329 3476 Maius
1354 3435 1406 3477 ad
1432 3435 1653 3482 Fronton.
1681 3451 1725 3492 p.
1751 3434 1792 3479 5.
1815 3435 1929 3494 expl-

1099 3488 1262 3541 Rom.;
1299 3492 1483 3548 genitiv.
1506 3493 1625 3551 plur.
1653 3494 1941 3537 adulescen-

1102 3552 1199 3590 tum
1222 3555 1266 3592 et
1289 3551 1654 3595 adulescentium
1680 3548 1834 3597 Germ.
1860 3550 1929 3595 14.
