2150 4022
460 243 461 246 ‘
545 270 1069 337 mALoous
1153 266 1348 330 cAP.
1390 267 1487 328 16.
1804 263 1934 324 285

95 416 280 472 rimus
341 422 399 468 te
443 421 581 466 vnon
636 415 759 462 tam
818 400 1080 459 omisisse
1142 418 1318 474 quam
1370 395 1563 453 nobis
1608 392 1936 470 reliquisse.

96 496 328 574 Aprum
365 495 523 551 enim
560 491 747 547 solere
781 486 1090 544 dissentire
1129 495 1185 539 et
1219 494 1285 539 tu
1327 482 1503 556 paulo
1541 491 1680 537 ante
1715 478 1936 548 dixisti,

97 597 153 643 et
178 584 300 658 ipse
329 581 467 637 satis
495 575 838 633 manifestus
867 583 952 628 est
982 569 1327 627 iamdudum
1352 567 1416 621 in
1441 565 1799 630 contrarium
1834 583 1936 621 ac·-

96 667 284 741 cingi,
320 685 428 722 nec
457 682 641 738 aequo
669 659 866 715 animo
893 657 1149 732 perferre
1175 648 1325 708 hanc
1353 663 1614 708 nostram
1639 669 1750 725 pro
1775 648 1937 707 anti-2.

95 772 344 831 quorum
375 750 549 807 laude
580 743 974 823 concordiam.

259 861 397 918 Non
434 857 621 925 enim,
665 854 861 930 inquit
884 847 1075 928 Aper,
1115 846 1450 904 inauditum
1482 855 1537 901 et
1561 845 1935 901 indefensum

95 948 389 1006 saeculum
434 953 704 999 nostrum
743 939 935 1014 patiar
976 931 1087 991 hac
1126 943 1314 988 vestra
1357 928 1788 1004 conspiratione
1827 930 1935 986 da-

94 1032 303 1091 mnari.
390 1029 507 1087 Sed
536 1023 651 1083 hoc
678 1025 936 1099 primum
963 1018 1334 1090 interrogabo
1351 1061 1366 1084 ‚
1409 1025 1556 1090 quos
1579 1014 1797 1071 vocetis
1824 1034 1934 1070 an-

92 1119 314 1194 tiquos‚
368 1134 545 1190 quam
586 1123 887 1167 oratorum
925 1116 1171 1162 aetatem
1208 1098 1632 1175 significatione
1674 1098 1784 1156 ista
1826 1100 1934 1155 de-

93 1199 457 1259 terminetis?
553 1216 655 1270 ego
700 1195 856 1250 enim
899 1211 1029 1247 cum
1068 1187 1242 1246 audio
1284 1185 1585 1261 antiqUOS‚
1646 1185 1934 1259 quosdam

93 1298 314 1344 veteres
346 1295 403 1341 et
439 1282 582 1339 olim
615 1291 782 1336 natos
815 1275 1078 1347 intelligo
1097 1294 1111 1344 3
1168 1292 1233 1328 ac
1270 1266 1422 1326 mihi
1458 1280 1765 1349 versantur
1799 1279 1935 1325 ante

92 1386 292 1445 oculos
316 1381 518 1441 Ulixes
547 1390 605 1436 et
627 1377 868 1444 Nestor,
912 1391 1164 1450 quorum
1188 1379 1342 1425 aetas
1366 1367 1529 1424 mille
1553 1367 1675 1423 fere
1702 1377 1760 1423 et
1785 1351 1936 1425 (TC

89 1590 274 1650 Aprum
324 1585 395 1632 ed.
445 1585 565 1630 lunt.
616 1581 798 1642 praebet
845 1580 979 1634 Apa-

92 1656 238 1692 trum.

1045 1589 1185 1675 porro
1228 1571 1494 1619 defendent,
1547 1568 1748 1613 Orellius
1789 1568 1940 1627 inquit

1087 1632 1228 1689 roleg.
1275 1647 1320 1687 p.
1358 1627 1546 1677 XLVI„
1596 1634 1834 1672 recurrant
1879 1626 1938 1671 ad

1047 1689 1208 1744 Quint.
1232 1687 1435 1730 Declam.
1457 1683 1558 1728 365.
1587 1698 1630 1741 p.
1647 1683 1938 1738 755.Burm.,

1045 1747 1122 1789 ubi
1149 1753 1296 1789 tamen
1320 1743 1427 1786 mihi
1454 1741 1636 1802 quidem
1664 1742 1782 1785 idem
1805 1756 1938 1797 error

1046 1804 1226 1848 videtur
1248 1803 1464 1845 obtinere.
1523 1798 1759 1842 Praeterea
1782 1799 1935 1852 signi-

1033 1862 1200 1918 ficatio
1241 1868 1304 1904 est
1337 1858 1525 1914 antiqui
1555 1855 1780 1906 nominis,
1827 1871 1939 1899 nam

1048 1926 1221 1964 veteres
1244 1926 1287 1960 et
1313 1915 1521 1973 antiquos
1545 1913 1766 1972 appellant
1788 1912 1941 1956 rheto-

1047 1991 1118 2018 res
1136 1990 1248 2074 teqs,
1270 1973 1407 2072 §²3⁰³
1418 1979 1710 2085 c{etuttatlemt
1733 1969 1936 2072 permig-

1047 2049 1168 2076 run.
1314 2046 1386 2072 ie
1469 2045 1581 2071 mn.
1639 2043 1832 2073 ns.or.
1923 2058 1940 2077 ,

1047 2090 1205 2191 2{³11}st
1252 2096 1295 2132 et
1336 2087 1566 2146 Spalding.
1612 2085 1669 2129 ad
1714 2083 1850 2130 eund.
1894 2085 1943 2138 8,

1076 2180 1088 2200 ‚
1167 2179 1180 2191 .

147 1725 434 1783 manifestus
464 1730 553 1768 est.
618 1721 694 1766 Sic
729 1720 830 1764 edd.
860 1718 980 1762 anti-

90 1801 204 1846 quae
223 1793 265 1827 et
289 1799 384 1840 sqq.
407 1782 670 1839 pleraeque,
708 1794 853 1835 neque
886 1777 976 1819 dis·

90 1842 225 1888 sentit
258 1840 358 1884 MS.
394 1839 560 1896 Neap.,
602 1838 649 1881 in
690 1851 780 1894 quo
820 1835 978 1877 mam·-

78 1903 231 1958 sestus
257 1905 302 1940 et
325 1899 470 1939 iamd.
495 1902 723 1952 repertum
753 1902 832 1936 est.
892 1891 977 1934 Ne-

122 1955 296 2016 ligentia
318 1953 486 1998 factum
506 1953 709 1998 videtur,
742 1959 789 1992 ut
810 1949 854 1992 in
877 1948 979 1992 edd.

89 1975 359 2069 {erne-gger.
375 2009 624 2053 Heumann.
643 2006 815 2050 schulz.
831 2006 977 2049 Ober-

90 2072 171 2115 lin.
209 2077 253 2112 et
288 2083 473 2118 eorum,
524 2065 602 2123 qui
634 2063 974 2107 Oberlinianam

88 2137 229 2173 textus
263 2123 620 2183 recognitionem
653 2128 976 2179 expresserunt.

90 2183 306 2230 omissum
328 2181 384 2226 sit
406 2188 504 2235 est,
545 2179 667 2238 quod
699 2177 976 2222 recentiores

88 2241 334 2288 rectissime
361 2238 667 2282 restituerunt.

143 2341 408 2385 inauditum
438 2345 485 2380 et
517 2336 826 2392 indefhnsum.
899 2332 973 2378 Cf.

89 2399 176 2444 An.
206 2399 247 2448 2,
272 2397 343 2438 77.
382 2395 649 2437 inauditum
682 2399 727 2434 et
759 2392 974 2447 indefin-

87 2472 189 2502 sum
204 2473 220 2507 ‚·
247 2454 360 2496 Hist.
389 2455 425 2502 1,
446 2451 488 2495 6.
513 2450 720 2493 inauditi
734 2455 876 2504 atque
897 2449 968 2489 in·

88 2512 287 2568 defensi,
320 2510 425 2553 ibid.
451 2510 491 2559 2,
518 2511 584 2551 10.
613 2506 903 2562 indefensum
928 2512 975 2546 et

88 2570 367 2615 inauditum.
441 2567 564 2610 Suet.
611 2563 772 2608 Claud.
820 2579 861 2607 c.
900 2561 971 2605 38.

87 2628 321 2672 inauditos
339 2633 385 2668 et
402 2623 634 2668 innoxios·

146 2725 477 2784 signficatione
526 2723 635 2764 ista.
716 2719 792 2764 Sic
835 2717 973 2761 MSS.

86 2786 225 2844 Neap.
256 2782 428 2840 [Farn.]
463 2787 506 2823 et
524 2778 698 2823 Vatiec.
728 2775 830 2819 edd.
854 2776 974 2833 Lips-

87 2845 264 2887 Broter.
287 2840 336 2882 Bi
373 2845 465 2881 ont.
492 2836 683 2880 Seebod.
710 2833 800 2891 (ed.
827 2832 974 2888 alter.)

87 2898 266 2944 Dronk.
372 2911 499 2940 sann.
557 2893 699 2937 Orell.
764 2888 970 2946 [Bekker.

89 2953 356 3025 ssoetticher.
378 2953 604 3019 liupertss.
623 3006 633 3017 .
663 2949 750 2994 Sed
774 2947 875 2990 edd.
897 2962 973 2990 an·

88 3018 320 3114 ιὲῗὲἰὶνῗι
329 3003 971 3109 Ηῗίιιιῗιῖῗη.ᾖὲξ1ῖιιιιὲῑὲὲίεῗῖιῖ

49 3133 52 3137 ’
87 3129 266 3171 Ernest.
300 3123 474 3167 schulz.
508 3121 713 3165 oberlin.
746 3118 803 3163 al.
844 3117 971 3161 exhi·-

87 3186 194 3228 bent
213 3181 500 3236 signatione,
530 3178 654 3247 quod
678 3176 857 3236 quidem
882 3189 958 3219 vo-

87 3238 298 3285 cabulum
342 3253 434 3279 non
475 3236 558 3280 nis!
599 3235 716 3293 apud
753 3231 971 3277 citerioris

86 3296 311 3341 latinitatis
352 3293 590 3352 scriptores
635 3292 813 3349 legitur.
882 3287 971 3331 Sed

88 3354 343 3398 maluerunt
375 3350 422 3393 in
456 3365 505 3394 ea
539 3349 729 3393 lectione
759 3361 973 3405 perseve-

89 3425 214 3462 rare,
288 3407 390 3468 quia
440 3408 737 3462 antiquorum
793 3402 970 3447 nomini

91 3468 299 3525 temporis
313 3465 499 3522 signatio
513 3463 629 3514 insit,
652 3478 736 3505 nec
751 3460 969 3518 significa·

90 3525 169 3567 tio.
203 3522 262 3566 cf.
275 3523 351 3566 Fr.
368 3520 550 3564 Medius
567 3518 968 3576 Novamiqu.Lect.

91 3597 159 3638 ep.
180 3579 276 3625 XV.
335 3577 426 3636 Qui
450 3577 688 3624 lectionem
706 3576 968 3632 signatione

1103 2249 1177 2278 oc.
1234 2231 1318 2275 Ed.
1340 2230 1460 2288 Spir.
1483 2231 1587 2275 hae.

1105 2330 1273 2373 Ulixes
1305 2334 1349 2369 et
1378 2327 1572 2370 Nestor.
1634 2324 1938 2370 Commemo-

1046 2395 1116 2431 rat
1143 2402 1244 2436 eos,
1285 2383 1389 2442 quia
1422 2381 1697 2426 carminibus
1722 2383 1936 2427 Homeri-

1045 2446 1108 2490 cis
1138 2453 1349 2496 tanquam
1383 2439 1749 2498 praestantissimi
1779 2449 1934 2484 orato-

1042 2519 1112 2545 res
1139 2499 1438 2543 celebrantur.
1497 2496 1567 2540 De
1589 2497 1678 2541 hoe
1702 2496 1823 2540 enim
1843 2497 1936 2542 Ho-

1045 2571 1196 2602 merus
1231 2554 1284 2597 Π.
1319 2551 1378 2608 α’,
1412 2554 1543 2597 249.:
1592 2556 1674 2597 τοῦ
1717 2557 1795 2597 καὶ
1837 2553 1933 2600 ἀπὸ

1042 2612 1251 2675 γλώσσης
1265 2615 1446 2670 μέλιτος
1462 2613 1664 2668 γλυκίων
1681 2611 1783 2671 ῥέεν
1799 2609 1938 2668 αὐδή,

1044 2674 1139 2724 vel,
1170 2680 1219 2715 ut
1241 2670 1360 2727 apud
1373 2669 1582 2713 Ciceron.
1605 2677 1671 2713 est
1690 2669 1745 2713 de
1765 2678 1933 2716 seneet.

1044 2749 1084 2776 c.
1099 2734 1164 2781 10,
1179 2729 1248 2773 31.
1272 2742 1335 2769 ex
1357 2727 1454 2769 eius
1475 2728 1640 2780 lingua
1661 2729 1801 2770 melle
1819 2731 1936 2771 dul-

1041 2786 1225 2889 ffffss‘i‘i?
1227 2784 1934 2887 2⁶512ffl2‘2’2‘2202³⁵.‘i.‘52¹’³¹1¹}15{“;

1716 2872 1729 2884 ι
1881 2860 1904 2886 C
1935 2867 1938 2871 ’

1043 2902 1257 2959 praebent
1277 2899 1374 2942 edd.
1390 2897 1512 2953 Spir.
1533 2856 1933 2956 etfimperDronk.

1042 2960 1212 3004 Osann.
1226 2955 1374 3001 Orell.
1396 2955 1649 3013 [Rupert.1‚
1680 2971 1814 3013 quam
1835 2957 1931 3001 for-

1042 3031 1161 3060 mam
1197 3029 1351 3059 veram
1386 3027 1479 3056 esse
1505 3020 1606 3070 post
1632 3011 1743 3057 alios
1767 3014 1931 3070 proba·

1042 3073 1102 3117 vit
1132 3072 1308 3116 Osann.
1342 3069 1398 3113 ad
1431 3068 1604 3128 Apulei.
1640 3069 1695 3113 de
1728 3070 1930 3129 orthogr.

1040 3147 1083 3188 p.
1109 3130 1179 3173 52.
1210 3151 1270 3161 —
1331 3127 1510 3182 Ulyxes
1536 3126 1637 3171 MS.
1661 3127 1800 3186 Neap.
1824 3129 1930 3175 edd.

1042 3189 1145 3231 Put.
1181 3185 1279 3229 Riv.
1314 3184 1418 3228 Ber.
1470 3207 1528 3217 —-
1599 3184 1783 3240 Ulysses
1822 3185 1930 3231 edd.

1042 3245 1145 3290 Alc.
1170 3252 1211 3287 ot
1232 3257 1328 3299 sqq.
1351 3241 1513 3300 [nuper
1526 3240 1718 3285 Bekker.
1739 3248 1782 3284 et
1795 3242 1929 3285 Boet-

1043 3302 1202 3356 tich.],
1289 3299 1377 3341 uod
1419 3299 1492 3344 vix
1527 3299 1704 3344 videtur
1737 3298 1930 3343 latinum

1043 3359 1193 3402 suisse-
1236 3373 1261 3401 c
1285 3387 1296 3398 .
1319 3355 1568 3400 Burmann.
1590 3355 1644 3397 ad
1667 3353 1805 3401 Ovid.
1829 3355 1929 3399 He·-

1042 3416 1157 3458 roid.
1201 3417 1237 3464 1,
1272 3415 1312 3456 1.
1347 3441 1408 3450 —-
1463 3412 1558 3455 Pro
1589 3412 1759 3454 Nestor
1793 3411 1928 3460 MSS.

1041 3472 1177 3530 Neap.
1202 3474 1266 3523 [et
1289 3470 1444 3526 Farn.]
1467 3469 1716 3514 Menestam
1886 3467 1888 3469 ’

1096 3571 1222 3612 mille
1250 3567 1361 3625 sere
1393 3573 1437 3609 et
1478 3565 1591 3608 CCC
1626 3566 1777 3609 anm's.
1850 3564 1928 3611 Sic
