2150 4022
514 310 1042 374 DIALOGUS.
1130 310 1248 371 (ΓΑ
1267 313 1331 373 Ρ.
1364 313 1467 372 23.

1792 311 1916 370 325

61 444 213 530 quae
239 446 429 506 animi
447 445 736 513 anxietate
761 441 1068 515 contingit.
1133 459 1345 517 parum
1369 453 1482 511 est,
1524 442 1761 516 aegrum
1787 462 1911 500 non

62 556 210 592 esse:
262 534 474 590 fortem
499 542 555 588 et
583 531 802 588 laetum
827 540 884 585 et
908 528 1158 584 alacrem
1184 529 1340 586 volo.

62 609 435 687 infirmitate,
498 616 563 672 in
607 636 724 692 quo
767 614 889 671 sola
933 611 1150 669 sanitas
1191 612 1487 671 laudatur.

1427 546 1611 602 prope
1637 518 1801 584 abest
1830 528 1907 584 ab

1586 611 1710 668 Vos
1741 631 1902 683 vem,

61 702 462 770 disertissimi,
506 712 572 758 ut
598 699 870 775 potestis,
911 710 978 755 ut
1002 696 1221 766 facim,
1273 697 1582 755 inlustrate
1609 697 1908 757 saeculum

59 801 328 849 nostrum
351 782 749 863 pulcherrimo
778 803 989 859 genere
1013 781 1266 840 dicendi.

1354 801 1493 838 nam
1522 793 1578 837 et
1604 794 1692 851 te,
1741 781 1910 840 Mes-

60 876 232 944 salla,
283 874 456 942 video
492 871 809 928 laetissima
836 887 1101 947 quaeque
1127 866 1508 943 antiquorum
1548 866 1904 925 imitantem:

61 973 118 1019 et
146 979 280 1030 vos,
332 956 605 1015 Materne
636 977 701 1014 ac
728 955 1032 1022 Secunde,
1088 954 1167 1009 ita
1206 952 1478 1026 gravitati
1503 971 1780 1008 sensuum
1811 953 1906 1009 ni-

60 1182 223 1239 Quint.
252 1180 360 1224 inst.
389 1195 454 1222 or.
481 1178 545 1229 12,
573 1179 635 1228 10,
661 1178 726 1221 15.
763 1177 816 1220 hi
837 1183 950 1218 sunt
1013 1175 1181 1229 procul
1200 1180 1374 1216 mutare
1400 1172 1597 1216 volebat.
1638 1169 1687 1216 ln
1712 1173 1794 1218 hac
1815 1174 1910 1220 sor-

57 1242 208 1294 enim,
248 1239 329 1295 qui
345 1251 461 1280 suae
487 1237 797 1279 imbecillitati
813 1235 946 1278 sani-

57 1301 168 1342 tatis
187 1297 545 1354 appellationem
558 1326 571 1349 ,
603 1308 721 1349 quae
745 1300 815 1334 est
837 1307 945 1334 ma-

58 1357 193 1400 xime
232 1354 478 1398 contraria
492 1384 506 1403 ,
565 1352 844 1400 obtendant,
904 1359 947 1392 et

14 1446 15 1449 η
58 1414 167 1458 ibid.
193 1413 236 1461 2,
258 1411 304 1463 4,
329 1410 372 1454 9.

114 1511 234 1554 quae
256 1494 410 1536 animi
427 1493 671 1536 anxietate
694 1490 945 1543 contingat.

55 1552 356 1623 MSS.‘Neap.
380 1549 551 1595 Vaticc.
574 1564 690 1605 quae
713 1565 759 1591 a.
783 1549 947 1589 anxie-

59 1606 158 1658 tate
203 1610 425 1662 contingit
442 1643 454 1661 ‚
514 1605 639 1665 quod
680 1613 944 1672 receperunt

59 1673 242 1717 Broter.
280 1667 464 1725 Bipont.
482 1697 493 1716 ,
552 1664 669 1706 idem
717 1678 764 1704 in
810 1662 943 1706 Farn.

59 1729 163 1777 eod.
183 1725 319 1769 fuisse
342 1723 545 1772 videtur,
576 1736 627 1762 ex
652 1736 742 1777 quo
761 1719 946 1778 Lipsius,

56 1782 285 1832 latinitatis
361 1780 532 1838 legibus
609 1777 951 1836 postulantibus,

57 1859 177 1903 quae
202 1858 250 1884 a.
276 1840 521 1882 anxietate
545 1837 782 1888 contingat
809 1835 948 1877 eden-

57 1906 168 1948 dum
207 1896 412 1947 curavit,
457 1891 868 1949 obtemperantibus
909 1891 948 1934 ei

55 1963 280 2016 Bernegg.
328 1952 534 1996 Gronov.
581 1950 754 1992 Ernest.
803 1947 948 1994 Orell.

55 2014 214 2074 [Bekk.
238 2009 454 2056 Boenich.
476 2008 703 2066 Rupert.].
732 2029 787 2038 -
829 2005 944 2049 Edd.

53 2076 172 2135 Spir.
206 2070 308 2115 Pul.
342 2067 446 2111 Riv.
482 2065 582 2108 Ber.
611 2064 713 2109 Alc.
747 2078 868 2119 quae
897 2079 946 2105 a.

55 2129 293 2177 anxietati
323 2124 518 2181 confixit
562 2147 614 2156 —
665 2121 767 2163 edd.
801 2120 942 2164 Rhen.

40 2191 160 2236 ΑΜ.
185 2185 360 2232 Pithoe.
393 2198 433 2239 q.
461 2197 507 2224 a.
533 2179 774 2222 anxietati
799 2179 944 2236 confi-

54 2251 131 2293 m's
158 2248 245 2296 eit,
282 2242 327 2286 id
351 2238 471 2299 quod
501 2253 524 2280 a
546 2235 769 2280 Seebodio
801 2252 946 2294 nuper

56 2309 315 2351 revocatum
365 2307 449 2340 est.
533 2294 829 2338 Coniecturae
879 2301 944 2336 sat

55 2361 224 2408 multae
258 2354 514 2415 propositae
557 2357 686 2402 sunt;
737 2349 944 2394 Rhenan.

57 2424 120 2478 (in
152 2414 387 2472 castigati.)
423 2407 662 2472 suadebat-2
712 2422 753 2462 q.
783 2425 830 2451 a.
859 2421 944 2448 an.

55 2481 232 2524 xoetate
281 2468 513 2515 constitit3
571 2463 771 2507 Aemate
826 2479 945 2520 quae

57 2543 243 2581 tantum
277 2530 374 2572 sine
403 2523 650 2567 anxietate
679 2522 918 2588 contingat
934 2538 948 2571 ‚-

57 2587 341 2638 Groslotiusz
379 2597 503 2639 quae
531 2596 563 2622 a
595 2579 743 2632 nimia
771 2593 946 2644 anxze-

58 2657 159 2696 tate
191 2645 445 2696 contingat,
494 2638 617 2695 quod
661 2644 703 2678 et
738 2635 944 2678 Ernestio

87 2706 297 2752 robatum
323 2708 366 2742 et
390 2699 443 2741 ab
464 2693 674 2740 Oberlin.
692 2691 882 2759 Belcker.
905 2701 947 2736 et

93 2770 350 2808 iinemanno
373 2761 604 2812 receptum
631 2757 719 2800 est,
747 2759 946 2808 itemque

55 2817 234 2869 Schulz.
248 2829 348 2860 eam
362 2811 670 2856 coniecturam
684 2816 844 2857 tuetur,
869 2807 944 2850 sed

55 2873 433 2940 praepositionem
448 2869 484 2911 is
497 2866 673 2916 omisit;
692 2865 945 2907 Heumann.

58 2935 294 2981 audacter,
334 2936 385 2970 ut
408 2924 548 2974 solet,
592 2922 795 2980 scripsit:
839 2937 943 2963 cum

59 2991 211 3037 animi
249 2985 496 3030 anxietate
537 2979 831 3045 coniunctam
855 2978 943 3044 ‘vel

57 3055 220 3095 amata
231 3042 477 3089 anxietate
491 3055 503 3091 ;
524 3035 921 3082 Seburzflenschms
935 3052 945 3077 =

59 3125 103 3165 q.
135 3123 181 3149 a.
214 3100 462 3145 anxietate
496 3096 648 3152 confit.
711 3093 814 3160 Qua
836 3107 944 3136 vero

57 3162 319 3209 auctoritate
344 3153 534 3199 Dronkii
557 3161 599 3194 et
620 3150 793 3194 Osanm
813 3166 947 3194 cnm-

57 3229 258 3267 mentum
280 3230 328 3258 a.
348 3210 586 3255 anxietati
606 3209 827 3260 contingit
848 3207 944 3250 suf-

53 3279 219 3324 fultum
242 3272 326 3326 sit,
359 3266 568 3327 equidem
591 3281 684 3309 non
710 3265 952 3323 perspicio.

110 3372 256 3414 prope
277 3358 418 3397 abest.
462 3348 598 3394 MSS.
614 3347 750 3416 N.‘³³l”
770 3347 948 3402 [Farn.]

58 3419 158 3463 edd.
196 3413 316 3472 Spir.
353 3409 456 3452 Put.
487 3420 677 3461 propt-ze
716 3408 848 3447 abest
896 3428 943 3436 .-

55 3476 127 3521 ed.
147 3473 257 3516 Riv.
283 3471 395 3520 haut
421 3478 568 3521 prope
598 3463 726 3509 abest
757 3489 813 3497 --
844 3461 946 3503 edd.

55 3523 268 3578 Ber'oald.
300 3540 396 3582 sqq.
429 3536 574 3575 prope
607 3522 762 3584 abest,
819 3519 939 3572 quod

60 3589 238 3633 nimiam
259 3582 450 3626 Riviano
475 3578 592 3621 libro
619 3577 751 3619 tidem
777 3575 943 3618 habens

57 3637 392 3690 Schurzsseiseb.
425 3637 469 3678 in
495 3644 543 3675 at
564 3647 709 3687 prope
734 3633 803 3675 vel
830 3634 944 3673 haut

1019 1231 1139 1274 mula
1171 1247 1195 1274 a
1233 1230 1452 1279 librariis,
1495 1229 1656 1288 quibus
1685 1246 1817 1275 voces
1842 1248 1910 1276 re·

1019 1304 1218 1347 pugnare
1241 1287 1321 1331 sibi
1345 1288 1641 1339 videbantur,
1671 1298 1906 1347 peccatum

1022 1356 1101 1390 est.
1583 1354 1586 1362 ‘

1074 1429 1360 1486 infirmitate.
1418 1427 1500 1473 Ed.
1523 1427 1639 1487 Spir.
1662 1430 1912 1487 infinitate,

1020 1496 1069 1531 ut
1093 1503 1242 1546 supra.

1075 1585 1160 1612 vos
1196 1583 1315 1610 vero.
1386 1569 1465 1614 Sic
1496 1569 1598 1614 MS.
1634 1571 1770 1631 Neap.
1807 1574 1912 1619 edd.

1020 1627 1138 1686 Lips.
1166 1626 1340 1670 pithoei
1367 1634 1413 1673 et,
1433 1643 1530 1686 sqq.
1556 1644 1714 1672 omues
1738 1643 1915 1688 praeter

1019 1683 1192 1727 Dronk.
1218 1693 1259 1727 et
1282 1683 1480 1735 Osann„
1523 1686 1600 1743 qui
1636 1689 1912 1732 revocabant

1020 1743 1121 1785 edd.
1168 1743 1306 1797 antiq,
1357 1742 1598 1785 lectionem
1650 1760 1731 1788 vos
1780 1760 1906 1803 ergo,

1020 1815 1131 1858 quae
1155 1798 1493 1842 Schurzsseisch.
1525 1816 1705 1859 quoque
1730 1811 1771 1844 et
1796 1802 1912 1847 Heu-

1023 1873 1188 1899 manno
1213 1857 1444 1899 videbatur
1465 1856 1775 1915 praeferenda.
1830 1860 1915 1903 Ex·

1020 1915 1180 1957 cidisse
1201 1912 1383 1957 volebat
1396 1913 1622 1958 Acidalius
1647 1917 1758 1969 viri,
1787 1926 1828 1960 et
1849 1918 1915 1962 fa·

1020 1970 1118 2015 cilis
1162 1979 1256 2013 erat
1296 1985 1427 2013 error
1465 1971 1510 2013 in
1555 1972 1644 2016 hoc
1691 1976 1916 2020 vocabulo

1019 2035 1204 2085 propter
1227 2028 1498 2085 praecedens
1525 2044 1654 2084 vera,
1689 2047 1791 2074 eum
1820 2033 1909 2090 igi-

1021 2095 1091 2128 tur
1157 2085 1480 2129 Schurzsseisch
1554 2087 1811 2134 Heumann.⁶
1864 2099 1913 2135 et

1017 2142 1197 2186 Schulz.
1227 2142 1405 2199 sequuti
1435 2151 1562 2193 sunt,
1607 2143 1805 2190 Orellius
1839 2158 1911 2192 ta-

1018 2216 1121 2242 men
1163 2199 1289 2243 uncis
1326 2199 1650 2260 circumsepsit.
1711 2201 1798 2247 Sed
1833 2208 1912 2250 di-

1016 2258 1271 2299 sertissimi
1323 2257 1551 2302 satisfacit.
1653 2259 1916 2316 mquidem,

1016 2314 1285 2358 Boetticher.
1313 2315 1484 2371 iuquit.
1517 2317 1683 2359 omisso
1714 2333 1823 2360 vero
1848 2321 1916 2374 le·v

1018 2372 1158 2429 gerini
1184 2373 1264 2413 vos
1287 2372 1398 2425 viri,
1434 2387 1536 2414 nanu
1563 2374 1785 2418 adversat.
1814 2392 1910 2434 par-

1018 2430 1150 2471 ticula
1177 2444 1256 2485 per
1282 2444 1327 2470 se
1353 2428 1656 2485 intelligitur]

1073 2511 1315 2566 alsae-itis.
1357 2510 1605 2556 Hofmann.
1628 2513 1914 2577 Peerlkamp.

1019 2568 1138 2612 coni.
1162 2584 1218 2610 ac
1227 2569 1404 2624 facitis*-

1075 2652 1357 2693 laetissima.
1431 2652 1539 2695 Sine
1582 2659 1915 2708 controversia,

1021 2707 1152 2751 Orell
1206 2708 1377 2765 inquit,
1426 2710 1511 2765 leg.
1552 2719 1616 2754 est
1648 2729 1751 2757 cum
1787 2715 1909 2759 Rhe-

1019 2781 1140 2808 nano
1190 2767 1448 2809 lectissima
1500 2783 1584 2825 pro
1625 2773 1915 2824 lentissima,-

1017 2825 1159 2866 immo
1186 2823 1415 2878 vulgatum
1443 2825 1530 2867 hoc
1565 2827 1817 2886 praeplacet
1851 2832 1911 2874 ob

1016 2882 1220 2922 nitor-em
1243 2888 1286 2922 et
1303 2884 1480 2923 cultum
1499 2886 1754 2937 verborum,
1775 2904 1911 2946 quem

1019 2937 1134 2979 infra
1161 2939 1354 2995 scriptor
1381 2943 1765 2987 commemoravit.

1074 3021 1303 3063 Materne.
1364 3020 1465 3065 MS.
1497 3021 1638 3083 Neap.
1676 3027 1908 3072 Matar-ne.

1073 3117 1302 3171 gravitati
1342 3131 1566 3162 sensuum
1606 3121 1805 3164 nitorem
1853 3154 1862 3164 .
1898 3156 1911 3167 .

1018 3174 1233 3216 miscetis.
1306 3174 1439 3218 MSS.
1474 3174 1563 3219 Nea
1600 3207 1611 3220 .
1651 3180 1716 3228 [et
1756 3180 1911 3235 Farw}

1023 3241 1060 3274 et
1098 3231 1201 3272 edd.
1233 3229 1518 3276 sereomnes
1555 3194 1750 3277 dativum
1786 3237 1906 3280 exhi-

1022 3290 1128 3331 bent
1150 3287 1400 3342 gravitati,
1440 3291 1514 3332 sed
1541 3290 1595 3333 ab
1622 3292 1652 3333 l.
1677 3292 1750 3334 Fr.
1780 3292 1906 3337 Gro-

1023 3347 1159 3387 novio
1182 3348 1419 3398 gravitate
1439 3350 1651 3403 scriptum
1676 3358 1753 3399 est,
1818 3352 1909 3396 uod

1019 3409 1205 3445 reeentt.
1233 3402 1430 3459 plerique
1457 3406 1750 3450 retinuerunt.
1786 3367 1909 3452 ‘kam

1018 3474 1288 3515 quamquam
1335 3463 1527 3503 miseere
1569 3476 1672 3504 eum
1716 3464 1911 3508 ablativo

1018 3515 1149 3558 etiam
1178 3516 1457 3559 construitur
1482 3517 1582 3571 (cfr.
1607 3518 1910 3580 Oudendorp.

1017 3574 1071 3615 ad
1107 3571 1220 3614 Hirt.
1259 3573 1368 3617 Bell.
1402 3572 1529 3617 Alex.
1569 3589 1610 3617 c.
1644 3576 1764 3631 56.)‚
1812 3581 1909 3622 tre-

1017 3630 1225 3686 quentior
1256 3639 1402 3672 tamen
1439 3631 1570 3672 dativi
1606 3649 1710 3675 usus
1742 3645 1820 3678 est.
1855 3651 1923 3673 ου·

1175 3690 1313 3749 XZ

2008 319 2015 342 t
