2150 4022
534 241 1064 306 DIALOGUS.
1152 241 1350 305 CAP.
1395 243 1491 303 19.

1802 246 1924 305 301

88 398 317 439 marum
340 377 675 434 orationum
697 364 927 450 spatia}
953 384 1127 450 atque
1156 373 1219 429 id
1247 374 1440 448 ipsum
1467 372 1632 430 laudi
1661 375 1928 449 dabatur,

90 465 140 520 si
166 461 413 520 dicendo
443 462 575 539 quis
603 461 762 516 diem
801 459 1093 517 eximeret.

1181 458 1297 513 iam
1327 479 1467 514 vero
1497 459 1671 534 longa
1701 462 1940 536 princi-

88 550 324 624 piorum
361 546 728 622 praeparatio
766 557 821 601 et
858 541 1214 599 narrationis
1249 544 1362 599 alte
1392 545 1634 619 repetita
1664 547 1839 603 series
1872 561 1929 607 et

88 634 409 690 multarum
436 631 798 688 divisionum
825 627 1134 686 ostentatio
1166 638 1222 682 et
1250 627 1413 683 mille
1449 625 1927 702 argumentorum

51 719 330 792 'grad11S‚
401 728 457 773 et
502 715 784 793 quicquid
834 714 996 770 aliud
1048 711 1392 768 aridissimis
1428 711 1823 790 Hermagorae
1871 730 1930 777 et

89 939 266 986 Schulz.
291 937 483 981 Seebod.
511 936 581 981 ed.
606 937 680 980 alt.
702 932 845 978 Orell.
867 933 976 988 [Ru-

88 995 402 1058 pert.Bekker.
428 994 788 1048 etssoetticher.].
831 994 979 1048 Auget

90 1052 417 1099 emendationis
452 1051 684 1095 veritatem
723 1049 977 1108 adpositum

88 1115 266 1168 spatia,
314 1126 510 1169 quocum
553 1111 719 1166 optime
755 1106 977 1163 congruit,

89 1180 133 1214 et
165 1169 313 1211 firmat
347 1184 442 1211 eam
475 1166 752 1222 comparatio
788 1162 979 1219 Quinti-

91 1227 198 1272 liani
221 1225 326 1268 Inst.
354 1241 419 1269 or.
437 1225 477 1278 8,
497 1225 537 1275 6,
555 1225 625 1267 42.
652 1229 979 1264 verumtamen

92 1285 201 1330 talis
225 1289 291 1325 est
315 1285 438 1325 ratio
468 1282 650 1324 huiusce
684 1280 891 1327 virtutis,
927 1283 979 1318 ut

90 1344 192 1387 sine
212 1340 436 1395 appositis
454 1342 581 1382 nuda
601 1340 660 1380 sit
684 1344 729 1379 et
754 1338 876 1377 velut
898 1336 977 1377 in-

90 1407 248 1445 comta
297 1397 450 1439 oraclo
466 1414 481 1448 ;
542 1402 760 1437 oneretur
816 1397 978 1434 tmnen

91 1456 264 1500 mulctis·-
324 1470 439 1496 nana
458 1454 521 1508 fit
546 1455 686 1506 longa
712 1458 758 1493 et
786 1451 860 1492 im
869 1465 977 1503 pe-

90 1515 246 1564 dita,
285 1519 327 1555 et
356 1526 468 1569 quae
503 1509 702 1568 proxime
729 1516 978 1565 sequuntur

91 1573 137 1616 si
181 1572 374 1612 dicendo
424 1569 524 1624 quis
562 1567 688 1608 diem
732 1567 976 1619 eximeret,

93 1639 142 1673 ut
197 1627 294 1670 init.
347 1642 443 1683 cap.
490 1627 589 1666 Qu:
681 1623 842 1676 Cogita
897 1623 979 1663 illa

90 1689 304 1732 inmensa
361 1684 604 1724 uolumina
629 1713 640 1735 ,
721 1695 842 1735 quae
890 1692 980 1734 pro

93 1744 251 1788 Marco
291 1741 444 1784 Tullio
491 1746 576 1781 aut
616 1739 739 1781 Aulo
781 1737 981 1778 Ca.··cina

92 1803 307 1856 legimus.
370 1796 561 1854 Vulgata
586 1805 648 1838 est
670 1795 718 1836 in
731 1793 828 1837 MS.
845 1793 979 1850 Neap.

96 1868 140 1902 et
170 1857 271 1901 edd.
305 1863 406 1899 ante
430 1853 555 1896 Brot.
583 1853 804 1910 scriptura
828 1853 978 1904 impe·

92 1915 451 1962 riutesimarum,
479 1926 611 1968 quani
639 1925 783 1965 nuper
800 1906 979 1950 Dronk.

92 1981 138 2016 et
158 1971 332 2015 Osann.
356 1974 646 2013 revocarunt.
703 1964 793 2009 Sed
818 1965 862 2008 id
886 1979 981 2006 non

92 2029 234 2088 magis
271 2025 516 2070 dicendum
555 2033 620 2067 est
658 2023 713 2066 de
755 2021 978 2066 Cicerone

72 2089 276 2144 ‘aliisque
300 2117 314 2140 ,
386 2098 500 2140 quos
563 2080 783 2138 significat
843 2080 980 2136 Aper,

92 2160 228 2204 quam
268 2141 387 2199 quod
424 2139 680 2182 Hofmann:
699 2136 979 2193 Peerlkamp.

92 2203 252 2246 suasit:
295 2198 724 2254 ineptissimarum,
767 2194 835 2237 vel
871 2192 978 2236 Ou-

93 2259 314 2315 dendorp.
357 2255 413 2298 ad
453 2255 579 2298 Suet.
621 2252 781 2295 Claud.
829 2266 871 2295 c.
904 2252 978 2294 42.

94 2314 602 2371 imparatum-imarum,
646 2310 714 2354 vel
744 2308 978 2352 Heuman-

95 2390 180 2418 nus
204 2371 418 2428 denique,
456 2369 531 2425 qui
560 2367 845 2421 ineptissima
872 2381 981 2408 cor-

94 2431 202 2475 rexit
245 2436 288 2471 et
333 2443 434 2471 cum
479 2441 579 2467 voc.
621 2426 776 2476 spatia
818 2421 978 2466 iunxit.

94 2487 287 2545 Vulgata
313 2485 534 2541 scriptura
561 2489 656 2523 orta
683 2489 747 2523 est
774 2495 823 2522 ex
849 2496 980 2538 prae-

96 2544 270 2591 cedenti
294 2557 395 2588 voc.
420 2541 680 2595 imperitus.

153 2630 202 2672 id
243 2627 394 2682 ipsum
439 2624 572 2666 laudi
602 2623 821 2664 dabatur.
904 2619 981 2663 Sic

94 2687 199 2731 MS.
213 2684 350 2741 Neap.
366 2691 410 2724 et
423 2682 527 2726 edd.
543 2687 644 2738 post
661 2678 875 2735 Lipsium,
901 2676 980 2736 qui

95 2747 278 2790 Fames.
301 2740 403 2784 cod.
427 2748 640 2794 sequutus
667 2752 761 2780 esse
789 2735 976 2790 videtur,

98 2816 255 2848 omnes
325 2807 466 2841 raeter
502 2793 676 2838 Dronk.
717 2802 760 2836 et
791 2791 980 2842 Osann..

98 2859 175 2918 qui
206 2874 229 2900 e
312 2855 393 2898 SS.
417 2853 588 2896 Vaticc.
622 2851 745 2895 1518.
778 2859 822 2893 et
854 2851 980 2894 1862.

98 2919 294 2971 itemque
318 2928 366 2954 ex
391 2911 494 2954 edd.
527 2908 719 2968 antiquis
751 2908 800 2950 id
830 2908 981 2962 ipsum

98 2973 322 3018 laudabat
350 2975 641 3014 revocarunt.
710 2966 798 3010 Sed
829 2973 980 3008 ortum

97 3032 141 3075 id
166 3028 326 3075 vitium
353 3042 403 3069 ex
434 3024 678 3080 scripturae
707 3021 980 3081 compendio

98 3088 234 3132 laudi
249 3084 414 3127 dabat·
428 3115 439 3133 ,
470 3090 519 3124 ut
537 3082 724 3138 saepius.

154 3173 252 3215 iam
296 3180 423 3211 vero.
514 3163 652 3220 Quod
700 3180 751 3207 ex
790 3161 981 3207 Acidalii

101 3230 358 3274 coniectura
382 3223 636 3267 Heumann.
658 3220 879 3264 edendum
904 3235 979 3262 cu-

99 3292 300 3338 raverat,
342 3282 387 3324 id
420 3295 513 3322 non
545 3277 695 3322 solum
729 3277 862 3322 MSS.
890 3277 979 3318 Va-

99 3345 232 3390 ticc.,
275 3339 349 3384 sed
385 3338 513 3381 etiam
551 3336 688 3394 Neap.
725 3339 790 3388 [et
822 3336 978 3388 Farn.]

100 3397 408 3444 stabiliverunt
449 3393 641 3437 abunde.
719 3391 982 3436 Rectissime

99 3457 115 3502 i
147 3455 235 3498 itur
256 3455 303 3497 in
325 3470 375 3497 ea
397 3452 587 3495 lectione
610 3449 788 3494 Dronk.
804 3448 980 3492 Osann.

104 3517 122 3556 (
153 3512 248 3556 rell.
264 3514 324 3568 [et
345 3508 640 3553 recentissimi
663 3507 786 3561 edd]
807 3506 982 3563 acquie-

103 3578 278 3617 verunt.
350 3567 429 3610 lea
470 3579 577 3609 vero
614 3565 716 3609 edd.
759 3563 982 3621 antiquae,

1048 930 1165 992 Lips.
1207 931 1445 984 Pithoeus,
1499 934 1644 979 Berne
1677 954 1769 995 ger.
1804 939 1930 984 Gro-

1047 1007 1154 1035 nov.
1170 991 1267 1048 Bip.
1291 998 1334 1034 et
1358 992 1549 1036 Seehod.
1574 994 1645 1036 edi
1682 1007 1835 1049 erunt,
1864 999 1933 1042 id-

1049 1064 1135 1106 que
1169 1065 1214 1091 ex
1238 1047 1439 1092 Schultin
1474 1050 1503 1094 ii
1538 1053 1852 1099 emendatione
1884 1055 1932 1098 in

1047 1109 1139 1150 ista
1174 1120 1284 1148 vero
1319 1105 1439 1150 Schu
1460 1123 1498 1151 z,
1523 1107 1728 1154 Oherlin.
1763 1121 1805 1156 et
1837 1113 1932 1157 Lu-

1050 1179 1259 1207 nemann.
1282 1173 1586 1210 mutaverunt.

1106 1262 1202 1302 alte
1227 1261 1426 1312 repetita
1446 1263 1607 1306 series.
1668 1265 1768 1309 MS.
1793 1267 1934 1325 Neap.

1047 1322 1176 1361 altae
1206 1333 1302 1371 rep.
1314 1331 1437 1386 ⁸ser„
1482 1319 1553 1386 ed.
1579 1321 1699 1379 Spir.
1723 1335 1935 1386 corrupta

1048 1379 1151 1419 alta
1173 1383 1386 1428 repetitio
1407 1390 1562 1421 εει-κε.

1106 1484 1500 1530 argumentorum
1562 1483 1758 1533 gradus.
1858 1482 1937 1529 Sic

1048 1533 1222 1590 Lipsius
1247 1540 1289 1574 et
1314 1535 1585 1578 recentiores
1611 1535 1833 1596 plerique;
1874 1541 1937 1593 id,

1028 1588 1254 1633 >Orellius
1287 1589 1457 1648 iuquit,
1510 1593 1639 1637 simili
1678 1597 1938 1655 metaphora
1959 1619 1964 1627 ι’

1048 1665 1101 1691 ac
1139 1663 1235 1704 cap.
1262 1649 1332 1690 20.
1367 1664 1529 1692 cursus
1564 1651 1749 1698 dictum.
1818 1655 1937 1700 'rum

1049 1705 1218 1747 scilicet
1235 1709 1409 1757 gradus
1428 1708 1496 1750 vel
1519 1724 1684 1751 cursus
1703 1726 1938 1770 argumen-

1050 1771 1201 1804 torum
1227 1765 1459 1815 exsistunt,
1490 1780 1626 1822 quum
1649 1783 1697 1809 ex
1716 1769 1822 1813 artis
1841 1770 1939 1815 rhe-

1051 1819 1218 1862 toricae
1252 1823 1641 1878 praeceptionibus
1663 1827 1939 1883 argumentis
2012 1832 2014 1836 ’

1050 1876 1295 1921 levioribus
1319 1878 1425 1920 scite
1454 1882 1701 1923 succedunt
1731 1884 1938 1941 graviora

1051 1941 1181 2001 atque
1218 1934 1265 1976 in
1297 1936 1497 1979 omnium
1532 1939 1791 1994 gravissimo
1825 1944 1935 1985 desi·

1052 2007 1200 2034 nimus
1239 1996 1554 2047 argumentari.
1621 2011 1810 2051 argum.
1851 2015 1938 2054 ge-

1049 2063 1173 2091 nera
1224 2049 1322 2091 edd.
1363 2052 1596 2109 antiquae,
1657 2054 1843 2099 Pithoeo
1893 2066 1938 2103 et

1049 2105 1420 2150 Schurzfleischio
1445 2110 1758 2166 probantibus,
1788 2123 1830 2159 et
1853 2130 1940 2158 nu·

1047 2180 1128 2221 per
1183 2179 1288 2230 cuni
1345 2165 1556 2210 Dronkio
1612 2167 1805 2223 Osann„
1864 2174 1939 2219 cui

1047 2230 1146 2264 tum
1169 2230 1313 2278 aptius
1338 2221 1517 2267 videtur
1539 2226 1736 2270 additum
1763 2231 1906 2274 mille.

1106 2318 1402 2361 aridissimis.
1474 2319 1555 2363 Ed.
1595 2321 1697 2367 Put.
1738 2326 1940 2370 ordis-si-

1050 2375 1166 2428 mis,
1212 2375 1280 2417 ed.
1314 2375 1432 2432 spir.
1469 2380 1790 2425 arridissimis.
1860 2384 1940 2431 Sic

1052 2439 1168 2476 auct.
1205 2431 1260 2473 ad
1286 2431 1484 2477 Herenn.
1508 2435 1550 2484 4,
1573 2439 1641 2482 11.
1673 2440 1862 2484 aridum
1893 2451 1940 2486 et

1051 2504 1292 2541 exsangue
1342 2505 1488 2541 genus
1536 2495 1768 2539 orationis
1785 2529 1800 2553 ‚
1882 2501 1939 2544 de

1053 2554 1166 2589 orat.
1198 2548 1239 2593 Ξ,
1271 2545 1341 2588 38.
1373 2561 1518 2600 genus
1547 2555 1774 2598 sermonis
1802 2556 1941 2610 affert

1050 2617 1144 2644 non
1164 2604 1389 2658 liquidum
1404 2636 1416 2658 ,
1448 2619 1546 2648 non
1563 2609 1732 2664 susum
1750 2630 1806 2657 00
1822 2630 1942 2668 pro-

1037 2660 1200 2717 fluens
1215 2695 1225 2712 ,
1253 2666 1336 2704 sed
1363 2667 1507 2714 exile,
1535 2668 1749 2722 aridum,
1784 2675 1940 2715 conci-

1050 2733 1157 2760 sum
1205 2735 1260 2760 ac
1315 2722 1560 2766 namucum.
1653 2724 1723 2772 Cf.
1761 2727 1941 2778 Ernest.

1052 2776 1175 2820 Clav.
1196 2775 1292 2820 Cic.
1314 2793 1356 2835 p.
1378 2778 1478 2822 283.

1110 2874 1455 2941 Hermagorae.
1519 2877 1816 2954 Hermagoras
1846 2887 1941 2933 Te-

1054 2941 1241 2981 mnites,
1282 2942 1465 2977 anctore
1489 2935 1626 2982 Suida
1652 2955 1690 2987 v.
1714 2942 1937 3002 Ερμαγό-

1053 3005 1160 3058 naq,
1214 2989 1385 3032 Romae
1424 2992 1613 3046 Augusti
1659 3003 1937 3058 temporibus

1052 3056 1159 3091 vixit
1200 3062 1288 3090 una
1331 3062 1434 3090 cum
1471 3048 1666 3098 Caecilio
1700 3055 1855 3103 Siculo
1898 3071 1942 3107 et

1052 3104 1356 3164 ApollodorO,
1386 3107 1512 3150 cuius
1538 3112 1670 3166 paulo
1693 3125 1793 3171 post
1815 3133 1940 3165 meu·

1052 3164 1113 3206 tio
1143 3161 1205 3204 fit.
1270 3161 1506 3207 Theodori
1528 3171 1792 3216 auditorem
1817 3175 1940 3218 Her-

1051 3233 1296 3287 „fagorum
1318 3228 1425 3262 sunt
1445 3225 1525 3278 qui
1541 3228 1738 3270 viderint
1751 3261 1764 3284 ,
1794 3229 1939 3287 Quin-

1052 3278 1116 3344 til.
1152 3277 1259 3344 [nst.
1293 3292 1363 3344 pr.
1387 3277 1428 3330 3,
1456 3285 1492 3332 1,
1522 3284 1587 3326 18.
1624 3284 1706 3336 ait,
1748 3302 1937 3333 consen·

1054 3341 1189 3399 tuente
1229 3333 1362 3403 buida
1387 3367 1399 3385 .
1462 3340 1539 3395 qui
1578 3357 1680 3383 eum
1723 3345 1938 3392 τελευτᾶν

1053 3391 1209 3448 ποῤῥω
1233 3392 1310 3444 τῆς
1327 3393 1506 3446 ηλικίας
1525 3397 1668 3442 tradit.
1729 3400 1798 3446 Cf.
1815 3401 1847 3446 S
1880 3405 1940 3449 al·

1053 3448 1174 3506 ding.
1206 3449 1260 3492 ad
1294 3447 1324 3492 l.
1356 3449 1387 3495 l.
1424 3460 1465 3494 et
1499 3453 1554 3496 ad
1575 3455 1615 3504 X),
1644 3458 1707 3507 15,
1735 3459 1799 3503 14.
1848 3419 1938 3505 zlr·

1052 3515 1164 3571 nest.
1203 3505 1332 3552 Clav.
1378 3507 1473 3553 Cic.
1515 3526 1557 3568 p.
1596 3513 1689 3557 157.
1761 3515 1938 3565 Nauius

1054 3572 1259 3621 opinatus
1293 3573 1356 3609 est
1391 3566 1616 3611 rhetorem
1652 3569 1781 3617 illum
1814 3577 1937 3622 cele-
