<?xml version="1.0" encoding="UTF-8"?>
<!DOCTYPE html PUBLIC "-//W3C//DTD XHTML 1.0 Transitional//EN"
    "http://www.w3.org/TR/xhtml1/DTD/xhtml1-transitional.dtd">
<html xmlns="http://www.w3.org/1999/xhtml" xml:lang="en" lang="en">
 <head>
  <title>
</title>
<meta http-equiv="Content-Type" content="text/html;charset=utf-8" />
  <meta name='ocr-system' content='tesseract 3.04.00' />
  <meta name='ocr-capabilities' content='ocr_page ocr_carea ocr_par ocr_line ocrx_word'/>
</head>
<body>
  <div class='ocr_page' id='page_1' title='image "./operarecensuitet04taciuoft/operarecensuitet04taciuoft_0253.png"; bbox 0 0 2150 4022; ppageno 0'>
   <div class='ocr_carea' id='block_1_1' title="bbox 498 277 1459 367">
    <p class='ocr_par' dir='ltr' id='par_1_1' title="bbox 498 277 1459 367">
     <span class='ocr_line' id='line_1_1' title="bbox 498 277 1459 367; baseline 0.002 -4"><span class='ocrx_word' id='word_1_1' title='bbox 498 358 500 363; x_wconf 24' lang='lat' dir='ltr'><em>s</em></span> <span class='ocrx_word' id='word_1_2' title='bbox 562 277 1131 366; x_wconf 78' lang='lat' dir='ltr'><strong>DIALOGUS.⁵</strong></span> <span class='ocrx_word' id='word_1_3' title='bbox 1170 302 1361 366; x_wconf 81' lang='lat' dir='ltr'><strong>CAP.</strong></span> <span class='ocrx_word' id='word_1_4' title='bbox 1398 297 1459 367; x_wconf 80' lang='lat'><strong>5.</strong></span> 
     </span>
    </p>
   </div>
   <div class='ocr_carea' id='block_1_2' title="bbox 1808 304 1978 393">
    <p class='ocr_par' dir='ltr' id='par_1_2' title="bbox 1808 304 1978 393">
     <span class='ocr_line' id='line_1_2' title="bbox 1808 304 1978 393; baseline -0.012 -30"><span class='ocrx_word' id='word_1_5' title='bbox 1808 304 1935 363; x_wconf 71' lang='lat'><strong>237</strong></span> <span class='ocrx_word' id='word_1_6' title='bbox 1974 389 1978 393; x_wconf 8' lang='grc' dir='ltr'><strong>ᾖ</strong></span> 
     </span>
    </p>
   </div>
   <div class='ocr_carea' id='block_1_3' title="bbox 96 421 1940 683">
    <p class='ocr_par' dir='ltr' id='par_1_3' title="bbox 96 421 1940 683">
     <span class='ocr_line' id='line_1_3' title="bbox 98 421 1939 500; baseline -0.004 -1"><span class='ocrx_word' id='word_1_7' title='bbox 98 459 221 500; x_wconf 88' lang='lat' dir='ltr'><strong>non</strong></span> <span class='ocrx_word' id='word_1_8' title='bbox 247 438 409 498; x_wconf 87' lang='lat' dir='ltr'><strong>aliud</strong></span> <span class='ocrx_word' id='word_1_9' title='bbox 434 437 498 494; x_wconf 90' lang='lat' dir='ltr'><strong>in</strong></span> <span class='ocrx_word' id='word_1_10' title='bbox 523 437 756 494; x_wconf 86' lang='lat' dir='ltr'><strong>civitate</strong></span> <span class='ocrx_word' id='word_1_11' title='bbox 782 445 983 492; x_wconf 87' lang='lat' dir='ltr'><strong>nostra</strong></span> <span class='ocrx_word' id='word_1_12' title='bbox 1009 433 1104 490; x_wconf 87' lang='lat' dir='ltr'><strong>vel</strong></span> <span class='ocrx_word' id='word_1_13' title='bbox 1129 435 1205 490; x_wconf 87' lang='lat' dir='ltr'><strong>ad</strong></span> <span class='ocrx_word' id='word_1_14' title='bbox 1233 421 1548 491; x_wconf 83' lang='lat' dir='ltr'><strong>utilitatem</strong></span> <span class='ocrx_word' id='word_1_15' title='bbox 1581 431 1939 492; x_wconf 78' lang='lat' dir='ltr'><strong>fructuosius</strong></span> 
     </span>
     <span class='ocr_line' id='line_1_4' title="bbox 96 514 1939 597; baseline -0.004 -12"><span class='ocrx_word' id='word_1_16' title='bbox 96 529 192 585; x_wconf 89' lang='lat' dir='ltr'><strong>vel</strong></span> <span class='ocrx_word' id='word_1_17' title='bbox 228 527 304 584; x_wconf 87' lang='lat' dir='ltr'><strong>ad</strong></span> <span class='ocrx_word' id='word_1_18' title='bbox 332 524 676 597; x_wconf 83' lang='lat' dir='ltr'><strong>dignitatem</strong></span> <span class='ocrx_word' id='word_1_19' title='bbox 705 520 958 596; x_wconf 89' lang='lat' dir='ltr'><strong>amplius</strong></span> <span class='ocrx_word' id='word_1_20' title='bbox 980 519 1077 576; x_wconf 85' lang='lat' dir='ltr'><strong>vel</strong></span> <span class='ocrx_word' id='word_1_21' title='bbox 1101 518 1177 575; x_wconf 87' lang='lat' dir='ltr'><strong>ad</strong></span> <span class='ocrx_word' id='word_1_22' title='bbox 1199 519 1366 575; x_wconf 86' lang='lat' dir='ltr'><strong>urbis</strong></span> <span class='ocrx_word' id='word_1_23' title='bbox 1389 519 1603 574; x_wconf 88' lang='lat' dir='ltr'><strong>famam</strong></span> <span class='ocrx_word' id='word_1_24' title='bbox 1629 514 1939 595; x_wconf 82' lang='lat' dir='ltr'><strong>pulchrius</strong></span> 
     </span>
     <span class='ocr_line' id='line_1_5' title="bbox 97 601 1940 683; baseline -0.005 -14"><span class='ocrx_word' id='word_1_25' title='bbox 97 614 192 670; x_wconf 87' lang='lat' dir='ltr'><strong>vel</strong></span> <span class='ocrx_word' id='word_1_26' title='bbox 231 612 306 668; x_wconf 86' lang='lat' dir='ltr'><strong>ad</strong></span> <span class='ocrx_word' id='word_1_27' title='bbox 343 609 526 668; x_wconf 87' lang='lat' dir='ltr'><strong>totius</strong></span> <span class='ocrx_word' id='word_1_28' title='bbox 560 606 799 682; x_wconf 91' lang='lat' dir='ltr'><strong>imperii</strong></span> <span class='ocrx_word' id='word_1_29' title='bbox 834 617 1010 683; x_wconf 88' lang='lat' dir='ltr'><strong>atque</strong></span> <span class='ocrx_word' id='word_1_30' title='bbox 1049 601 1319 661; x_wconf 88' lang='lat' dir='ltr'><strong>omnium</strong></span> <span class='ocrx_word' id='word_1_31' title='bbox 1354 603 1619 677; x_wconf 85' lang='lat' dir='ltr'><strong>gentium</strong></span> <span class='ocrx_word' id='word_1_32' title='bbox 1664 604 1940 663; x_wconf 78' lang='lat' dir='ltr'>notitiam</span> 
     </span>
    </p>
   </div>
   <div class='ocr_carea' id='block_1_4' title="bbox 98 693 964 767">
    <p class='ocr_par' dir='ltr' id='par_1_4' title="bbox 98 693 964 767">
     <span class='ocr_line' id='line_1_6' title="bbox 98 693 964 767; baseline -0.008 -13"><span class='ocrx_word' id='word_1_33' title='bbox 98 695 387 754; x_wconf 82' lang='lat' dir='ltr'><strong>illustrius</strong></span> <span class='ocrx_word' id='word_1_34' title='bbox 415 693 729 767; x_wconf 85' lang='lat' dir='ltr'><strong>excogitari</strong></span> <span class='ocrx_word' id='word_1_35' title='bbox 756 702 964 767; x_wconf 89' lang='lat' dir='ltr'><strong>potest.</strong></span> 
     </span>
    </p>
   </div>
   <div class='ocr_carea' id='block_1_5' title="bbox 1047 687 1939 750">
    <p class='ocr_par' dir='ltr' id='par_1_5' title="bbox 1047 687 1939 750">
     <span class='ocr_line' id='line_1_7' title="bbox 1047 687 1939 750; baseline 0 -3"><span class='ocrx_word' id='word_1_36' title='bbox 1047 687 1202 747; x_wconf 85' lang='lat' dir='ltr'><strong>Nam</strong></span> <span class='ocrx_word' id='word_1_37' title='bbox 1237 688 1288 744; x_wconf 90' lang='lat' dir='ltr'><strong>si</strong></span> <span class='ocrx_word' id='word_1_38' title='bbox 1319 690 1395 744; x_wconf 86' lang='lat' dir='ltr'><strong>ad</strong></span> <span class='ocrx_word' id='word_1_39' title='bbox 1428 689 1744 748; x_wconf 79' lang='lat' dir='ltr'><strong>utilitatem</strong></span> <span class='ocrx_word' id='word_1_40' title='bbox 1769 691 1939 750; x_wconf 31' lang='lat' dir='ltr'><strong>&#39;vitae</strong></span> 
     </span>
    </p>
   </div>
   <div class='ocr_carea' id='block_1_6' title="bbox 15 773 1942 1197">
    <p class='ocr_par' dir='ltr' id='par_1_6' title="bbox 15 773 1942 1197">
     <span class='ocr_line' id='line_1_8' title="bbox 97 773 1940 858; baseline -0.003 -19"><span class='ocrx_word' id='word_1_41' title='bbox 97 782 297 839; x_wconf 87' lang='lat' dir='ltr'><strong>omnia</strong></span> <span class='ocrx_word' id='word_1_42' title='bbox 325 780 570 837; x_wconf 85' lang='lat' dir='ltr'><strong>consilia</strong></span> <span class='ocrx_word' id='word_1_43' title='bbox 591 780 858 853; x_wconf 85' lang='lat' dir='ltr'><strong>factaque</strong></span> <span class='ocrx_word' id='word_1_44' title='bbox 884 787 1086 833; x_wconf 83' lang='lat' dir='ltr'><strong>nostra</strong></span> <span class='ocrx_word' id='word_1_45' title='bbox 1110 773 1418 858; x_wconf 80' lang='lat' dir='ltr'><strong>dirigenda</strong></span> <span class='ocrx_word' id='word_1_46' title='bbox 1445 785 1610 844; x_wconf 86' lang='lat' dir='ltr'><strong>sunt,</strong></span> <span class='ocrx_word' id='word_1_47' title='bbox 1667 776 1814 852; x_wconf 89' lang='lat' dir='ltr'><strong>quid</strong></span> <span class='ocrx_word' id='word_1_48' title='bbox 1854 788 1940 834; x_wconf 88' lang='lat' dir='ltr'><strong>est</strong></span> 
     </span>
     <span class='ocr_line' id='line_1_9' title="bbox 98 867 1940 942; baseline -0.002 -18"><span class='ocrx_word' id='word_1_49' title='bbox 98 867 280 924; x_wconf 89' lang='lat' dir='ltr'><strong>tutius</strong></span> <span class='ocrx_word' id='word_1_50' title='bbox 296 912 313 935; x_wconf 90' lang='lat'>,</span> <span class='ocrx_word' id='word_1_51' title='bbox 357 885 536 942; x_wconf 84' lang='lat' dir='ltr'><strong>quam</strong></span> <span class='ocrx_word' id='word_1_52' title='bbox 562 884 690 920; x_wconf 84' lang='lat' dir='ltr'><strong>eam</strong></span> <span class='ocrx_word' id='word_1_53' title='bbox 716 880 979 919; x_wconf 86' lang='lat' dir='ltr'><strong>exercere</strong></span> <span class='ocrx_word' id='word_1_54' title='bbox 1006 871 1190 917; x_wconf 82' lang='lat' dir='ltr'><strong>artem</strong></span> <span class='ocrx_word' id='word_1_55' title='bbox 1208 905 1225 929; x_wconf 86' lang='lat'>‚</span> <span class='ocrx_word' id='word_1_56' title='bbox 1281 878 1397 936; x_wconf 86' lang='lat' dir='ltr'><strong>qua</strong></span> <span class='ocrx_word' id='word_1_57' title='bbox 1424 878 1655 934; x_wconf 83' lang='lat' dir='ltr'><strong>semper</strong></span> <span class='ocrx_word' id='word_1_58' title='bbox 1680 874 1940 919; x_wconf 84' lang='lat' dir='ltr'><strong>armatus</strong></span> 
     </span>
     <span class='ocr_line' id='line_1_10' title="bbox 15 944 1942 1027; baseline -0.002 -19"><span class='ocrx_word' id='word_1_59' title='bbox 15 953 26 964; x_wconf 70' lang='grc'><strong>’“</strong></span> <span class='ocrx_word' id='word_1_60' title='bbox 98 951 459 1027; x_wconf 83' lang='lat' dir='ltr'><strong>praesidium</strong></span> <span class='ocrx_word' id='word_1_61' title='bbox 494 948 726 1018; x_wconf 84' lang='lat' dir='ltr'><strong>amiciS‚</strong></span> <span class='ocrx_word' id='word_1_62' title='bbox 782 968 953 1026; x_wconf 91' lang='lat' dir='ltr'><strong>opem</strong></span> <span class='ocrx_word' id='word_1_63' title='bbox 983 945 1223 1014; x_wconf 83' lang='lat' dir='ltr'><strong>alieniS‚</strong></span> <span class='ocrx_word' id='word_1_64' title='bbox 1279 945 1526 1018; x_wconf 87' lang='lat' dir='ltr'><strong>salutem</strong></span> <span class='ocrx_word' id='word_1_65' title='bbox 1551 944 1942 1019; x_wconf 89' lang='lat' dir='ltr'><strong>periclitanti-</strong></span> 
     </span>
     <span class='ocr_line' id='line_1_11' title="bbox 96 1032 1942 1107; baseline -0.003 -13"><span class='ocrx_word' id='word_1_66' title='bbox 96 1039 234 1107; x_wconf 82' lang='lat' dir='ltr'><strong>bus,</strong></span> <span class='ocrx_word' id='word_1_67' title='bbox 285 1036 506 1093; x_wconf 88' lang='lat' dir='ltr'><strong>invidis</strong></span> <span class='ocrx_word' id='word_1_68' title='bbox 548 1054 689 1091; x_wconf 87' lang='lat' dir='ltr'><strong>vero</strong></span> <span class='ocrx_word' id='word_1_69' title='bbox 730 1044 787 1090; x_wconf 89' lang='lat' dir='ltr'><strong>et</strong></span> <span class='ocrx_word' id='word_1_70' title='bbox 827 1032 1084 1088; x_wconf 89' lang='lat' dir='ltr'><strong>inimicis</strong></span> <span class='ocrx_word' id='word_1_71' title='bbox 1120 1042 1342 1088; x_wconf 91' lang='lat' dir='ltr'><strong>metum</strong></span> <span class='ocrx_word' id='word_1_72' title='bbox 1381 1041 1438 1086; x_wconf 90' lang='lat' dir='ltr'><strong>et</strong></span> <span class='ocrx_word' id='word_1_73' title='bbox 1462 1041 1748 1087; x_wconf 88' lang='lat' dir='ltr'><strong>terrorem</strong></span> <span class='ocrx_word' id='word_1_74' title='bbox 1783 1034 1942 1090; x_wconf 85' lang='lat' dir='ltr'><strong>ultro</strong></span> 
     </span>
     <span class='ocr_line' id='line_1_12' title="bbox 94 1117 1941 1197; baseline -0.001 -19"><span class='ocrx_word' id='word_1_75' title='bbox 94 1124 270 1191; x_wconf 83' lang='lat' dir='ltr'><strong>serat,</strong></span> <span class='ocrx_word' id='word_1_76' title='bbox 314 1121 437 1197; x_wconf 92' lang='lat' dir='ltr'><strong>ipse</strong></span> <span class='ocrx_word' id='word_1_77' title='bbox 466 1138 703 1179; x_wconf 84' lang='lat' dir='ltr'><strong>securus</strong></span> <span class='ocrx_word' id='word_1_78' title='bbox 733 1130 788 1176; x_wconf 90' lang='lat' dir='ltr'><strong>et</strong></span> <span class='ocrx_word' id='word_1_79' title='bbox 811 1118 975 1175; x_wconf 84' lang='lat' dir='ltr'><strong>velut</strong></span> <span class='ocrx_word' id='word_1_80' title='bbox 1002 1117 1255 1194; x_wconf 84' lang='lat' dir='ltr'><strong>quadam</strong></span> <span class='ocrx_word' id='word_1_81' title='bbox 1284 1126 1567 1191; x_wconf 88' lang='lat' dir='ltr'><strong>perpetua</strong></span> <span class='ocrx_word' id='word_1_82' title='bbox 1588 1118 1850 1191; x_wconf 85' lang='lat' dir='ltr'><strong>potentia</strong></span> <span class='ocrx_word' id='word_1_83' title='bbox 1876 1139 1941 1175; x_wconf 81' lang='lat' dir='ltr'><strong>ac</strong></span> 
     </span>
    </p>
   </div>
   <div class='ocr_carea' id='block_1_7' title="bbox 90 1338 987 1808">
    <p class='ocr_par' dir='ltr' id='par_1_7' title="bbox 90 1338 987 1808">
     <span class='ocr_line' id='line_1_13' title="bbox 98 1338 987 1391; baseline -0.011 0"><span class='ocrx_word' id='word_1_84' title='bbox 98 1348 153 1391; x_wconf 83' lang='lat' dir='ltr'><strong>A.</strong></span> <span class='ocrx_word' id='word_1_85' title='bbox 193 1343 360 1390; x_wconf 86' lang='lat' dir='ltr'><strong>Wolf.</strong></span> <span class='ocrx_word' id='word_1_86' title='bbox 397 1341 577 1387; x_wconf 77' lang='lat' dir='ltr'><strong>Dronk.</strong></span> <span class='ocrx_word' id='word_1_87' title='bbox 619 1341 791 1384; x_wconf 87' lang='lat' dir='ltr'><strong>Osann.</strong></span> <span class='ocrx_word' id='word_1_88' title='bbox 840 1338 987 1382; x_wconf 85' lang='lat' dir='ltr'><strong>Orell.</strong></span> 
     </span>
     <span class='ocr_line' id='line_1_14' title="bbox 95 1398 984 1457; baseline -0.009 -10"><span class='ocrx_word' id='word_1_89' title='bbox 95 1403 338 1447; x_wconf 83' lang='lat' dir='ltr'><strong>Bekkerus.</strong></span> <span class='ocrx_word' id='word_1_90' title='bbox 396 1400 578 1457; x_wconf 84' lang='lat' dir='ltr'><strong>Reliqui</strong></span> <span class='ocrx_word' id='word_1_91' title='bbox 602 1414 758 1442; x_wconf 89' lang='lat' dir='ltr'><strong>omnes</strong></span> <span class='ocrx_word' id='word_1_92' title='bbox 783 1398 984 1441; x_wconf 86' lang='lat' dir='ltr'><strong>retinue-</strong></span> 
     </span>
     <span class='ocr_line' id='line_1_15' title="bbox 90 1452 986 1514; baseline -0.009 -10"><span class='ocrx_word' id='word_1_93' title='bbox 90 1470 201 1505; x_wconf 84' lang='lat' dir='ltr'><strong>runt</strong></span> <span class='ocrx_word' id='word_1_94' title='bbox 221 1460 457 1504; x_wconf 82' lang='lat' dir='ltr'><strong>lectionem</strong></span> <span class='ocrx_word' id='word_1_95' title='bbox 480 1460 534 1502; x_wconf 90' lang='lat' dir='ltr'><strong>ab</strong></span> <span class='ocrx_word' id='word_1_96' title='bbox 559 1452 878 1514; x_wconf 80' lang='lat' dir='ltr'><strong>antiquisedd.</strong></span> <span class='ocrx_word' id='word_1_97' title='bbox 899 1462 986 1497; x_wconf 89' lang='lat' dir='ltr'><strong>tra·</strong></span> 
     </span>
     <span class='ocr_line' id='line_1_16' title="bbox 96 1513 986 1575; baseline -0.009 -13"><span class='ocrx_word' id='word_1_98' title='bbox 96 1519 258 1570; x_wconf 86' lang='lat' dir='ltr'><strong>ditam,</strong></span> <span class='ocrx_word' id='word_1_99' title='bbox 301 1516 438 1575; x_wconf 57' lang='lat' dir='ltr'><strong>lptine</strong></span> <span class='ocrx_word' id='word_1_100' title='bbox 470 1514 592 1559; x_wconf 87' lang='lat' dir='ltr'><strong>enim</strong></span> <span class='ocrx_word' id='word_1_101' title='bbox 622 1514 687 1557; x_wconf 91' lang='lat' dir='ltr'><strong>sic</strong></span> <span class='ocrx_word' id='word_1_102' title='bbox 719 1513 808 1556; x_wconf 87' lang='lat' dir='ltr'><strong>dici</strong></span> <span class='ocrx_word' id='word_1_103' title='bbox 840 1528 986 1571; x_wconf 87' lang='lat' dir='ltr'><strong>posse,</strong></span> 
     </span>
     <span class='ocr_line' id='line_1_17' title="bbox 97 1570 987 1632; baseline -0.007 -13"><span class='ocrx_word' id='word_1_104' title='bbox 97 1577 218 1632; x_wconf 84' lang='lat' dir='ltr'><strong>quod</strong></span> <span class='ocrx_word' id='word_1_105' title='bbox 263 1581 503 1632; x_wconf 87' lang='lat' dir='ltr'><strong>negaverat</strong></span> <span class='ocrx_word' id='word_1_106' title='bbox 537 1570 729 1623; x_wconf 63' lang='lat' dir='ltr'><strong>Wolf„</strong></span> <span class='ocrx_word' id='word_1_107' title='bbox 781 1571 987 1629; x_wconf 84' lang='lat' dir='ltr'><strong>probavit</strong></span> 
     </span>
     <span class='ocr_line' id='line_1_18' title="bbox 97 1629 986 1677; baseline -0.007 -1"><span class='ocrx_word' id='word_1_108' title='bbox 97 1632 372 1677; x_wconf 86' lang='lat' dir='ltr'><strong>Boetticher.</strong></span> <span class='ocrx_word' id='word_1_109' title='bbox 415 1633 520 1675; x_wconf 85' lang='lat' dir='ltr'><strong>Lex.</strong></span> <span class='ocrx_word' id='word_1_110' title='bbox 560 1629 704 1673; x_wconf 84' lang='lat' dir='ltr'><strong>Tacit.</strong></span> <span class='ocrx_word' id='word_1_111' title='bbox 750 1645 794 1673; x_wconf 90' lang='lat' dir='ltr'><strong>v.</strong></span> <span class='ocrx_word' id='word_1_112' title='bbox 836 1629 986 1670; x_wconf 84' lang='lat' dir='ltr'><strong>amit-</strong></span> 
     </span>
     <span class='ocr_line' id='line_1_19' title="bbox 99 1686 984 1734; baseline -0.006 -2"><span class='ocrx_word' id='word_1_113' title='bbox 99 1699 214 1734; x_wconf 84' lang='lat' dir='ltr'><strong>tere.</strong></span> <span class='ocrx_word' id='word_1_114' title='bbox 258 1714 314 1724; x_wconf 93' lang='lat'>-</span> <span class='ocrx_word' id='word_1_115' title='bbox 369 1689 465 1731; x_wconf 89' lang='lat' dir='ltr'><strong>Pro</strong></span> <span class='ocrx_word' id='word_1_116' title='bbox 495 1688 679 1731; x_wconf 82' lang='lat' dir='ltr'><strong>civitate</strong></span> <span class='ocrx_word' id='word_1_117' title='bbox 710 1693 878 1729; x_wconf 80' lang='lat' dir='ltr'><strong>nostra</strong></span> <span class='ocrx_word' id='word_1_118' title='bbox 912 1686 984 1728; x_wconf 89' lang='lat' dir='ltr'><strong>ed.</strong></span> 
     </span>
     <span class='ocr_line' id='line_1_20' title="bbox 100 1747 527 1808; baseline -0.009 -17"><span class='ocrx_word' id='word_1_119' title='bbox 100 1747 218 1808; x_wconf 86' lang='lat' dir='ltr'><strong>Spir.</strong></span> <span class='ocrx_word' id='word_1_120' title='bbox 242 1749 327 1790; x_wconf 80' lang='lat' dir='ltr'><strong>civ.</strong></span> <span class='ocrx_word' id='word_1_121' title='bbox 351 1754 527 1788; x_wconf 78' lang='lat' dir='ltr'><strong>vestra.</strong></span> 
     </span>
    </p>
   </div>
   <div class='ocr_carea' id='block_1_8' title="bbox 98 1840 990 2075">
    <p class='ocr_par' dir='ltr' id='par_1_8' title="bbox 98 1840 990 2075">
     <span class='ocr_line' id='line_1_21' title="bbox 154 1840 988 1899; baseline -0.007 -10"><span class='ocrx_word' id='word_1_122' title='bbox 154 1849 220 1889; x_wconf 84' lang='lat' dir='ltr'><strong>ad</strong></span> <span class='ocrx_word' id='word_1_123' title='bbox 231 1846 483 1888; x_wconf 78' lang='lat' dir='ltr'><strong>utilitatem</strong></span> <span class='ocrx_word' id='word_1_124' title='bbox 491 1843 804 1899; x_wconf 77' lang='lat' dir='ltr'><strong>fructuosius·</strong></span> <span class='ocrx_word' id='word_1_125' title='bbox 831 1840 988 1885; x_wconf 90' lang='lat' dir='ltr'><strong>Schul-</strong></span> 
     </span>
     <span class='ocr_line' id='line_1_22' title="bbox 99 1900 989 1959; baseline -0.006 -13"><span class='ocrx_word' id='word_1_126' title='bbox 99 1904 162 1947; x_wconf 88' lang='lat' dir='ltr'><strong>tin</strong></span> <span class='ocrx_word' id='word_1_127' title='bbox 196 1904 290 1951; x_wconf 83' lang='lat' dir='ltr'><strong>&#39;us‚</strong></span> <span class='ocrx_word' id='word_1_128' title='bbox 337 1911 387 1945; x_wconf 85' lang='lat' dir='ltr'><strong>ut</strong></span> <span class='ocrx_word' id='word_1_129' title='bbox 422 1901 672 1959; x_wconf 82' lang='lat' dir='ltr'><strong>compleret</strong></span> <span class='ocrx_word' id='word_1_130' title='bbox 704 1900 989 1953; x_wconf 89' lang='lat' dir='ltr'><strong>sententiam,</strong></span> 
     </span>
     <span class='ocr_line' id='line_1_23' title="bbox 98 1958 989 2007; baseline -0.009 -1"><span class='ocrx_word' id='word_1_131' title='bbox 98 1961 153 2007; x_wconf 91' lang='lat' dir='ltr'><strong>ad</strong></span> <span class='ocrx_word' id='word_1_132' title='bbox 187 1961 302 2004; x_wconf 85' lang='lat' dir='ltr'><strong>enda</strong></span> <span class='ocrx_word' id='word_1_133' title='bbox 329 1958 503 2003; x_wconf 87' lang='lat' dir='ltr'><strong>censuit</strong></span> <span class='ocrx_word' id='word_1_134' title='bbox 536 1958 676 2003; x_wconf 82' lang='lat' dir='ltr'><strong>verba</strong></span> <span class='ocrx_word' id='word_1_135' title='bbox 707 1961 780 2000; x_wconf 81' lang='lat' dir='ltr'><strong>vel</strong></span> <span class='ocrx_word' id='word_1_136' title='bbox 810 1960 877 1998; x_wconf 87' lang='lat' dir='ltr'><strong>ad</strong></span> <span class='ocrx_word' id='word_1_137' title='bbox 902 1972 989 1999; x_wconf 87' lang='lat' dir='ltr'><strong>vo·-</strong></span> 
     </span>
     <span class='ocr_line' id='line_1_24' title="bbox 99 2013 990 2075; baseline -0.006 -12"><span class='ocrx_word' id='word_1_138' title='bbox 99 2024 328 2075; x_wconf 82' lang='lat' dir='ltr'><strong>luptatem</strong></span> <span class='ocrx_word' id='word_1_139' title='bbox 368 2016 625 2060; x_wconf 80' lang='lat' dir='ltr'><strong>honestius.</strong></span> <span class='ocrx_word' id='word_1_140' title='bbox 699 2015 772 2059; x_wconf 87' lang='lat' dir='ltr'><strong>Cf.</strong></span> <span class='ocrx_word' id='word_1_141' title='bbox 807 2013 990 2059; x_wconf 86' lang='lat' dir='ltr'><strong>schulz.</strong></span> 
     </span>
    </p>
   </div>
   <div class='ocr_carea' id='block_1_9' title="bbox 97 2075 284 2122">
    <p class='ocr_par' dir='ltr' id='par_1_9' title="bbox 97 2075 284 2122">
     <span class='ocr_line' id='line_1_25' title="bbox 97 2075 284 2122; baseline -0.021 0"><span class='ocrx_word' id='word_1_142' title='bbox 97 2077 154 2122; x_wconf 88' lang='lat' dir='ltr'><strong>ad</strong></span> <span class='ocrx_word' id='word_1_143' title='bbox 177 2077 223 2120; x_wconf 81' lang='lat' dir='ltr'><strong>h.</strong></span> <span class='ocrx_word' id='word_1_144' title='bbox 250 2075 284 2119; x_wconf 85' lang='lat' dir='ltr'><strong>l.</strong></span> 
     </span>
    </p>
   </div>
   <div class='ocr_carea' id='block_1_10' title="bbox 68 2169 997 3020">
    <p class='ocr_par' dir='ltr' id='par_1_10' title="bbox 68 2169 997 3020">
     <span class='ocr_line' id='line_1_26' title="bbox 68 2169 987 2226; baseline -0.002 -12"><span class='ocrx_word' id='word_1_145' title='bbox 68 2217 73 2221; x_wconf 39' lang='lat'><strong>.</strong></span> <span class='ocrx_word' id='word_1_146' title='bbox 156 2172 317 2216; x_wconf 82' lang='lat' dir='ltr'><strong>omnia</strong></span> <span class='ocrx_word' id='word_1_147' title='bbox 337 2170 531 2214; x_wconf 82' lang='lat' dir='ltr'><strong>consilia</strong></span> <span class='ocrx_word' id='word_1_148' title='bbox 550 2169 778 2226; x_wconf 82' lang='lat' dir='ltr'><strong>factaque</strong></span> <span class='ocrx_word' id='word_1_149' title='bbox 806 2175 987 2212; x_wconf 83' lang='lat' dir='ltr'><strong>nostra.</strong></span> 
     </span>
     <span class='ocr_line' id='line_1_27' title="bbox 98 2227 989 2286; baseline -0.007 -11"><span class='ocrx_word' id='word_1_150' title='bbox 98 2231 235 2276; x_wconf 89' lang='lat' dir='ltr'><strong>MSS.</strong></span> <span class='ocrx_word' id='word_1_151' title='bbox 261 2228 398 2286; x_wconf 85' lang='lat' dir='ltr'><strong>Neap.</strong></span> <span class='ocrx_word' id='word_1_152' title='bbox 423 2230 486 2283; x_wconf 89' lang='lat' dir='ltr'><strong>[et</strong></span> <span class='ocrx_word' id='word_1_153' title='bbox 507 2227 666 2282; x_wconf 90' lang='lat' dir='ltr'><strong>Farn.]</strong></span> <span class='ocrx_word' id='word_1_154' title='bbox 677 2227 884 2283; x_wconf 84' lang='lat' dir='ltr'><strong>fataque</strong></span> <span class='ocrx_word' id='word_1_155' title='bbox 902 2241 989 2280; x_wconf 83' lang='lat' dir='ltr'><strong>per</strong></span> 
     </span>
     <span class='ocr_line' id='line_1_28' title="bbox 100 2284 990 2333; baseline -0.008 0"><span class='ocrx_word' id='word_1_156' title='bbox 100 2295 283 2333; x_wconf 82' lang='lat' dir='ltr'><strong>nostra.</strong></span> <span class='ocrx_word' id='word_1_157' title='bbox 330 2309 385 2318; x_wconf 90' lang='lat'>—</span> <span class='ocrx_word' id='word_1_158' title='bbox 455 2285 588 2328; x_wconf 90' lang='lat' dir='ltr'><strong>MSS.</strong></span> <span class='ocrx_word' id='word_1_159' title='bbox 621 2284 744 2327; x_wconf 85' lang='lat' dir='ltr'><strong>Vatt.</strong></span> <span class='ocrx_word' id='word_1_160' title='bbox 778 2284 905 2327; x_wconf 85' lang='lat'><strong>1518.</strong></span> <span class='ocrx_word' id='word_1_161' title='bbox 945 2292 990 2326; x_wconf 92' lang='lat' dir='ltr'><strong>et</strong></span> 
     </span>
     <span class='ocr_line' id='line_1_29' title="bbox 98 2341 990 2400; baseline -0.008 -10"><span class='ocrx_word' id='word_1_162' title='bbox 98 2346 225 2390; x_wconf 84' lang='lat'><strong>4498.</strong></span> <span class='ocrx_word' id='word_1_163' title='bbox 235 2345 462 2400; x_wconf 81' lang='lat' dir='ltr'><strong>factaque</strong></span> <span class='ocrx_word' id='word_1_164' title='bbox 482 2357 568 2395; x_wconf 82' lang='lat' dir='ltr'><strong>per·</strong></span> <span class='ocrx_word' id='word_1_165' title='bbox 584 2349 767 2385; x_wconf 84' lang='lat' dir='ltr'><strong>nostra.</strong></span> <span class='ocrx_word' id='word_1_166' title='bbox 787 2372 844 2379; x_wconf 91' lang='lat'><em>-</em></span> <span class='ocrx_word' id='word_1_167' title='bbox 873 2341 990 2384; x_wconf 87' lang='lat' dir='ltr'><strong>Edd.</strong></span> 
     </span>
     <span class='ocr_line' id='line_1_30' title="bbox 101 2399 990 2460; baseline -0.01 -13"><span class='ocrx_word' id='word_1_168' title='bbox 101 2404 306 2460; x_wconf 85' lang='lat' dir='ltr'><strong>antiquae</strong></span> <span class='ocrx_word' id='word_1_169' title='bbox 360 2402 414 2443; x_wconf 91' lang='lat' dir='ltr'><strong>ad</strong></span> <span class='ocrx_word' id='word_1_170' title='bbox 462 2399 661 2456; x_wconf 86' lang='lat' dir='ltr'><strong>Lipsium</strong></span> <span class='ocrx_word' id='word_1_171' title='bbox 709 2400 851 2455; x_wconf 84' lang='lat' dir='ltr'><strong>facta</strong></span> <span class='ocrx_word' id='word_1_172' title='bbox 899 2413 990 2440; x_wconf 86' lang='lat' dir='ltr'><strong>no-</strong></span> 
     </span>
     <span class='ocr_line' id='line_1_31' title="bbox 101 2454 990 2515; baseline -0.008 -11"><span class='ocrx_word' id='word_1_173' title='bbox 101 2469 218 2505; x_wconf 83' lang='lat' dir='ltr'><strong>stra.</strong></span> <span class='ocrx_word' id='word_1_174' title='bbox 243 2485 303 2495; x_wconf 91' lang='lat'><strong>--</strong></span> <span class='ocrx_word' id='word_1_175' title='bbox 359 2457 532 2515; x_wconf 78' lang='lat' dir='ltr'><strong>Lipsius</strong></span> <span class='ocrx_word' id='word_1_176' title='bbox 557 2472 606 2498; x_wconf 85' lang='lat' dir='ltr'><strong>ex</strong></span> <span class='ocrx_word' id='word_1_177' title='bbox 630 2454 747 2499; x_wconf 86' lang='lat' dir='ltr'><strong>libro</strong></span> <span class='ocrx_word' id='word_1_178' title='bbox 769 2457 990 2503; x_wconf 86' lang='lat' dir='ltr'><strong>Romano,</strong></span> 
     </span>
     <span class='ocr_line' id='line_1_32' title="bbox 102 2513 990 2582; baseline -0.007 -22"><span class='ocrx_word' id='word_1_179' title='bbox 102 2527 153 2562; x_wconf 86' lang='lat' dir='ltr'><strong>ut</strong></span> <span class='ocrx_word' id='word_1_180' title='bbox 198 2518 291 2575; x_wconf 87' lang='lat' dir='ltr'><strong>ipse</strong></span> <span class='ocrx_word' id='word_1_181' title='bbox 337 2515 598 2582; x_wconf 84' lang='lat' dir='ltr'><strong>profitetur,</strong></span> <span class='ocrx_word' id='word_1_182' title='bbox 646 2529 733 2569; x_wconf 82' lang='lat' dir='ltr'><strong>que</strong></span> <span class='ocrx_word' id='word_1_183' title='bbox 774 2513 990 2572; x_wconf 88' lang='lat' dir='ltr'><strong>particula</strong></span> 
     </span>
     <span class='ocr_line' id='line_1_33' title="bbox 101 2570 985 2632; baseline -0.006 -15"><span class='ocrx_word' id='word_1_184' title='bbox 101 2575 250 2620; x_wconf 83' lang='lat' dir='ltr'><strong>addita</strong></span> <span class='ocrx_word' id='word_1_185' title='bbox 286 2588 459 2632; x_wconf 82' lang='lat' dir='ltr'><strong>primus</strong></span> <span class='ocrx_word' id='word_1_186' title='bbox 494 2570 659 2619; x_wconf 80' lang='lat' dir='ltr'><strong>edidit,</strong></span> <span class='ocrx_word' id='word_1_187' title='bbox 700 2572 821 2629; x_wconf 86' lang='lat' dir='ltr'><strong>quod</strong></span> <span class='ocrx_word' id='word_1_188' title='bbox 859 2570 985 2613; x_wconf 89' lang='lat' dir='ltr'><strong>dein-</strong></span> 
     </span>
     <span class='ocr_line' id='line_1_34' title="bbox 103 2628 994 2691; baseline -0.009 -13"><span class='ocrx_word' id='word_1_189' title='bbox 103 2648 208 2691; x_wconf 84' lang='lat' dir='ltr'><strong>ceps</strong></span> <span class='ocrx_word' id='word_1_190' title='bbox 235 2646 392 2681; x_wconf 88' lang='lat' dir='ltr'><strong>omnes</strong></span> <span class='ocrx_word' id='word_1_191' title='bbox 414 2628 589 2686; x_wconf 81' lang='lat' dir='ltr'><strong>sequuti</strong></span> <span class='ocrx_word' id='word_1_192' title='bbox 612 2637 716 2671; x_wconf 84' lang='lat' dir='ltr'><strong>sunt</strong></span> <span class='ocrx_word' id='word_1_193' title='bbox 731 2662 743 2680; x_wconf 92' lang='lat'>,</span> <span class='ocrx_word' id='word_1_194' title='bbox 761 2629 994 2685; x_wconf 81' lang='lat' dir='ltr'><strong>factaque</strong></span> 
     </span>
     <span class='ocr_line' id='line_1_35' title="bbox 101 2686 997 2737; baseline -0.007 -4"><span class='ocrx_word' id='word_1_195' title='bbox 101 2697 281 2733; x_wconf 84' lang='lat' dir='ltr'><strong>nostra.</strong></span> <span class='ocrx_word' id='word_1_196' title='bbox 339 2687 550 2731; x_wconf 78' lang='lat' dir='ltr'><strong>Pithoeus</strong></span> <span class='ocrx_word' id='word_1_197' title='bbox 570 2686 762 2730; x_wconf 85' lang='lat' dir='ltr'><strong>malebat</strong></span> <span class='ocrx_word' id='word_1_198' title='bbox 783 2687 997 2737; x_wconf 83' lang='lat' dir='ltr'><strong>consilia,</strong></span> 
     </span>
     <span class='ocr_line' id='line_1_36' title="bbox 104 2743 992 2802; baseline -0.006 -12"><span class='ocrx_word' id='word_1_199' title='bbox 104 2749 230 2790; x_wconf 81' lang='lat' dir='ltr'><strong>dicta</strong></span> <span class='ocrx_word' id='word_1_200' title='bbox 250 2780 264 2802; x_wconf 91' lang='lat'>,</span> <span class='ocrx_word' id='word_1_201' title='bbox 325 2747 466 2802; x_wconf 83' lang='lat' dir='ltr'><strong>sacta</strong></span> <span class='ocrx_word' id='word_1_202' title='bbox 516 2752 707 2795; x_wconf 79' lang='lat' dir='ltr'><strong>nostra3</strong></span> <span class='ocrx_word' id='word_1_203' title='bbox 771 2743 992 2802; x_wconf 72' lang='lat' dir='ltr'><strong>probabat</strong></span> 
     </span>
     <span class='ocr_line' id='line_1_37' title="bbox 104 2800 989 2856; baseline -0.005 -8"><span class='ocrx_word' id='word_1_204' title='bbox 104 2803 466 2856; x_wconf 83' lang='lat' dir='ltr'><strong>Schurzsseisch.;</strong></span> <span class='ocrx_word' id='word_1_205' title='bbox 504 2801 717 2845; x_wconf 91' lang='lat' dir='ltr'><strong>Osannus</strong></span> <span class='ocrx_word' id='word_1_206' title='bbox 743 2801 791 2844; x_wconf 90' lang='lat' dir='ltr'><strong>in</strong></span> <span class='ocrx_word' id='word_1_207' title='bbox 813 2800 989 2844; x_wconf 85' lang='lat' dir='ltr'><strong>Vaticc.</strong></span> 
     </span>
     <span class='ocr_line' id='line_1_38' title="bbox 106 2859 991 2919; baseline -0.006 -14"><span class='ocrx_word' id='word_1_208' title='bbox 106 2862 216 2905; x_wconf 82' lang='lat' dir='ltr'><strong>libb.</strong></span> <span class='ocrx_word' id='word_1_209' title='bbox 239 2862 458 2919; x_wconf 84' lang='lat' dir='ltr'><strong>scriptura</strong></span> <span class='ocrx_word' id='word_1_210' title='bbox 474 2861 673 2915; x_wconf 80' lang='lat' dir='ltr'><strong>perinde</strong></span> <span class='ocrx_word' id='word_1_211' title='bbox 695 2859 827 2902; x_wconf 88' lang='lat' dir='ltr'><strong>latere</strong></span> <span class='ocrx_word' id='word_1_212' title='bbox 851 2859 991 2917; x_wconf 88' lang='lat' dir='ltr'><strong>suspi-</strong></span> 
     </span>
     <span class='ocr_line' id='line_1_39' title="bbox 106 2916 991 2974; baseline -0.006 -11"><span class='ocrx_word' id='word_1_213' title='bbox 106 2927 229 2963; x_wconf 80' lang='lat' dir='ltr'><strong>catus</strong></span> <span class='ocrx_word' id='word_1_214' title='bbox 251 2918 523 2962; x_wconf 88' lang='lat' dir='ltr'><strong>alienissimo</strong></span> <span class='ocrx_word' id='word_1_215' title='bbox 552 2918 656 2962; x_wconf 91' lang='lat' dir='ltr'><strong>loco</strong></span> <span class='ocrx_word' id='word_1_216' title='bbox 683 2916 730 2960; x_wconf 86' lang='lat' dir='ltr'><strong>id</strong></span> <span class='ocrx_word' id='word_1_217' title='bbox 762 2916 991 2974; x_wconf 86' lang='lat' dir='ltr'><strong>interponi</strong></span> 
     </span>
     <span class='ocr_line' id='line_1_40' title="bbox 103 2976 798 3020; baseline 0.001 -2"><span class='ocrx_word' id='word_1_218' title='bbox 103 2976 302 3020; x_wconf 84' lang='lat' dir='ltr'><strong>iubebat.</strong></span> <span class='ocrx_word' id='word_1_219' title='bbox 792 2998 798 3019; x_wconf 72' lang='lat' dir='ltr'><strong>l</strong></span> 
     </span>
    </p>
   </div>
   <div class='ocr_carea' id='block_1_11' title="bbox 46 3059 994 3691">
    <p class='ocr_par' dir='ltr' id='par_1_11' title="bbox 46 3059 994 3691">
     <span class='ocr_line' id='line_1_41' title="bbox 165 3059 992 3118; baseline 0 -13"><span class='ocrx_word' id='word_1_220' title='bbox 165 3064 275 3118; x_wconf 75' lang='lat' dir='ltr'><strong>quid</strong></span> <span class='ocrx_word' id='word_1_221' title='bbox 293 3070 363 3104; x_wconf 81' lang='lat' dir='ltr'><strong>est</strong></span> <span class='ocrx_word' id='word_1_222' title='bbox 387 3063 543 3105; x_wconf 81' lang='lat' dir='ltr'><strong>tutius.</strong></span> <span class='ocrx_word' id='word_1_223' title='bbox 600 3059 678 3104; x_wconf 87' lang='lat' dir='ltr'><strong>Sic</strong></span> <span class='ocrx_word' id='word_1_224' title='bbox 697 3060 831 3104; x_wconf 89' lang='lat' dir='ltr'><strong>MSS.</strong></span> <span class='ocrx_word' id='word_1_225' title='bbox 853 3059 944 3106; x_wconf 83' lang='lat' dir='ltr'><strong>Nea</strong></span> <span class='ocrx_word' id='word_1_226' title='bbox 981 3093 992 3105; x_wconf 95' lang='lat'><strong>.</strong></span> 
     </span>
     <span class='ocr_line' id='line_1_42' title="bbox 109 3117 992 3174; baseline -0.003 -10"><span class='ocrx_word' id='word_1_227' title='bbox 109 3121 265 3174; x_wconf 85' lang='lat' dir='ltr'><strong>[Farn.</strong></span> <span class='ocrx_word' id='word_1_228' title='bbox 302 3127 333 3162; x_wconf 88' lang='lat' dir='ltr'><strong>t.</strong></span> <span class='ocrx_word' id='word_1_229' title='bbox 366 3117 526 3173; x_wconf 58' lang='lat' dir='ltr'><strong>Beth]</strong></span> <span class='ocrx_word' id='word_1_230' title='bbox 564 3125 606 3160; x_wconf 91' lang='lat' dir='ltr'><strong>et</strong></span> <span class='ocrx_word' id='word_1_231' title='bbox 640 3118 836 3169; x_wconf 86' lang='lat' dir='ltr'><strong>Vaticc.,</strong></span> <span class='ocrx_word' id='word_1_232' title='bbox 871 3135 934 3162; x_wconf 92' lang='lat' dir='ltr'><strong>un</strong></span> <span class='ocrx_word' id='word_1_233' title='bbox 969 3135 992 3161; x_wconf 88' lang='lat' dir='ltr'><strong>e</strong></span> 
     </span>
     <span class='ocr_line' id='line_1_43' title="bbox 106 3175 992 3221; baseline -0.002 -1"><span class='ocrx_word' id='word_1_234' title='bbox 106 3178 398 3221; x_wconf 86' lang='lat' dir='ltr'><strong>restituerunt</strong></span> <span class='ocrx_word' id='word_1_235' title='bbox 434 3175 606 3218; x_wconf 83' lang='lat' dir='ltr'><strong>Dronk.</strong></span> <span class='ocrx_word' id='word_1_236' title='bbox 643 3175 813 3219; x_wconf 88' lang='lat' dir='ltr'><strong>Osann.</strong></span> <span class='ocrx_word' id='word_1_237' title='bbox 845 3176 992 3219; x_wconf 88' lang='lat' dir='ltr'><strong>Orell.</strong></span> 
     </span>
     <span class='ocr_line' id='line_1_44' title="bbox 46 3231 991 3290; baseline -0.001 -13"><span class='ocrx_word' id='word_1_238' title='bbox 46 3258 52 3268; x_wconf 54' lang='lat' dir='ltr'>x</span> <span class='ocrx_word' id='word_1_239' title='bbox 110 3233 268 3290; x_wconf 80' lang='lat' dir='ltr'><strong>[Bekk.</strong></span> <span class='ocrx_word' id='word_1_240' title='bbox 294 3242 337 3277; x_wconf 83' lang='lat' dir='ltr'><strong>et</strong></span> <span class='ocrx_word' id='word_1_241' title='bbox 361 3231 621 3288; x_wconf 82' lang='lat' dir='ltr'><strong>Boettich.].</strong></span> <span class='ocrx_word' id='word_1_242' title='bbox 653 3257 711 3265; x_wconf 91' lang='lat'><strong>—</strong></span> <span class='ocrx_word' id='word_1_243' title='bbox 770 3233 991 3277; x_wconf 89' lang='lat' dir='ltr'><strong>Codicum</strong></span> 
     </span>
     <span class='ocr_line' id='line_1_45' title="bbox 108 3290 991 3350; baseline -0.001 -16"><span class='ocrx_word' id='word_1_244' title='bbox 108 3290 330 3350; x_wconf 77' lang='lat' dir='ltr'><strong>scriptura</strong></span> <span class='ocrx_word' id='word_1_245' title='bbox 353 3290 456 3333; x_wconf 82' lang='lat' dir='ltr'><strong>satis</strong></span> <span class='ocrx_word' id='word_1_246' title='bbox 476 3291 698 3347; x_wconf 71' lang='lat' dir='ltr'><strong>frequenti</strong></span> <span class='ocrx_word' id='word_1_247' title='bbox 724 3290 991 3334; x_wconf 81' lang='lat' dir='ltr'><strong>confusione</strong></span> 
     </span>
     <span class='ocr_line' id='line_1_46' title="bbox 107 3347 994 3406; baseline 0 -16"><span class='ocrx_word' id='word_1_248' title='bbox 107 3349 155 3391; x_wconf 89' lang='lat' dir='ltr'><strong>in</strong></span> <span class='ocrx_word' id='word_1_249' title='bbox 180 3350 248 3393; x_wconf 87' lang='lat' dir='ltr'><strong>ed.</strong></span> <span class='ocrx_word' id='word_1_250' title='bbox 273 3347 392 3406; x_wconf 86' lang='lat' dir='ltr'><strong>Spir.</strong></span> <span class='ocrx_word' id='word_1_251' title='bbox 417 3355 707 3391; x_wconf 82' lang='lat' dir='ltr'><strong>transmutata</strong></span> <span class='ocrx_word' id='word_1_252' title='bbox 730 3355 794 3390; x_wconf 90' lang='lat' dir='ltr'><strong>est</strong></span> <span class='ocrx_word' id='word_1_253' title='bbox 816 3348 862 3390; x_wconf 89' lang='lat' dir='ltr'><strong>in</strong></span> <span class='ocrx_word' id='word_1_254' title='bbox 883 3350 994 3404; x_wconf 81' lang='lat' dir='ltr'><strong>quid</strong></span> 
     </span>
     <span class='ocr_line' id='line_1_47' title="bbox 111 3404 993 3463; baseline 0.002 -18"><span class='ocrx_word' id='word_1_255' title='bbox 111 3407 232 3448; x_wconf 82' lang='lat' dir='ltr'><strong>enim</strong></span> <span class='ocrx_word' id='word_1_256' title='bbox 265 3407 435 3459; x_wconf 75' lang='lat' dir='ltr'><strong>tutius,</strong></span> <span class='ocrx_word' id='word_1_257' title='bbox 478 3421 526 3447; x_wconf 86' lang='lat' dir='ltr'><strong>ex</strong></span> <span class='ocrx_word' id='word_1_258' title='bbox 560 3421 651 3463; x_wconf 91' lang='lat' dir='ltr'><strong>quo</strong></span> <span class='ocrx_word' id='word_1_259' title='bbox 675 3404 908 3449; x_wconf 80' lang='lat' dir='ltr'><strong>Puteolani</strong></span> <span class='ocrx_word' id='word_1_260' title='bbox 948 3413 993 3447; x_wconf 89' lang='lat' dir='ltr'><strong>et</strong></span> 
     </span>
     <span class='ocr_line' id='line_1_48' title="bbox 112 3462 993 3519; baseline -0.003 -12"><span class='ocrx_word' id='word_1_261' title='bbox 112 3477 233 3519; x_wconf 85' lang='lat' dir='ltr'><strong>seqq.</strong></span> <span class='ocrx_word' id='word_1_262' title='bbox 261 3464 461 3505; x_wconf 80' lang='lat' dir='ltr'><strong>omnium</strong></span> <span class='ocrx_word' id='word_1_263' title='bbox 489 3463 604 3507; x_wconf 85' lang='lat' dir='ltr'><strong>facta</strong></span> <span class='ocrx_word' id='word_1_264' title='bbox 629 3470 693 3504; x_wconf 85' lang='lat' dir='ltr'><strong>est</strong></span> <span class='ocrx_word' id='word_1_265' title='bbox 718 3462 849 3506; x_wconf 89' lang='lat' dir='ltr'><strong>lectio</strong></span> <span class='ocrx_word' id='word_1_266' title='bbox 882 3463 993 3518; x_wconf 82' lang='lat' dir='ltr'><strong>quid</strong></span> 
     </span>
     <span class='ocr_line' id='line_1_49' title="bbox 113 3519 991 3577; baseline 0 -14"><span class='ocrx_word' id='word_1_267' title='bbox 113 3521 201 3563; x_wconf 81' lang='lat' dir='ltr'><strong>erit</strong></span> <span class='ocrx_word' id='word_1_268' title='bbox 238 3523 401 3574; x_wconf 82' lang='lat' dir='ltr'><strong>tutius,</strong></span> <span class='ocrx_word' id='word_1_269' title='bbox 454 3520 644 3577; x_wconf 86' lang='lat' dir='ltr'><strong>pessime</strong></span> <span class='ocrx_word' id='word_1_270' title='bbox 687 3519 740 3561; x_wconf 86' lang='lat' dir='ltr'><strong>ab</strong></span> <span class='ocrx_word' id='word_1_271' title='bbox 782 3520 855 3563; x_wconf 89' lang='lat' dir='ltr'><strong>ed.</strong></span> <span class='ocrx_word' id='word_1_272' title='bbox 889 3521 991 3577; x_wconf 88' lang='lat' dir='ltr'><strong>Bip.</strong></span> 
     </span>
     <span class='ocr_line' id='line_1_50' title="bbox 112 3577 990 3633; baseline -0.001 -14"><span class='ocrx_word' id='word_1_273' title='bbox 112 3585 324 3633; x_wconf 81' lang='lat' dir='ltr'><strong>corrupta</strong></span> <span class='ocrx_word' id='word_1_274' title='bbox 352 3577 398 3619; x_wconf 88' lang='lat' dir='ltr'><strong>in</strong></span> <span class='ocrx_word' id='word_1_275' title='bbox 431 3581 552 3631; x_wconf 79' lang='lat' dir='ltr'><strong>quod</strong></span> <span class='ocrx_word' id='word_1_276' title='bbox 581 3579 670 3620; x_wconf 78' lang='lat' dir='ltr'><strong>erit</strong></span> <span class='ocrx_word' id='word_1_277' title='bbox 700 3579 860 3622; x_wconf 78' lang='lat' dir='ltr'><strong>tuclus.</strong></span> <span class='ocrx_word' id='word_1_278' title='bbox 918 3577 990 3621; x_wconf 79' lang='lat' dir='ltr'><strong>Ad</strong></span> 
     </span>
     <span class='ocr_line' id='line_1_51' title="bbox 115 3633 991 3691; baseline 0.002 -16"><span class='ocrx_word' id='word_1_279' title='bbox 115 3633 326 3676; x_wconf 78' lang='lat' dir='ltr'><strong>orationis</strong></span> <span class='ocrx_word' id='word_1_280' title='bbox 365 3633 458 3678; x_wconf 83' lang='lat' dir='ltr'><strong>vim</strong></span> <span class='ocrx_word' id='word_1_281' title='bbox 497 3635 741 3691; x_wconf 75' lang='lat' dir='ltr'><strong>augendam</strong></span> <span class='ocrx_word' id='word_1_282' title='bbox 782 3636 869 3676; x_wconf 84' lang='lat' dir='ltr'><strong>erit</strong></span> <span class='ocrx_word' id='word_1_283' title='bbox 907 3635 991 3677; x_wconf 87' lang='lat' dir='ltr'><strong>‹le-</strong></span> 
     </span>
    </p>
   </div>
   <div class='ocr_carea' id='block_1_12' title="bbox 1053 1334 1954 2016">
    <p class='ocr_par' dir='ltr' id='par_1_12' title="bbox 1053 1334 1954 2016">
     <span class='ocr_line' id='line_1_52' title="bbox 1053 1334 1946 1398; baseline 0.008 -18"><span class='ocrx_word' id='word_1_284' title='bbox 1053 1337 1243 1381; x_wconf 88' lang='lat' dir='ltr'><strong>lendum</strong></span> <span class='ocrx_word' id='word_1_285' title='bbox 1272 1334 1453 1381; x_wconf 72' lang='lat' dir='ltr'><strong>&#39;censuit</strong></span> <span class='ocrx_word' id='word_1_286' title='bbox 1482 1336 1674 1384; x_wconf 87' lang='lat' dir='ltr'><strong>Seebod.</strong></span> <span class='ocrx_word' id='word_1_287' title='bbox 1701 1350 1946 1398; x_wconf 84' lang='lat' dir='ltr'><strong>praeeunte</strong></span> 
     </span>
     <span class='ocr_line' id='line_1_53' title="bbox 1055 1394 1949 1444; baseline 0.008 -6"><span class='ocrx_word' id='word_1_288' title='bbox 1055 1396 1342 1438; x_wconf 86' lang='lat' dir='ltr'><strong>Heumanno.</strong></span> <span class='ocrx_word' id='word_1_289' title='bbox 1401 1394 1644 1443; x_wconf 86' lang='lat' dir='ltr'><strong>Aberravit</strong></span> <span class='ocrx_word' id='word_1_290' title='bbox 1673 1413 1699 1441; x_wconf 88' lang='lat' dir='ltr'><strong>a</strong></span> <span class='ocrx_word' id='word_1_291' title='bbox 1732 1415 1838 1444; x_wconf 76' lang='lat' dir='ltr'><strong>vero</strong></span> <span class='ocrx_word' id='word_1_292' title='bbox 1863 1400 1949 1444; x_wconf 85' lang='lat' dir='ltr'><strong>Er-</strong></span> 
     </span>
     <span class='ocr_line' id='line_1_54' title="bbox 1056 1452 1950 1510; baseline 0.007 -13"><span class='ocrx_word' id='word_1_293' title='bbox 1056 1452 1248 1503; x_wconf 88' lang='lat' dir='ltr'><strong>nestius‚</strong></span> <span class='ocrx_word' id='word_1_294' title='bbox 1285 1452 1392 1495; x_wconf 86' lang='lat' dir='ltr'><strong>dum</strong></span> <span class='ocrx_word' id='word_1_295' title='bbox 1417 1453 1579 1510; x_wconf 88' lang='lat' dir='ltr'><strong>probat</strong></span> <span class='ocrx_word' id='word_1_296' title='bbox 1602 1454 1950 1508; x_wconf 76' lang='lat' dir='ltr'><strong>Acidaliicon-</strong></span> 
     </span>
     <span class='ocr_line' id='line_1_55' title="bbox 1055 1511 1950 1568; baseline 0.008 -14"><span class='ocrx_word' id='word_1_297' title='bbox 1055 1512 1275 1556; x_wconf 88' lang='lat' dir='ltr'><strong>iecturam</strong></span> <span class='ocrx_word' id='word_1_298' title='bbox 1298 1511 1472 1565; x_wconf 80' lang='lat' dir='ltr'><strong>utilius,</strong></span> <span class='ocrx_word' id='word_1_299' title='bbox 1497 1511 1601 1568; x_wconf 84' lang='lat' dir='ltr'><strong>quia</strong></span> <span class='ocrx_word' id='word_1_300' title='bbox 1620 1513 1835 1559; x_wconf 81' lang='lat' dir='ltr'><strong>securitas</strong></span> <span class='ocrx_word' id='word_1_301' title='bbox 1853 1524 1950 1561; x_wconf 82' lang='lat' dir='ltr'><strong>tan·</strong></span> 
     </span>
     <span class='ocr_line' id='line_1_56' title="bbox 1058 1568 1948 1626; baseline 0.006 -14"><span class='ocrx_word' id='word_1_302' title='bbox 1058 1568 1297 1613; x_wconf 84' lang='lat' dir='ltr'><strong>tummodo</strong></span> <span class='ocrx_word' id='word_1_303' title='bbox 1333 1584 1435 1626; x_wconf 85' lang='lat' dir='ltr'><strong>pars</strong></span> <span class='ocrx_word' id='word_1_304' title='bbox 1464 1568 1521 1612; x_wconf 83' lang='lat' dir='ltr'><strong>sit</strong></span> <span class='ocrx_word' id='word_1_305' title='bbox 1552 1570 1751 1615; x_wconf 74' lang='lat' dir='ltr'><strong>utilitatis</strong></span> <span class='ocrx_word' id='word_1_306' title='bbox 1774 1589 1823 1615; x_wconf 81' lang='lat' dir='ltr'><strong>ex</strong></span> <span class='ocrx_word' id='word_1_307' title='bbox 1849 1574 1948 1617; x_wconf 89' lang='lat' dir='ltr'><strong>elo-</strong></span> 
     </span>
     <span class='ocr_line' id='line_1_57' title="bbox 1057 1625 1949 1685; baseline 0.009 -17"><span class='ocrx_word' id='word_1_308' title='bbox 1057 1626 1239 1684; x_wconf 76' lang='lat' dir='ltr'><strong>quentia</strong></span> <span class='ocrx_word' id='word_1_309' title='bbox 1261 1625 1433 1668; x_wconf 87' lang='lat' dir='ltr'><strong>forensi</strong></span> <span class='ocrx_word' id='word_1_310' title='bbox 1455 1627 1714 1685; x_wconf 86' lang='lat' dir='ltr'><strong>capiendae.</strong></span> <span class='ocrx_word' id='word_1_311' title='bbox 1775 1631 1862 1675; x_wconf 89' lang='lat' dir='ltr'><strong>Sed</strong></span> <span class='ocrx_word' id='word_1_312' title='bbox 1883 1632 1949 1676; x_wconf 87' lang='lat' dir='ltr'><strong>in-</strong></span> 
     </span>
     <span class='ocr_line' id='line_1_58' title="bbox 1056 1682 1952 1748; baseline 0.009 -22"><span class='ocrx_word' id='word_1_313' title='bbox 1056 1692 1226 1742; x_wconf 81' lang='lat' dir='ltr'><strong>gratam</strong></span> <span class='ocrx_word' id='word_1_314' title='bbox 1241 1683 1368 1728; x_wconf 87' lang='lat' dir='ltr'><strong>vocis</strong></span> <span class='ocrx_word' id='word_1_315' title='bbox 1384 1682 1477 1726; x_wconf 90' lang='lat' dir='ltr'><strong>eius</strong></span> <span class='ocrx_word' id='word_1_316' title='bbox 1490 1685 1804 1741; x_wconf 82' lang='lat' dir='ltr'><strong>repetitionem</strong></span> <span class='ocrx_word' id='word_1_317' title='bbox 1820 1704 1952 1748; x_wconf 85' lang='lat' dir='ltr'><strong>aegre</strong></span> 
     </span>
     <span class='ocr_line' id='line_1_59' title="bbox 1057 1741 1952 1800; baseline 0.009 -16"><span class='ocrx_word' id='word_1_318' title='bbox 1057 1741 1248 1784; x_wconf 77' lang='lat' dir='ltr'><strong>ferimus</strong></span> <span class='ocrx_word' id='word_1_319' title='bbox 1309 1749 1353 1783; x_wconf 88' lang='lat' dir='ltr'><strong>et</strong></span> <span class='ocrx_word' id='word_1_320' title='bbox 1408 1742 1726 1789; x_wconf 86' lang='lat' dir='ltr'><strong>contendimus</strong></span> <span class='ocrx_word' id='word_1_321' title='bbox 1778 1755 1952 1800; x_wconf 81' lang='lat' dir='ltr'><strong>contra,</strong></span> 
     </span>
     <span class='ocr_line' id='line_1_60' title="bbox 1058 1797 1951 1861; baseline 0.008 -19"><span class='ocrx_word' id='word_1_322' title='bbox 1058 1797 1342 1856; x_wconf 87' lang='lat' dir='ltr'><strong>eloquentiae</strong></span> <span class='ocrx_word' id='word_1_323' title='bbox 1357 1799 1594 1842; x_wconf 76' lang='lat' dir='ltr'><strong>utilitatem</strong></span> <span class='ocrx_word' id='word_1_324' title='bbox 1615 1801 1668 1843; x_wconf 91' lang='lat' dir='ltr'><strong>ab</strong></span> <span class='ocrx_word' id='word_1_325' title='bbox 1681 1803 1804 1861; x_wconf 86' lang='lat' dir='ltr'><strong>Apro</strong></span> <span class='ocrx_word' id='word_1_326' title='bbox 1827 1820 1951 1848; x_wconf 87' lang='lat' dir='ltr'><strong>com-</strong></span> 
     </span>
     <span class='ocr_line' id='line_1_61' title="bbox 1058 1856 1951 1906; baseline 0.008 -7"><span class='ocrx_word' id='word_1_327' title='bbox 1058 1864 1356 1899; x_wconf 86' lang='lat' dir='ltr'><strong>memoratam</strong></span> <span class='ocrx_word' id='word_1_328' title='bbox 1400 1856 1624 1900; x_wconf 84' lang='lat' dir='ltr'><strong>contineri</strong></span> <span class='ocrx_word' id='word_1_329' title='bbox 1672 1866 1813 1904; x_wconf 85' lang='lat' dir='ltr'><strong>totam</strong></span> <span class='ocrx_word' id='word_1_330' title='bbox 1854 1861 1951 1906; x_wconf 81' lang='lat' dir='ltr'><strong>fere</strong></span> 
     </span>
     <span class='ocr_line' id='line_1_62' title="bbox 1058 1913 1954 1975; baseline 0.009 -17"><span class='ocrx_word' id='word_1_331' title='bbox 1058 1913 1311 1958; x_wconf 83' lang='lat' dir='ltr'><strong>securitate.</strong></span> <span class='ocrx_word' id='word_1_332' title='bbox 1393 1914 1540 1958; x_wconf 88' lang='lat' dir='ltr'><strong>Acute</strong></span> <span class='ocrx_word' id='word_1_333' title='bbox 1589 1918 1813 1975; x_wconf 81' lang='lat' dir='ltr'><strong>perspexit</strong></span> <span class='ocrx_word' id='word_1_334' title='bbox 1862 1919 1954 1966; x_wconf 90' lang='lat' dir='ltr'><strong>hoc</strong></span> 
     </span>
     <span class='ocr_line' id='line_1_63' title="bbox 1057 1969 1312 2016; baseline 0 -1"><span class='ocrx_word' id='word_1_335' title='bbox 1057 1969 1312 2016; x_wconf 88' lang='lat' dir='ltr'><strong>Schulzius.</strong></span> 
     </span>
    </p>
   </div>
   <div class='ocr_carea' id='block_1_13' title="bbox 1059 2059 1971 3086">
    <p class='ocr_par' dir='ltr' id='par_1_13' title="bbox 1059 2059 1954 2462">
     <span class='ocr_line' id='line_1_64' title="bbox 1116 2059 1951 2116; baseline 0.008 -17"><span class='ocrx_word' id='word_1_336' title='bbox 1116 2063 1295 2099; x_wconf 83' lang='lat' dir='ltr'><strong>metum</strong></span> <span class='ocrx_word' id='word_1_337' title='bbox 1320 2063 1367 2097; x_wconf 78' lang='lat' dir='ltr'><strong>et</strong></span> <span class='ocrx_word' id='word_1_338' title='bbox 1393 2062 1624 2098; x_wconf 87' lang='lat' dir='ltr'><strong>terrorem</strong></span> <span class='ocrx_word' id='word_1_339' title='bbox 1648 2059 1775 2102; x_wconf 85' lang='lat' dir='ltr'><strong>ultro</strong></span> <span class='ocrx_word' id='word_1_340' title='bbox 1793 2061 1951 2116; x_wconf 84' lang='lat' dir='ltr'><strong>serat.</strong></span> 
     </span>
     <span class='ocr_line' id='line_1_65' title="bbox 1061 2113 1954 2170; baseline 0.007 -13"><span class='ocrx_word' id='word_1_341' title='bbox 1061 2113 1134 2158; x_wconf 82' lang='lat' dir='ltr'><strong>Cf.</strong></span> <span class='ocrx_word' id='word_1_342' title='bbox 1169 2113 1323 2170; x_wconf 83' lang='lat' dir='ltr'><strong>Agric.</strong></span> <span class='ocrx_word' id='word_1_343' title='bbox 1358 2128 1398 2156; x_wconf 91' lang='lat' dir='ltr'><strong>c.</strong></span> <span class='ocrx_word' id='word_1_344' title='bbox 1425 2113 1497 2157; x_wconf 76' lang='grc'><strong>32.</strong></span> <span class='ocrx_word' id='word_1_345' title='bbox 1531 2121 1684 2158; x_wconf 82' lang='lat' dir='ltr'><strong>metus</strong></span> <span class='ocrx_word' id='word_1_346' title='bbox 1718 2123 1764 2159; x_wconf 80' lang='lat' dir='ltr'><strong>et</strong></span> <span class='ocrx_word' id='word_1_347' title='bbox 1794 2127 1954 2163; x_wconf 86' lang='lat' dir='ltr'><strong>terror</strong></span> 
     </span>
     <span class='ocr_line' id='line_1_66' title="bbox 1059 2169 1953 2228; baseline 0.01 -17"><span class='ocrx_word' id='word_1_348' title='bbox 1059 2180 1155 2222; x_wconf 78' lang='lat' dir='ltr'><strong>est3</strong></span> <span class='ocrx_word' id='word_1_349' title='bbox 1182 2169 1482 2228; x_wconf 87' lang='lat' dir='ltr'><strong>Plin.Paneg.</strong></span> <span class='ocrx_word' id='word_1_350' title='bbox 1505 2187 1545 2215; x_wconf 89' lang='lat' dir='ltr'><strong>c.</strong></span> <span class='ocrx_word' id='word_1_351' title='bbox 1561 2173 1628 2216; x_wconf 76' lang='lat'><strong>12.</strong></span> <span class='ocrx_word' id='word_1_352' title='bbox 1639 2172 1711 2221; x_wconf 88' lang='lat'><strong>66,</strong></span> <span class='ocrx_word' id='word_1_353' title='bbox 1722 2175 1836 2217; x_wconf 84' lang='lat'><strong>4.—</strong></span> <span class='ocrx_word' id='word_1_354' title='bbox 1865 2176 1953 2220; x_wconf 88' lang='lat' dir='ltr'><strong>Re·</strong></span> 
     </span>
     <span class='ocr_line' id='line_1_67' title="bbox 1061 2227 1954 2288; baseline 0.01 -18"><span class='ocrx_word' id='word_1_355' title='bbox 1061 2229 1268 2274; x_wconf 83' lang='lat' dir='ltr'><strong>duximus</strong></span> <span class='ocrx_word' id='word_1_356' title='bbox 1320 2227 1454 2271; x_wconf 89' lang='lat' dir='ltr'><strong>MSS.</strong></span> <span class='ocrx_word' id='word_1_357' title='bbox 1493 2228 1635 2288; x_wconf 75' lang='lat' dir='ltr'><strong>Neap,</strong></span> <span class='ocrx_word' id='word_1_358' title='bbox 1683 2231 1860 2288; x_wconf 72' lang='lat' dir='ltr'><strong>[Fax-m]</strong></span> <span class='ocrx_word' id='word_1_359' title='bbox 1911 2245 1954 2279; x_wconf 87' lang='lat' dir='ltr'><strong>et</strong></span> 
     </span>
     <span class='ocr_line' id='line_1_68' title="bbox 1059 2285 1952 2345; baseline 0.006 -15"><span class='ocrx_word' id='word_1_360' title='bbox 1059 2289 1181 2330; x_wconf 88' lang='lat' dir='ltr'><strong>Vatt.</strong></span> <span class='ocrx_word' id='word_1_361' title='bbox 1217 2285 1318 2328; x_wconf 88' lang='lat' dir='ltr'><strong>edd.</strong></span> <span class='ocrx_word' id='word_1_362' title='bbox 1349 2293 1451 2328; x_wconf 87' lang='lat' dir='ltr'><strong>ante</strong></span> <span class='ocrx_word' id='word_1_363' title='bbox 1472 2286 1591 2345; x_wconf 88' lang='lat' dir='ltr'><strong>Lips.</strong></span> <span class='ocrx_word' id='word_1_364' title='bbox 1621 2289 1853 2344; x_wconf 87' lang='lat' dir='ltr'><strong>omnium,</strong></span> <span class='ocrx_word' id='word_1_365' title='bbox 1892 2309 1952 2335; x_wconf 92' lang='lat' dir='ltr'><strong>ne</strong></span> 
     </span>
     <span class='ocr_line' id='line_1_69' title="bbox 1060 2343 1953 2407; baseline 0.011 -23"><span class='ocrx_word' id='word_1_366' title='bbox 1060 2344 1224 2389; x_wconf 88' lang='lat' dir='ltr'><strong>Aldina</strong></span> <span class='ocrx_word' id='word_1_367' title='bbox 1246 2343 1427 2399; x_wconf 84' lang='lat' dir='ltr'><strong>quidem</strong></span> <span class='ocrx_word' id='word_1_368' title='bbox 1450 2354 1631 2404; x_wconf 85' lang='lat' dir='ltr'><strong>excepta</strong></span> <span class='ocrx_word' id='word_1_369' title='bbox 1662 2347 1735 2401; x_wconf 91' lang='lat' dir='ltr'><strong>(de</strong></span> <span class='ocrx_word' id='word_1_370' title='bbox 1763 2364 1849 2407; x_wconf 91' lang='lat' dir='ltr'><strong>qua</strong></span> <span class='ocrx_word' id='word_1_371' title='bbox 1871 2350 1953 2394; x_wconf 87' lang='lat' dir='ltr'><strong>fal-</strong></span> 
     </span>
     <span class='ocr_line' id='line_1_70' title="bbox 1061 2402 1953 2462; baseline 0.003 -17"><span class='ocrx_word' id='word_1_372' title='bbox 1061 2419 1136 2445; x_wconf 89' lang='lat' dir='ltr'><strong>sus</strong></span> <span class='ocrx_word' id='word_1_373' title='bbox 1159 2408 1225 2443; x_wconf 85' lang='lat' dir='ltr'><strong>est</strong></span> <span class='ocrx_word' id='word_1_374' title='bbox 1237 2402 1483 2457; x_wconf 85' lang='lat' dir='ltr'><strong>Osannus),</strong></span> <span class='ocrx_word' id='word_1_375' title='bbox 1513 2403 1786 2462; x_wconf 85' lang='lat' dir='ltr'><strong>scripturam</strong></span> <span class='ocrx_word' id='word_1_376' title='bbox 1796 2406 1953 2462; x_wconf 85' lang='lat' dir='ltr'><strong>ferat,</strong></span> 
     </span>
    </p>

    <p class='ocr_par' dir='ltr' id='par_1_14' title="bbox 1059 2458 1971 3086">
     <span class='ocr_line' id='line_1_71' title="bbox 1091 2458 1953 2517; baseline 0.008 -15"><span class='ocrx_word' id='word_1_377' title='bbox 1091 2458 1375 2502; x_wconf 88' lang='lat' dir='ltr'><strong>raeeuntibus</strong></span> <span class='ocrx_word' id='word_1_378' title='bbox 1400 2459 1577 2504; x_wconf 82' lang='lat' dir='ltr'><strong>Dronk.</strong></span> <span class='ocrx_word' id='word_1_379' title='bbox 1605 2460 1779 2506; x_wconf 91' lang='lat' dir='ltr'><strong>Osann.</strong></span> <span class='ocrx_word' id='word_1_380' title='bbox 1815 2464 1953 2517; x_wconf 83' lang='lat' dir='ltr'><strong>[Bek-</strong></span> 
     </span>
     <span class='ocr_line' id='line_1_72' title="bbox 1059 2476 1954 2579; baseline 0.007 -19"><span class='ocrx_word' id='word_1_381' title='bbox 1059 2476 1156 2560; x_wconf 62' lang='lat' dir='ltr'><strong>lier.</strong></span> <span class='ocrx_word' id='word_1_382' title='bbox 1184 2524 1229 2559; x_wconf 89' lang='lat' dir='ltr'><strong>et</strong></span> <span class='ocrx_word' id='word_1_383' title='bbox 1251 2515 1561 2572; x_wconf 88' lang='lat' dir='ltr'><strong>Boetticher.].</strong></span> <span class='ocrx_word' id='word_1_384' title='bbox 1618 2515 1832 2579; x_wconf 86' lang='lat' dir='ltr'><strong>Reliquae</strong></span> <span class='ocrx_word' id='word_1_385' title='bbox 1855 2522 1954 2566; x_wconf 88' lang='lat' dir='ltr'><strong>edi-</strong></span> 
     </span>
     <span class='ocr_line' id='line_1_73' title="bbox 1059 2571 1954 2633; baseline 0.008 -16"><span class='ocrx_word' id='word_1_386' title='bbox 1059 2575 1205 2619; x_wconf 84' lang='lat' dir='ltr'><strong>tiones</strong></span> <span class='ocrx_word' id='word_1_387' title='bbox 1226 2571 1480 2630; x_wconf 88' lang='lat' dir='ltr'><strong>Lipsianam</strong></span> <span class='ocrx_word' id='word_1_388' title='bbox 1514 2584 1767 2633; x_wconf 88' lang='lat' dir='ltr'><strong>sequuntur</strong></span> <span class='ocrx_word' id='word_1_389' title='bbox 1792 2594 1954 2624; x_wconf 83' lang='lat' dir='ltr'><strong>emen-</strong></span> 
     </span>
     <span class='ocr_line' id='line_1_74' title="bbox 1063 2630 1971 2689; baseline 0.01 -16"><span class='ocrx_word' id='word_1_390' title='bbox 1063 2631 1287 2675; x_wconf 85' lang='lat' dir='ltr'><strong>dationem</strong></span> <span class='ocrx_word' id='word_1_391' title='bbox 1298 2630 1456 2686; x_wconf 77' lang='lat' dir='ltr'><strong>seraS,</strong></span> <span class='ocrx_word' id='word_1_392' title='bbox 1486 2646 1619 2689; x_wconf 83' lang='lat' dir='ltr'><strong>quarn</strong></span> <span class='ocrx_word' id='word_1_393' title='bbox 1633 2633 1835 2680; x_wconf 87' lang='lat' dir='ltr'><strong>Orellius</strong></span> <span class='ocrx_word' id='word_1_394' title='bbox 1856 2653 1971 2683; x_wconf 89' lang='lat' dir='ltr'><strong>non·</strong></span> 
     </span>
     <span class='ocr_line' id='line_1_75' title="bbox 1063 2687 1954 2741; baseline 0.01 -9"><span class='ocrx_word' id='word_1_395' title='bbox 1063 2697 1302 2741; x_wconf 85' lang='lat' dir='ltr'><strong>servasset,</strong></span> <span class='ocrx_word' id='word_1_396' title='bbox 1349 2687 1387 2730; x_wconf 89' lang='lat' dir='ltr'><strong>si</strong></span> <span class='ocrx_word' id='word_1_397' title='bbox 1421 2688 1477 2730; x_wconf 89' lang='lat' dir='ltr'><strong>de</strong></span> <span class='ocrx_word' id='word_1_398' title='bbox 1503 2690 1638 2734; x_wconf 90' lang='lat' dir='ltr'><strong>codd.</strong></span> <span class='ocrx_word' id='word_1_399' title='bbox 1665 2692 1754 2736; x_wconf 88' lang='lat' dir='ltr'><strong>scri</strong></span> <span class='ocrx_word' id='word_1_400' title='bbox 1788 2703 1887 2740; x_wconf 89' lang='lat' dir='ltr'><strong>tura</strong></span> <span class='ocrx_word' id='word_1_401' title='bbox 1912 2697 1954 2740; x_wconf 90' lang='lat' dir='ltr'><strong>ei</strong></span> 
     </span>
     <span class='ocr_line' id='line_1_76' title="bbox 1063 2744 1953 2811; baseline 0.01 -23"><span class='ocrx_word' id='word_1_402' title='bbox 1063 2744 1334 2788; x_wconf 79' lang='lat' dir='ltr'><strong>innotuisset</strong></span> <span class='ocrx_word' id='word_1_403' title='bbox 1384 2745 1568 2803; x_wconf 89' lang='lat' dir='ltr'><strong>aliquid.</strong></span> <span class='ocrx_word' id='word_1_404' title='bbox 1650 2748 1742 2807; x_wconf 88' lang='lat' dir='ltr'><strong>Qui</strong></span> <span class='ocrx_word' id='word_1_405' title='bbox 1828 2754 1953 2811; x_wconf 86' lang='lat' dir='ltr'><strong>quod</strong></span> 
     </span>
     <span class='ocr_line' id='line_1_77' title="bbox 1061 2802 1953 2862; baseline 0.011 -16"><span class='ocrx_word' id='word_1_406' title='bbox 1061 2802 1350 2846; x_wconf 87' lang='lat' dir='ltr'><strong>librariorum</strong></span> <span class='ocrx_word' id='word_1_407' title='bbox 1384 2803 1703 2862; x_wconf 83' lang='lat' dir='ltr'><strong>negligentiam</strong></span> <span class='ocrx_word' id='word_1_408' title='bbox 1738 2809 1953 2856; x_wconf 83' lang='lat' dir='ltr'><strong>odoratus</strong></span> 
     </span>
     <span class='ocr_line' id='line_1_78' title="bbox 1061 2859 1952 2926; baseline 0.01 -21"><span class='ocrx_word' id='word_1_409' title='bbox 1061 2870 1128 2905; x_wconf 84' lang='lat' dir='ltr'><strong>est</strong></span> <span class='ocrx_word' id='word_1_410' title='bbox 1159 2859 1236 2903; x_wconf 89' lang='lat' dir='ltr'><strong>ille</strong></span> <span class='ocrx_word' id='word_1_411' title='bbox 1265 2859 1312 2902; x_wconf 91' lang='lat' dir='ltr'><strong>in</strong></span> <span class='ocrx_word' id='word_1_412' title='bbox 1334 2860 1487 2915; x_wconf 81' lang='lat' dir='ltr'><strong>serat.</strong></span> <span class='ocrx_word' id='word_1_413' title='bbox 1554 2863 1644 2908; x_wconf 86' lang='lat' dir='ltr'><strong>Sed</strong></span> <span class='ocrx_word' id='word_1_414' title='bbox 1674 2863 1952 2926; x_wconf 80' lang='lat' dir='ltr'><strong>frequentis-</strong></span> 
     </span>
     <span class='ocr_line' id='line_1_79' title="bbox 1063 2917 1952 2975; baseline 0.011 -14"><span class='ocrx_word' id='word_1_415' title='bbox 1063 2919 1175 2962; x_wconf 89' lang='lat' dir='ltr'><strong>sima</strong></span> <span class='ocrx_word' id='word_1_416' title='bbox 1207 2926 1271 2960; x_wconf 90' lang='lat' dir='ltr'><strong>est</strong></span> <span class='ocrx_word' id='word_1_417' title='bbox 1295 2917 1459 2975; x_wconf 87' lang='lat' dir='ltr'><strong>ellipsis</strong></span> <span class='ocrx_word' id='word_1_418' title='bbox 1492 2920 1682 2966; x_wconf 88' lang='lat' dir='ltr'><strong>subiecti</strong></span> <span class='ocrx_word' id='word_1_419' title='bbox 1715 2923 1952 2974; x_wconf 85' lang='lat' dir='ltr'><strong>indefiniti.</strong></span> 
     </span>
     <span class='ocr_line' id='line_1_80' title="bbox 1063 2975 1951 3035; baseline 0.012 -16"><span class='ocrx_word' id='word_1_420' title='bbox 1063 2976 1167 3022; x_wconf 84' lang='lat' dir='ltr'><strong>vide</strong></span> <span class='ocrx_word' id='word_1_421' title='bbox 1179 2975 1326 3018; x_wconf 90' lang='lat' dir='ltr'><strong>Beier.</strong></span> <span class='ocrx_word' id='word_1_422' title='bbox 1348 2976 1404 3018; x_wconf 90' lang='lat' dir='ltr'><strong>ad</strong></span> <span class='ocrx_word' id='word_1_423' title='bbox 1419 2975 1515 3020; x_wconf 89' lang='lat' dir='ltr'><strong>Cic.</strong></span> <span class='ocrx_word' id='word_1_424' title='bbox 1539 2977 1594 3022; x_wconf 93' lang='lat' dir='ltr'><strong>de</strong></span> <span class='ocrx_word' id='word_1_425' title='bbox 1608 2978 1700 3025; x_wconf 87' lang='lat' dir='ltr'><strong>Off.</strong></span> <span class='ocrx_word' id='word_1_426' title='bbox 1715 2983 1755 3035; x_wconf 89' lang='lat' dir='ltr'><strong>l,</strong></span> <span class='ocrx_word' id='word_1_427' title='bbox 1766 2982 1951 3032; x_wconf 77' lang='lat'><strong>33,121.</strong></span> 
     </span>
     <span class='ocr_line' id='line_1_81' title="bbox 1062 3032 1496 3086; baseline 0.002 -9"><span class='ocrx_word' id='word_1_428' title='bbox 1062 3035 1105 3086; x_wconf 74' lang='lat'><strong>2,</strong></span> <span class='ocrx_word' id='word_1_429' title='bbox 1130 3037 1199 3083; x_wconf 89' lang='lat'><strong>11,</strong></span> <span class='ocrx_word' id='word_1_430' title='bbox 1219 3033 1295 3077; x_wconf 73' lang='lat'><strong>39.</strong></span> <span class='ocrx_word' id='word_1_431' title='bbox 1331 3032 1401 3085; x_wconf 80' lang='lat'><strong>33,</strong></span> <span class='ocrx_word' id='word_1_432' title='bbox 1425 3034 1496 3078; x_wconf 80' lang='lat'><strong>83.</strong></span> 
     </span>
    </p>
   </div>
   <div class='ocr_carea' id='block_1_14' title="bbox 1062 3119 1954 3692">
    <p class='ocr_par' dir='ltr' id='par_1_15' title="bbox 1062 3119 1954 3692">
     <span class='ocr_line' id='line_1_82' title="bbox 1116 3119 1953 3181; baseline 0.014 -22"><span class='ocrx_word' id='word_1_433' title='bbox 1116 3119 1332 3174; x_wconf 76' lang='lat' dir='ltr'><strong>potencia</strong></span> <span class='ocrx_word' id='word_1_434' title='bbox 1355 3133 1411 3161; x_wconf 80' lang='lat' dir='ltr'><strong>ac</strong></span> <span class='ocrx_word' id='word_1_435' title='bbox 1427 3127 1676 3174; x_wconf 78' lang='lat' dir='ltr'><strong>potestate.</strong></span> <span class='ocrx_word' id='word_1_436' title='bbox 1740 3123 1953 3181; x_wconf 89' lang='lat' dir='ltr'><strong>Quorum</strong></span> 
     </span>
     <span class='ocr_line' id='line_1_83' title="bbox 1064 3176 1954 3228; baseline 0.012 -11"><span class='ocrx_word' id='word_1_437' title='bbox 1064 3176 1386 3220; x_wconf 79' lang='lat' dir='ltr'><strong>vocabulorum</strong></span> <span class='ocrx_word' id='word_1_438' title='bbox 1453 3176 1508 3220; x_wconf 90' lang='lat' dir='ltr'><strong>de</strong></span> <span class='ocrx_word' id='word_1_439' title='bbox 1571 3178 1830 3226; x_wconf 87' lang='lat' dir='ltr'><strong>discrimine</strong></span> <span class='ocrx_word' id='word_1_440' title='bbox 1891 3184 1954 3228; x_wconf 88' lang='lat' dir='ltr'><strong>cf.</strong></span> 
     </span>
     <span class='ocr_line' id='line_1_84' title="bbox 1063 3232 1953 3287; baseline 0.013 -14"><span class='ocrx_word' id='word_1_441' title='bbox 1063 3232 1207 3277; x_wconf 83' lang='lat' dir='ltr'><strong>Kritz.</strong></span> <span class='ocrx_word' id='word_1_442' title='bbox 1241 3233 1295 3275; x_wconf 90' lang='lat' dir='ltr'><strong>ad</strong></span> <span class='ocrx_word' id='word_1_443' title='bbox 1320 3232 1424 3277; x_wconf 90' lang='lat' dir='ltr'><strong>Sall.</strong></span> <span class='ocrx_word' id='word_1_444' title='bbox 1449 3233 1548 3279; x_wconf 84' lang='lat' dir='ltr'><strong>Cat.</strong></span> <span class='ocrx_word' id='word_1_445' title='bbox 1583 3251 1622 3280; x_wconf 91' lang='lat' dir='ltr'><strong>c.</strong></span> <span class='ocrx_word' id='word_1_446' title='bbox 1646 3237 1716 3287; x_wconf 78' lang='lat'><strong>88,</strong></span> <span class='ocrx_word' id='word_1_447' title='bbox 1743 3243 1784 3283; x_wconf 88' lang='lat'><strong>1.</strong></span> <span class='ocrx_word' id='word_1_448' title='bbox 1843 3241 1953 3284; x_wconf 74' lang='lat' dir='ltr'><strong>see-</strong></span> 
     </span>
     <span class='ocr_line' id='line_1_85' title="bbox 1063 3289 1951 3343; baseline 0.01 -10"><span class='ocrx_word' id='word_1_449' title='bbox 1063 3290 1172 3334; x_wconf 83' lang='lat' dir='ltr'><strong>bod.</strong></span> <span class='ocrx_word' id='word_1_450' title='bbox 1228 3289 1483 3336; x_wconf 85' lang='lat' dir='ltr'><strong>Observatt.</strong></span> <span class='ocrx_word' id='word_1_451' title='bbox 1540 3293 1584 3336; x_wconf 85' lang='lat' dir='ltr'><strong>in</strong></span> <span class='ocrx_word' id='word_1_452' title='bbox 1639 3294 1783 3340; x_wconf 89' lang='lat' dir='ltr'><strong>Tacit.</strong></span> <span class='ocrx_word' id='word_1_453' title='bbox 1835 3297 1951 3343; x_wconf 80' lang='lat' dir='ltr'><strong>Hist.</strong></span> 
     </span>
     <span class='ocr_line' id='line_1_86' title="bbox 1063 3347 1952 3406; baseline 0.011 -16"><span class='ocrx_word' id='word_1_454' title='bbox 1063 3363 1183 3405; x_wconf 89' lang='lat' dir='ltr'><strong>spec.</strong></span> <span class='ocrx_word' id='word_1_455' title='bbox 1209 3347 1243 3390; x_wconf 92' lang='grc' dir='ltr'><strong>Ι.</strong></span> <span class='ocrx_word' id='word_1_456' title='bbox 1276 3363 1320 3406; x_wconf 89' lang='lat' dir='ltr'><strong>p.</strong></span> <span class='ocrx_word' id='word_1_457' title='bbox 1346 3349 1387 3392; x_wconf 92' lang='lat'><strong>8.</strong></span> <span class='ocrx_word' id='word_1_458' title='bbox 1449 3349 1681 3395; x_wconf 80' lang='lat' dir='ltr'><strong>vocabula</strong></span> <span class='ocrx_word' id='word_1_459' title='bbox 1710 3352 1952 3401; x_wconf 88' lang='lat' dir='ltr'><strong>coniuncta</strong></span> 
     </span>
     <span class='ocr_line' id='line_1_87' title="bbox 1062 3405 1951 3461; baseline 0.012 -15"><span class='ocrx_word' id='word_1_460' title='bbox 1062 3412 1166 3447; x_wconf 89' lang='lat' dir='ltr'><strong>sunt</strong></span> <span class='ocrx_word' id='word_1_461' title='bbox 1199 3405 1253 3448; x_wconf 90' lang='lat' dir='ltr'><strong>ad</strong></span> <span class='ocrx_word' id='word_1_462' title='bbox 1291 3406 1537 3461; x_wconf 79' lang='lat' dir='ltr'><strong>augendam</strong></span> <span class='ocrx_word' id='word_1_463' title='bbox 1574 3410 1819 3454; x_wconf 86' lang='lat' dir='ltr'><strong>verborum</strong></span> <span class='ocrx_word' id='word_1_464' title='bbox 1865 3429 1951 3457; x_wconf 91' lang='lat' dir='ltr'><strong>co-</strong></span> 
     </span>
     <span class='ocr_line' id='line_1_88' title="bbox 1063 3462 1949 3521; baseline 0.014 -18"><span class='ocrx_word' id='word_1_465' title='bbox 1063 3462 1206 3519; x_wconf 89' lang='lat' dir='ltr'><strong>piam,</strong></span> <span class='ocrx_word' id='word_1_466' title='bbox 1243 3462 1369 3505; x_wconf 81' lang='lat' dir='ltr'><strong>&#39;cuius</strong></span> <span class='ocrx_word' id='word_1_467' title='bbox 1400 3464 1572 3521; x_wconf 84' lang='lat' dir='ltr'><strong>generis</strong></span> <span class='ocrx_word' id='word_1_468' title='bbox 1604 3467 1793 3511; x_wconf 90' lang='lat' dir='ltr'><strong>subinde</strong></span> <span class='ocrx_word' id='word_1_469' title='bbox 1817 3479 1949 3514; x_wconf 83' lang='lat' dir='ltr'><strong>nota-</strong></span> 
     </span>
     <span class='ocr_line' id='line_1_89' title="bbox 1062 3519 1951 3579; baseline 0.011 -17"><span class='ocrx_word' id='word_1_470' title='bbox 1062 3519 1210 3563; x_wconf 84' lang='lat' dir='ltr'><strong>bimus</strong></span> <span class='ocrx_word' id='word_1_471' title='bbox 1231 3521 1474 3577; x_wconf 81' lang='lat' dir='ltr'><strong>permulta,</strong></span> <span class='ocrx_word' id='word_1_472' title='bbox 1514 3537 1705 3579; x_wconf 89' lang='lat' dir='ltr'><strong>quorum</strong></span> <span class='ocrx_word' id='word_1_473' title='bbox 1731 3529 1951 3572; x_wconf 89' lang='lat' dir='ltr'><strong>nonnulla</strong></span> 
     </span>
     <span class='ocr_line' id='line_1_90' title="bbox 1063 3576 1949 3640; baseline 0.012 -21"><span class='ocrx_word' id='word_1_474' title='bbox 1063 3576 1241 3634; x_wconf 86' lang='lat' dir='ltr'><strong>collegit</strong></span> <span class='ocrx_word' id='word_1_475' title='bbox 1263 3577 1587 3622; x_wconf 85' lang='lat' dir='ltr'><strong>Klossmannus</strong></span> <span class='ocrx_word' id='word_1_476' title='bbox 1608 3580 1869 3640; x_wconf 80' lang='lat' dir='ltr'><strong>prolegom.</strong></span> <span class='ocrx_word' id='word_1_477' title='bbox 1901 3587 1949 3630; x_wconf 89' lang='lat' dir='ltr'><strong>in</strong></span> 
     </span>
     <span class='ocr_line' id='line_1_91' title="bbox 1064 3633 1680 3692; baseline 0.005 -15"><span class='ocrx_word' id='word_1_478' title='bbox 1064 3633 1165 3678; x_wconf 79' lang='lat' dir='ltr'><strong>dial.</strong></span> <span class='ocrx_word' id='word_1_479' title='bbox 1188 3633 1241 3677; x_wconf 88' lang='lat' dir='ltr'><strong>de</strong></span> <span class='ocrx_word' id='word_1_480' title='bbox 1265 3645 1396 3680; x_wconf 85' lang='lat' dir='ltr'><strong>oratt.</strong></span> <span class='ocrx_word' id='word_1_481' title='bbox 1422 3635 1551 3679; x_wconf 87' lang='lat' dir='ltr'><strong>claris</strong></span> <span class='ocrx_word' id='word_1_482' title='bbox 1580 3653 1618 3692; x_wconf 81' lang='lat' dir='ltr'><strong>p.</strong></span> <span class='ocrx_word' id='word_1_483' title='bbox 1641 3638 1680 3680; x_wconf 88' lang='lat'><strong>8.</strong></span> 
     </span>
    </p>
   </div>
  </div>
 </body>
</html>
