2150 4022
166 270 287 311 vm
574 299 577 311 .
790 247 1389 317 PRAEFATIO.

163 396 398 460 qu‘oque
429 383 700 443 Bekkero
723 387 1077 460 'nuperrime
1107 386 1372 445 tradidit.
1383 380 1449 463 ²¹²)
1533 384 1715 444 Pauci
1747 399 2009 446 tantum-

160 482 340 538 modo
377 486 755 558 reperiuntur
789 485 936 554 loci,
1003 486 1110 542 uhi
1143 480 1509 542 Niebuhrius
1546 487 1621 542 ab
1656 482 2010 560 Schluttigio

161 578 460 650 dissentit,
491 582 823 639 cuiusmodi
850 582 1215 639 diversitates
1237 583 1391 638 infra
1418 582 1719 657 adscripsi.
1733 576 1830 659 Η)
1891 581 2010 640 Co-

215 815 262 874 *)
302 816 436 861 Unus
469 819 658 863 sortasse
680 819 1021 863 Klossmannus,
1042 818 1098 860 de
1132 819 1238 861 cod.
1266 818 1530 876 praestantia
1567 819 1811 870 dubitavit,
1850 821 1927 879 qui
1962 820 2010 864 in

275 885 544 940 prolegom.
570 890 618 930 in
628 890 760 933 Dial.
778 891 836 930 de
858 888 1123 929 oratoribus
1144 889 1282 929 claris
1304 889 1387 942 qui
1396 887 1556 930 Tacito
1577 892 1713 945 vulgo
1735 880 2012 934 adscribitur

275 955 479 1010 (Vratisl.
508 959 651 1015 1819.)
685 977 728 1015 p.
753 960 794 1002 6.
829 956 1105 1000 contendere
1138 973 1270 1000 ausus
1304 965 1394 1000 est:
1431 958 1590 1014 „Cod.
1616 961 1796 1006 Fax-nes.
1828 977 1909 1019 per
1941 970 2010 1005 to·

267 1034 368 1069 tum
390 1026 593 1073 libellum
623 1032 775 1072 minor
802 1037 866 1072 est
893 1026 1055 1070 fides.”

385 1146 463 1205 **)
497 1147 716 1194 Niebuhr.
1388 1148 1627 1208 Schluttig.

211 1258 323 1303 CAP.
337 1259 377 1302 5.
445 1261 668 1303 societate
683 1262 893 1317 plurium
1111 1260 1338 1302 societate
1366 1261 1627 1314 plurimum
1833 1315 1835 1317 -

328 1331 372 1376 7.
444 1333 653 1376 illustres
675 1341 720 1375 et
745 1334 795 1376 in
818 1335 929 1375 urbe
950 1345 1057 1374 nos·
1116 1333 1322 1374 illustres
1343 1338 1388 1373 et
1409 1332 1458 1373 in
1479 1332 1593 1373 ur'be
1613 1344 1712 1374 non
1737 1334 1896 1376 solum

509 1406 624 1445 dum

337 1474 381 1518 8.
443 1475 692 1529 proprium
1118 1487 1141 1513 e
1159 1468 1409 1523 proprium

443 1549 489 1583 et
510 1543 657 1583 donec
1111 1543 1259 1581 donec
1316 1591 1318 1594 Ι

437 1613 630 1654 ineunte
653 1618 809 1653 aetate
1108 1612 1268 1653 ineun.
1293 1614 1450 1658 aetate

321 1684 366 1728 9.
433 1685 650 1738 genium,
693 1681 814 1738 quod
839 1681 1053 1725 dubitan-
1112 1680 1355 1734 ingenium

499 1762 568 1796 ter
594 1752 746 1811 posuit
772 1750 915 1793 Bekk.

323 1828 393 1872 11.
429 1834 612 1882 parant
650 1826 774 1867 enim
807 1825 915 1879 quid
954 1837 1053 1865 non
1109 1828 1289 1874 parant
1311 1821 1435 1862 enim
1459 1820 1567 1876 quid
1591 1834 1666 1861 me

439 1898 627 1941 Vatinii
647 1900 663 1951 (
677 1898 725 1952 ἓ)
1116 1892 1331 1934 vaticinii

440 1976 485 2011 et
512 1968 651 2011 hodie
1115 1979 1208 2005 om.
1235 1959 1388 2018 copul.

329 2037 399 2079 12.
448 2052 579 2079 more
1118 2034 1301 2075 maiore

329 2109 400 2153 13.
444 2118 680 2154 secretum
1117 2106 1325 2161 quietum

333 2179 403 2224 14.
447 2180 675 2221 urbanius
1118 2174 1329 2215 vibanius

441 2249 716 2292 eruditionis
1116 2244 1396 2286 eruditiones

334 2319 405 2364 16.
447 2326 677 2362 tercentos
743 2340 746 2350 =
976 2316 979 2318 ’
1115 2321 1349 2356 trecentos

329 2389 401 2433 17.
446 2389 677 2434 ascribitis
1117 2384 1385 2427 adscribitis

438 2467 484 2502 et
508 2464 693 2515 quidem
1115 2465 1158 2498 et
1187 2454 1374 2510 quidem
1401 2462 1445 2495 et

328 2528 401 2571 19.
443 2530 626 2572 videtur
650 2547 688 2574 s.
714 2531 958 2573 videretur
1119 2525 1306 2567 videtur

1058 2603 1063 2607 “
1320 2597 1348 2635 b

326 2653 400 2695 20.
443 2657 737 2709 exspectabit
1121 2652 1386 2707 expectavit

336 2722 412 2766 21.
457 2724 569 2764 actii
1119 2722 1229 2764 Atti

438 2795 536 2836 siue
556 2795 603 2836 in
626 2795 854 2838 uniuersa
1006 2827 1014 2837 .
1119 2794 1209 2835 siue
1238 2792 1459 2834 universa

327 2862 401 2905 25.
444 2877 673 2906 consessu
1120 2876 1337 2905 concessu

442 2931 509 2973 sic
535 2929 607 2975 vel
632 2932 675 2973 si
697 2946 806 2974 vere
1122 2933 1166 2973 si
1187 2945 1293 2972 vere

333 3000 407 3045 26.
448 3001 568 3058 sicut
593 3003 661 3045 bis
1118 3002 1231 3043 sicut
1251 3002 1320 3044 his

449 3077 612 3114 tenere
1121 3078 1300 3115 temere

332 3140 409 3185 27.
456 3145 647 3198 quidem
1124 3142 1338 3196 equidem

333 3214 406 3257 29.
451 3216 576 3257 vires
600 3230 735 3274 supra
761 3230 846 3259 scr.
1123 3214 1253 3256 viros

325 3287 401 3331 31.
446 3289 726 3344 geometrice
1125 3295 1170 3330 et
1196 3290 1474 3341 geometrice

329 3357 402 3401 32.
447 3360 592 3401 etiam
606 3360 836 3414 fateatur
1124 3372 1221 3401 esse
1237 3360 1463 3414 fateatur

335 3425 409 3471 33.
451 3435 700 3469 oratorum
1128 3435 1413 3471 ornatorum

328 3495 402 3540 38.
446 3498 536 3540 erit
561 3497 684 3541 deest
1115 3498 1262 3540 immo
1308 3500 1530 3559 scriptum
1567 3511 1632 3548 est
1674 3507 1743 3551 ita
1778 3513 1869 3554 erit
1903 3515 2018 3570 eloq.

331 3566 401 3612 41.
442 3583 499 3613 ac
523 3577 707 3612 vestras
1123 3586 1179 3614 ac
1203 3579 1363 3614 vestra
