2150 4022
225 233 308 294 64
555 230 634 325 Ue.
691 176 1248 296 coR‘NELms
1310 230 1736 313 TACITUS
1810 176 1823 187 .

225 365 413 423 duum
435 373 492 420 et
514 371 827 437 operosum
846 357 1134 420 honorem
1148 407 1166 434 ,
1190 373 1258 421 ut
1277 381 1522 436 gravem»
1538 364 1857 456 d‘ffunctis⁹
1878 379 2078 445 aspa·-

224 460 461 509 nanmr.
545 446 832 504 Lamenta
855 466 921 504 ac
941 447 1210 505 lacrimas
1235 449 1379 518 cite,
1406 444 1672 522 dolorem
1696 462 1755 510 et
1773 453 1931 524 ,tristi
1957 455 2077 512 i'am

225 535 390 593 tarde
424 542 676 608 ponunt.
738 532 998 590 -feminis
1031 533 1231 607 lugere
1265 528 1578 590 honestum
1613 545 1730 605 est3
1783 538 1926 596 viris
1948 559 2076 597 me·-

222 619 481 678 minisse.
563 615 726 688 Haec
760 618 824 675 in
862 637 1173 693 commune
1216 618 1292 675 de
1327 619 1598 676 omnium
1638 618 2077 701 Germanorum

226 705 453 781 origine
497 722 563 758 ac
600 703 867 770 moribus
901 703 1247 778 accepimuS.
1333 723 1492 760 nunc
1533 704 1898 778 singularum
1933 728 2078 783 gen-

223 791 374 847 tium
400 787 666 868 instituta
690 788 993 864 ritusque,
1031 799 1319 865 quatenus
1348 788 1658 859 differant,
1708 812 1858 867 quae
1881 794 2076 852 natio-

214 895 327 950 -nes
356 894 385 930 e
407 870 728 931 Germania
758 874 822 930 in
849 872 1077 930 Gallias
1106 873 1620 947 commigraverint
1650 878 1971 952 expediam.

391 1020 676 1085 XXVIII.
747 1021 1082 1079 Validiores
1148 1022 1294 1079 olim
1357 1021 1671 1082 Gallorum
1725 1047 1819 1084 res
1878 1027 2076 1101 fuisse,

215 1115 486 1170 'summus
527 1120 833 1166 auctorum
871 1100 1042 1165 divus
1080 1105 1266 1166 Iulius
1301 1110 1511 1167 tradit:
1573 1131 1759 1191 eoque
1795 1114 2076 1173 credibile

217 1202 306 1255 vest
330 1197 507 1253 etiam
533 1192 740 1251 Gallos
765 1193 827 1248 in
856 1191 1238 1250 Germaniam
1262 1206 1668 1268 transgressos,
1722 1198 2076 1275 quantulum

221 1283 380 1341 enim
405 1280 597 1337 amnis
625 1279 925 1347 obstabat,
970 1300 1087 1355 quo
1114 1279 1344 1350 minus,
1385 1292 1453 1337 ut
1476 1302 1739 1358 quaeque
1771 1302 1911 1356 gens
1940 1303 2081 1363 eva:

220 1370 437 1436 luerat,
490 1375 800 1439 occuparet
826 1375 1299 1439 permutaretque
1329 1366 1534 1442 sedes2
1575 1367 1938 1441 promiscuas
1969 1370 2077 1433 acl-

219 1450 337 1511 huc
375 1464 431 1509 et
464 1450 631 1506 nulla
664 1468 982 1526 regqorum
1017 1450 1277 1525 potentia
1317 1451 1613 1507 diversas?
1699 1451 1887 1527 Igitur
1920 1454 2078 1522 inter

220 1537 578 1616 Hercyniam
615 1535 823 1592 silvam
849 1529 1251 1613 Rhenumque
1290 1546 1346 1592 et
1373 1534 1665 1595 Moenum
1704 1559 1904 1618 arnnes
1928 1537 2076 1596 Hel-

278 1801 543 1845 operosum.
603 1786 679 1830 Sic
700 1786 801 1830 MS.
828 1786 991 1842 stutig.
1012 1786 1116 1831 edd.

218 1847 361 1894 Paris.
392 1844 599 1888 Norimb.
627 1843 795 1889 Vienn.
830 1844 966 1887 Rom.
1001 1843 1115 1886 Rhe-

221 1921 327 1950 nan.
351 1903 516 1960 (1533.)
537 1901 639 1946 Ald.
661 1917 758 1959 sqq.
789 1927 841 1937 ——
867 1914 1115 1956 peropero-

220 1976 330 2006 sum
376 1961 480 2005 MS.
520 1959 632 2002 Tur.
676 1959 776 2003 edd.
821 1959 939 2016 Spir.
982 1959 1114 2002 Rath.

208 2019 326 2064 ·edd.
350 2018 454 2062 Put.
478 2018 545 2061 M.
573 2026 616 2060 et
629 2015 684 2058 V.
703 2015 889 2060 Monac.
905 2015 1112 2060 Beroald.

220 2073 734 2130 Alc.Rheuan.(1519.),
757 2074 892 2130 idque
915 2073 1117 2132 placebat

219 2134 422 2178 Heinsio.
484 2132 544 2178 cf.
582 2141 678 2175 not.
718 2132 770 2174 ad
807 2134 895 2179 An,
941 2133 1009 2180 12,
1043 2131 1114 2175 26.

220 2194 303 2237 sub
323 2206 503 2250 vv3per
525 2191 869 2244 intempestiva.

1187 1787 1239 1831 ad
1270 1787 1561 1839 pass—ovium,
1592 1796 1635 1830 et
1656 1803 1799 1844 nuper
1821 1787 2011 1832 Bekker.
2033 1796 2077 1832 et

1187 1845 1384 1889 Walch.
1448 1846 1517 1889 De
1545 1845 1679 1889 MSS.
1710 1845 1881 1889 Vatice.
1912 1847 2076 1889 Brote-

1186 1904 1279 1946 rius
1339 1911 1454 1946 tacet
1475 1936 1488 1955 ,
1561 1903 1669 1946 dum
1731 1903 1821 1946 edit
1882 1904 2076 1949 divisas.

1186 1961 1445 2017 Utrumque
1470 1962 1656 2004 verbum
1681 1959 1784 2004 loco
1806 1976 1902 2004 esse
1923 1969 2078 2018 aptum

1186 2034 1281 2061 non
1318 2018 1492 2062 dubito.
1554 2017 1616 2062 cf.
1643 2018 1733 2062 An.
1755 2019 1798 2069 2,
1819 2018 1890 2074 69.
1923 2020 2077 2062 diver·

1185 2090 1290 2119 sum
1325 2090 1471 2121 mare.
1531 2074 1638 2119 Vid.
1675 2075 1735 2118 ib.
1769 2083 1864 2120 not.
1920 2073 2078 2121 Usila-

1187 2134 1276 2176 tius
1315 2133 1369 2176 de
1405 2132 1482 2175 tali
1509 2149 1556 2176 re
1594 2141 1659 2176 est
1693 2133 1894 2177 divz‘sus:
1939 2149 2085 2196 quat-e¹

1186 2190 1275 2234 hoc
1326 2190 1505 2234 videtur
1557 2189 1752 2248 speciem
1806 2191 2080 2251 interpreta-

276 2284 329 2320 υἱ
360 2289 566 2330 gravem.
626 2273 741 2317 Edd.
775 2271 984 2316 Beroald.
1018 2273 1115 2319 Ale.

216 2333 370 2380 vitel).
394 2338 439 2375 et
457 2347 673 2391 gravem,
700 2346 937 2389 operarum
961 2331 1083 2374 vitio.

271 2423 470 2474 ponunt.
549 2414 654 2460 MS.
701 2413 918 2459 Arundel.
967 2417 1114 2470 depo-

217 2485 350 2522 nunt.

273 2562 386 2602 haec
423 2558 473 2599 in
508 2571 757 2599 commune
790 2559 849 2599 de
884 2558 1114 2599 omnium.

215 2617 319 2660 MS.
341 2616 505 2672 stuttg.
531 2615 628 2659 Hec
648 2617 695 2658 in
715 2618 953 2658 communi
968 2617 1098 2657 omni
1103 2648 1109 2656 .

216 2674 302 2717 EA.
330 2673 472 2715 Paris.
500 2673 630 2715 etiam
664 2674 714 2714 in
745 2675 993 2715 comnmni.
1054 2672 1113 2717 cf.

217 2739 313 2774 not.
340 2730 395 2774 ad
419 2729 530 2772 Hist.
559 2732 592 2781 1,
612 2731 703 2780 25..
747 2730 824 2773 ubi
858 2731 1011 2774 eadem
1047 2739 1117 2774 cst

216 2788 467 2846 scripturae
495 2787 699 2831 varietas.

277 2889 391 2937 CAP.
434 2887 504 2931 28.
571 2889 707 2930 divus
751 2858 902 2931 Iulius
952 2891 1111 2931 tradit.

217 2946 277 2993 cf.
305 2947 431 2993 Caes.
454 2945 507 2988 Β.
536 2943 595 2990 G.
620 2945 661 2996 6,
683 2945 757 2989 24.

272 3049 496 3090 diversas.
557 3044 635 3089 Sic
665 3044 802 3088 MSS.
835 3046 944 3089 Tur.
980 3046 1112 3088 Bam-

216 3107 342 3163 berg.
368 3105 488 3157 (test.
511 3101 679 3160 Lipsio)
710 3102 810 3145 edd.
837 3104 957 3161 Spir.
980 3103 1112 3146 Kath.

214 3162 319 3205 Put.
346 3160 414 3203 M.
440 3168 481 3203 et
508 3159 563 3204 V.
591 3159 798 3203 Beroald.
827 3162 928 3204 Alc.
963 3160 1107 3204 Rhen.

216 3220 382 3276 (1519.)
405 3216 551 3261 Viteb.
575 3217 755 3261 Passov.
780 3215 980 3262 Hess.'l.
1040 3217 1109 3260 De

217 3277 319 3321 MS.
363 3276 634 3320 Farnesiano
681 3274 921 3317 Passovins
973 3276 1109 3318 salsus

216 3342 304 3379 est:
342 3349 447 3376 nam
470 3332 642 3390 Lipsius
673 3330 728 3374 de
759 3347 813 3374 eo
836 3331 950 3375 libro
982 3342 1109 3383 tacet,

216 3407 365 3449 neque
406 3392 639 3439 tacuisset,
685 3390 719 3430 si
752 3388 1006 3432 rescivisset
1048 3390 1108 3432 ibi

217 3465 310 3492 esse
330 3450 559 3492 diversas-
594 3471 644 3479 -
704 3446 879 3488 divisas
902 3446 1107 3490 edd.Pa-

217 3505 293 3548 ris.
337 3505 467 3548 Rom.
507 3503 791 3560 Nox-imberg.
839 3502 1002 3547 Alciat.
1041 3505 1105 3559 (in

217 3562 439 3622 margine)
462 3562 669 3606 Rhenan.
692 3560 857 3617 (1533.)
881 3561 980 3605 Am.
1008 3578 1103 3619 sqq.

1188 2249 1327 2290 menti
1348 2264 1456 2306 prae
1483 2264 1528 2291 se
1551 2247 1686 2293 ferre.

1247 2332 1541 2386 Hercyniam.
1604 2331 1679 2375 Sic
1706 2331 1809 2375 MS.
1832 2331 1943 2378 Tur.
1972 2333 2075 2378 edd..

1187 2389 1307 2448 Spir.
1342 2389 1475 2431 Kath.
1509 2389 1612 2432 Pul.
1644 2405 1741 2448 sqq.
1791 2413 1851 2424 -
1918 2390 2076 2435 Hirci..

1186 2450 1321 2489 niam
1350 2446 1449 2489 MS.
1475 2446 1641 2504 Stung.
1690 2470 1749 2479 —-
1804 2447 2079 2495 Hercimkzm

1188 2504 1292 2548 edd.
1330 2504 1478 2548 Viteb.
1513 2503 1729 2548 Melanth.
1789 2505 1848 2549 cf.
1890 2515 1985 2551 not.
2019 2507 2076 2551 ad

1187 2564 1279 2605 An.
1298 2562 1340 2612 2,
1360 2561 1431 2604 45.

1242 2646 1480 2690 Moenum.
1572 2643 1648 2688 Sic
1700 2643 1838 2689 MSS.
1892 2646 2075 2693 Far-nes.

1183 2702 1410 2748 Hummel.
1437 2702 1622 2758 Longol.
1649 2701 1813 2761 Stuitg.
1845 2702 1943 2747 edd.
1976 2704 2073 2748 No-

1184 2763 1318 2805 rimb.
1343 2761 1477 2802 Rom.
1507 2758 1722 2802 Melanth.
1750 2761 1868 2818 Lips.
1888 2777 1988 2820 sqq.
2018 2785 2075 2797 -·

1184 2820 1377 2862 Aletium
1398 2817 1464 2860 ed.
1480 2816 1620 2860 Paris.
1648 2841 1699 2852 —
1747 2817 1948 2863 Moem’m
1970 2820 2072 2864 MS.

1186 2874 1403 2920 Arundel.
1428 2874 1568 2918 Rhen.
1585 2874 1749 2931 (1533.)
1762 2874 1869 2919 Ald.
1889 2876 2071 2935 Micyll.

1185 2934 1243 2976 cf.
1266 2932 1493 2988 Pompon.
1511 2932 1630 2975 Mela
1644 2932 1683 2982 3,
1699 2933 1741 2976 5.
1774 2955 1832 2966 -—
1892 2935 2076 2979 Moem'n

1183 2990 1252 3034 ed.
1287 2989 1450 3031 vienn.
1503 3013 1558 3022 —
1625 2990 1783 3032 Moem'
1817 2990 1920 3033 edd.
1949 2991 2072 3050 Spir.

1182 3047 1285 3090 Put.
1323 3046 1393 3090 M.
1426 3055 1466 3089 et
1489 3046 1544 3089 V.
1577 3046 1706 3091 Mon.
1741 3047 1949 3092 Beroald.
1975 3049 2075 3094 Ale.

1184 3104 1526 3159 Rl1en.(1519.).
1558 3129 1612 3137 —
1660 3104 1944 3150 MoemiMS.
1958 3107 2072 3151 Tur.

1182 3162 1253 3205 ed.
1265 3161 1401 3206 Ka1h.
1429 3190 1488 3198 —
1547 3160 1616 3204 De
1631 3161 1763 3205 MSS.
1777 3160 1946 3207 Vatiec.
1961 3164 2073 3208 Bro-

1181 3219 1317 3262 terius
1348 3227 1477 3262 tacet.
1509 3242 1561 3252 —-
1621 3217 1867 3264 Schwartz.
1895 3220 1942 3263 in
1968 3221 2071 3266 Act.

1181 3275 1355 3319 Erudit.
1379 3277 1498 3334 Lips.
1524 3277 1649 3319 1711.
1682 3292 1725 3333 p.
1749 3276 1822 3319 27.
1857 3279 2071 3322 emenda-

1183 3334 1256 3376 bat
1279 3333 1484 3385 Ocnum,
1520 3334 1616 3376 Lon
1651 3335 1767 3376 olins
1797 3333 2073 3387 Lemonum,

1183 3390 1284 3448 quia
1321 3391 1514 3433 llffoenus
1549 3392 1602 3434 ab
1682 3390 1853 3435 elvetiis
1893 3391 2074 3436 videtur

1180 3448 1351 3490 alienus
1387 3464 1496 3491 esse.
1570 3447 1778 3506 Longolii
1813 3448 2072 3493 coniectura

1182 3504 1402 3547 Oberlino
1447 3506 1688 3563 probabilis
1727 3511 1820 3548 erat
1852 3506 1910 3549 ob
1945 3506 2074 3552 Caes.

1182 3563 1231 3605 B.
1257 3561 1314 3605 G.
1342 3564 1378 3610 l,
1401 3562 1444 3605 2.
1495 3590 1550 3598 —-
1602 3562 1762 3607 &Etiam
1797 3563 1896 3607 viro
1935 3565 2071 3608 docto
