2150 4022
407 206 533 271 DE.
573 176 1113 266 GERMANIA
1148 194 1354 277 ‚CAR
1386 207 1490 266 20.
1523 207 1625 263 21.

1853 203 1935 264 51

96 342 485 419 artioremque
507 333 682 408 ¹hunc
717 354 934 391 nexum
973 334 1274 406 sanguinis
1317 334 1710 402 arbitrantur,
1779 344 1837 391 et
1873 335 1936 390 in

94 423 446 501 accifiiendis
472 415 778 479 obsidibus
800 419 985 493 magis
1009 418 1272 491 exigunt:
1314 431 1597 497 tanquam
1633 419 1678 475 ii
1713 429 1771 475 et
1809 419 1940 474 ani-

95 531 258 569 mum
282 509 505 566 firmius
531 518 588 563 et
613 506 859 561 domum
881 504 1057 560 latius
1095 514 1353 563 teneant.

1438 503 1701 561 Heredes
1739 514 1938 560 tamen

97 612 567 669 successoresque
608 592 700 647 sui
737 590 950 665 cuique
986 588 1191 645 liberi:
1261 600 1319 645 et
1354 590 1588 646 nullum
1626 599 1941 650 testamen-

93 691 240 737 tum.

339 679 390 735 si
426 678 600 734 liberi
635 695 761 732 non
794 686 961 744 sunt,
1015 671 1319 748 proximus
1358 677 1571 747 gradus
1610 675 1676 731 in
1710 693 1940 749 posses-

93 761 258 823 sione
293 766 529 833 fratreS‚
571 761 799 838 patrui,
844 758 1140 816 avunculi.

1241 755 1482 831 Quanto
1518 761 1652 835 plus
1689 758 1940 834 propin-

94 870 380 926 quorum,
424 869 540 924 quo
566 847 758 903 maior
783 845 1068 902 adfinium
1092 858 1401 912 numeru5‚
1440 855 1602 902 tanto
1631 844 1943 919 gratiosior

93 947 387 1003 senectUS,
429 953 536 990 nec
561 933 685 989 ulla
711 930 979 988 orbitatis
1007 929 1213 1004 pretia.

263 1017 427 1076 XXI.

29 1158 32 1159 a
94 1105 417 1181 propinqui
456 1124 629 1179 quam
667 1101 951 1159 amicitias
988 1118 1219 1155 necesse
1258 1109 1357 1157 est.

152 1309 476 1364 artioremque.
571 1307 649 1351 Sic
691 1306 792 1350 edd.
835 1306 979 1349 Paris.

91 1366 214 1425 Lips,
250 1365 434 1410 Pichen.
467 1364 649 1409 Gruter.
682 1381 700 1420 s
737 1381 779 1422 q.
813 1373 855 1407 et
888 1380 980 1407 nu-

93 1440 175 1482 per
222 1421 432 1467 Bekkeri.
487 1447 544 1457 —-
643 1421 715 1464 Vu
737 1438 793 1479 go
855 1438 980 1464 nunc

92 1482 232 1526 edunt
265 1482 632 1537 arctioremque,
679 1479 802 1537 quod
843 1487 980 1522 exstat

91 1541 139 1584 in
170 1539 275 1583 edd.
300 1538 419 1595 Spir.
441 1538 544 1581 Put.
571 1537 780 1582 Beroald.
811 1536 978 1580 Aleia!-

92 1597 238 1641 Rhen.
271 1611 373 1654 sqq.
404 1596 458 1638 ad
494 1596 714 1654 Lipsium.
797 1593 885 1638 Sed
922 1594 982 1637 cf.

94 1663 191 1698 not.
216 1653 272 1697 ad
292 1655 384 1696 An.
406 1654 449 1705 2,
472 1653 543 1696 66.

150 1713 268 1754 hunc
307 1725 485 1751 nexum
529 1710 780 1764 sanguinis.
877 1708 981 1752 MS.

289 1769 413 1809 hunc

95 1822 259 1879 Stuttg.
277 1827 417 1866 habet
436 1826 783 1880 sanguinisque.

153 1882 394 1924 obsidibus.
473 1881 572 1926 MS.
615 1882 804 1938 Longol.
855 1882 981 1924 obsi-

93 1942 210 1989 diis,
240 1939 360 1997 quod
391 1937 604 1983 damnant
637 1939 904 1995 interpretes
938 1946 982 1982 et

93 1997 329 2043 adfirmant
366 1996 551 2038 obsidiis
594 2012 688 2039 esse
728 1997 979 2038 obsidione.

94 2055 182 2100 Sed
203 2053 360 2097 Tacito
382 2052 472 2097 An.
497 2055 563 2105 11,
589 2056 657 2097 10.
686 2055 863 2096 obsidio
887 2058 978 2095 da>-

94 2120 170 2155 tus
194 2119 258 2155 est
281 2111 424 2158 obses,
445 2126 539 2153 nec
559 2111 769 2154 abhorret
791 2111 866 2153 illa
891 2128 978 2154 me·

93 2169 279 2228 taphora
316 2185 340 2210 a
372 2168 594 2211 scribendi
627 2184 791 2225 genere
819 2168 979 2212 Taciti.

94 2227 173 2270 Sic
184 2227 274 2270 An.
299 2226 366 2274 12,
388 2226 460 2270 65.
485 2227 747 2279 coniugium
769 2242 853 2283 pro
875 2243 981 2269 eon.

93 2283 221 2341 iuge;
270 2282 339 2334 14,'
354 2282 429 2327 39.
467 2283 533 2335 16,
553 2284 594 2327 2.
617 2284 866 2336 remigium
897 2299 980 2341 pro

93 2340 366 2398 remigibus;
399 2341 464 2390 14,
487 2342 529 2383 6.
558 2342 754 2383 servitia
777 2357 860 2399 pro
894 2358 982 2383 ser-

95 2397 189 2450 vis3
235 2397 346 2440 Hist.
371 2398 412 2449 2,
427 2397 501 2442 45.
518 2413 649 2440 mors
663 2414 748 2455 pro
767 2398 985 2451 mortuis3

94 2455 138 2507 4,
150 2456 200 2497 71
210 2486 221 2498 .
235 2457 440 2498 delectus
450 2470 532 2511 pro
548 2454 730 2498 delectis
743 2454 959 2498 militibus
972 2472 985 2508 ;

94 2516 188 2557 An.
204 2512 243 2560 ἓ,
260 2511 325 2554 13.
340 2512 643 2561 matrimonia
657 2527 738 2569 pro
756 2513 984 2560 uxoribus,

96 2570 272 2628 aliaque
294 2569 338 2612 id
366 2585 504 2626 genus
527 2570 681 2612 multa.

154 2627 305 2681 magis
337 2627 553 2679 exigunt.
626 2626 729 2671 MS.
761 2626 984 2671 Arundel.

55 2707 57 2709 ·
98 2685 311 2727 maxime
334 2686 544 2736 exigunt.

155 2750 385 2796 tanquam·
406 2743 442 2784 ii
470 2749 516 2784 et
537 2741 749 2783 animum
771 2750 853 2786 etc.
910 2742 987 2786 Sic

98 2799 202 2843 edd.
235 2797 433 2842 Rhenan.
461 2799 626 2854 (1533.)
656 2799 760 2842 Ald.
798 2815 894 2858 sqq.
927 2822 986 2832 --

98 2864 324 2911 tanquam
366 2863 410 2898 et
444 2857 481 2899 ii
506 2858 721 2898 animum
753 2866 837 2901 etc.
879 2857 982 2901 edd.

100 2912 260 2957 Aleiat.
294 2911 441 2956 Viteb.
482 2937 539 2946 —
599 2914 827 2969 tanquam
862 2923 905 2957 et
937 2915 985 2957 in

97 2971 311 3011 animum
344 2978 430 3013 etc.
475 2971 606 3014 MSS.
645 2970 754 3013 Tur.
789 2971 983 3030 Longol.

99 3026 326 3069 Hunimei.
355 3027 518 3084 stuttg.
563 3028 664 3072 edd.
700 3028 819 3086 Spir.
852 3028 986 3072 Kath.

97 3083 202 3127 Put.
228 3083 294 3126 Μ.
318 3092 360 3126 et
385 3082 441 3128 V.
465 3085 648 3129 Monac.
676 3085 884 3128 Norimb.
906 3087 986 3128 Be-

98 3139 244 3184 roald.
267 3139 399 3183 Rom.
419 3141 556 3201 Rhag.
581 3142 783 3186 Rhenan.
803 3144 985 3198 (1519.).

100 3221 158 3230 —
191 3205 419 3253 tanquam
455 3208 499 3242 et
537 3202 751 3243 animum
784 3209 871 3244 etc.
915 3202 986 3244 ed.

101 3253 266 3297 Vienn.
342 3255 412 3298 De
445 3258 618 3301 Vatiae.
655 3258 886 3300 Broterius
923 3266 985 3301 ta·

101 3320 186 3355 cet.
261 3312 524 3369 Saepissime
553 3316 599 3357 in
630 3322 672 3357 et
706 3317 744 3356 ii
769 3315 987 3359 confundi

101 3366 149 3410 in
177 3376 285 3411 vett.
305 3370 430 3413 libris
457 3372 643 3414 vidimus
665 3372 753 3415 An.
781 3375 818 3421 1,
840 3373 922 3416 28.
946 3380 988 3414 et

102 3422 216 3468 Hist.
246 3424 286 3476 3,
310 3427 379 3470 82.
449 3427 513 3470 Ita
547 3431 596 3470 in
629 3438 671 3472 et
708 3431 758 3471 hi
788 3429 985 3473 confun-

106 3480 272 3526 duntur
308 3483 420 3527 Hist.
461 3488 498 3535 1,
526 3485 595 3527 76.
680 3486 886 3531 Fortasse
938 3487 991 3527 hi

107 3552 187 3594 pro
211 3540 244 3580 ii
261 3541 422 3584 rectius
444 3558 490 3585 se
509 3542 682 3586 habebit
701 3554 855 3588 nostro
869 3545 986 3586 loco.

520 1017 828 1092 Suscipere
877 1026 996 1072 tam
1051 1013 1389 1070 inimicitias
1442 1033 1545 1070 seu
1599 1013 1779 1087 patris
1838 1034 1941 1070 seu

1455 1119 1562 1154 nec
1597 1099 1676 1153 im
1682 1098 1940 1173 placabi-

1592 1304 1676 1347 Ed.
1717 1303 1942 1348 Dithmar.

1050 1362 1098 1404 in
1117 1362 1421 1414 successione,
1447 1361 1569 1419 quod
1594 1361 1719 1405 nulla
1741 1370 1942 1405 veterum

1050 1418 1280 1462 librorum
1320 1419 1582 1464 auctoritate
1621 1419 1794 1464 nititur.
1874 1419 1944 1461 De

1051 1476 1276 1520 vocabulo
1296 1478 1525 1531 possessio
1559 1476 1617 1520 ef.
1646 1485 1742 1520 not.
1767 1477 1823 1520 ad
1848 1477 1943 1521 An.

1051 1537 1093 1586 2,
1118 1535 1184 1585 5.‚
1235 1536 1352 1576 unde
1386 1534 1654 1591 intelligitur
1685 1537 1944 1587 possessio-

1053 1592 1128 1634 nis
1162 1591 1434 1635 vocabulum
1477 1591 1596 1634 idem
1639 1591 1712 1636 hic
1750 1590 1943 1638 efficere,

1055 1649 1176 1707 quod
1223 1648 1485 1692 Dithmarus
1535 1649 1714 1692 volebat
1762 1662 1942 1691 succes-

1052 1709 1184 1749 sione
1215 1706 1547 1750 substituendo.
1633 1724 1636 1731 ¹

1109 1778 1344 1820 avunculi.
1401 1775 1485 1818 Ed.
1510 1771 1905 1822 Paris.'av0ncuzi.

1109 1867 1197 1908 quo
1222 1851 1390 1892 rtzaior.
1448 1848 1585 1892 MSS.
1611 1848 1778 1905 Stuttg.
1803 1847 1944 1891 Hum-

1053 1908 1158 1952 mel.
1184 1915 1226 1950 et
1249 1907 1318 1950 ed.
1343 1906 1552 1950 Norimb.
1575 1914 1710 1948 tanto
1733 1907 1900 1950 maior.

1109 1984 1375 2038 gratiosior.
1424 1979 1500 2023 Sic
1510 1978 1644 2022 MSS.
1658 1978 1802 2022 Vatia.
1819 1977 1945 2022 1518.

1052 2045 1217 2100 Stuug.
1255 2039 1463 2095 (fortasse
1497 2043 1540 2079 et
1573 2036 1813 2092 Arundel.)
1847 2036 1946 2080 edd.

1051 2102 1190 2146 Rom.
1229 2096 1437 2141 Norimb.
1471 2093 1615 2137 Rhen.
1643 2093 1806 2150 (1533.)
1836 2093 1941 2136 Ald.

1051 2174 1148 2216 sqq.
1208 2156 1363 2199 Recte.
1423 2150 1945 2196 cf.Sueton.Oth.vc.2.

1051 2216 1318 2259 libertinam
1387 2211 1591 2252 aulicam
1664 2209 1943 2263 gratiosam.

1051 2273 1174 2318 Ptin.
1215 2287 1285 2330 ep.
1330 2268 1371 2317 3,
1402 2269 1475 2310 20.
1511 2267 1715 2321 gratiosi
1737 2281 1947 2320 praeva-

1053 2336 1168 2374 lent.
1251 2328 1392 2386 [gitur
1430 2324 1683 2378 gratiosior
1727 2330 1946 2365 senectus

1054 2397 1119 2433 est
1159 2402 1271 2446 quae
1309 2384 1501 2427 multum
1546 2381 1677 2423 habet
1720 2379 1941 2423 favorem.

1052 2474 1112 2483 --
1139 2444 1328 2499 gratior
1360 2439 1496 2484 MSS.
1526 2437 1700 2481 Vaticc.
1733 2437 1860 2480 2964.
1903 2445 1947 2479 et

1053 2503 1184 2547 4498.
1222 2501 1333 2543 Tur.
1388 2494 1618 2540 Hummel.
1679 2494 1781 2537 edd.
1823 2493 1942 2552 Spir.

1055 2560 1186 2606 Kath.
1209 2559 1314 2602 Put.
1336 2555 1404 2598 M.
1429 2563 1471 2597 et
1495 2553 1552 2596 V.
1586 2550 1728 2596 Paris.
1756 2551 1944 2595 Monac.

1058 2619 1222 2661 Vienn.
1237 2612 1496 2658 Ber.Rhen.
1512 2609 1673 2666 (1519.)
1689 2609 1781 2663 (sed
1796 2617 1946 2652 tamen

1055 2678 1165 2720 haec
1193 2675 1241 2716 in
1272 2669 1474 2728 margine
1503 2668 1775 2723 gratiosior)
1795 2664 1944 2709 Viteb.

1055 2736 1175 2778 Ante
1229 2730 1415 2785 gratior
1466 2727 1548 2782 ed.)
1581 2723 1722 2767 Paris.
1781 2722 1947 2766 omittit

1057 2799 1205 2835 tanto.
1259 2785 1322 2831 cf.
1347 2786 1432 2828 An.
1454 2785 1496 2842 2,
1521 2782 1561 2826 5.
1585 2789 1759 2838 quanto
1789 2783 1942 2823 acrio-

1056 2866 1114 2894 ra
1138 2849 1185 2890 in
1208 2860 1313 2888 eum
1334 2845 1490 2887 studia
1509 2842 1711 2884 militum
1734 2846 1779 2880 et
1803 2851 1947 2892 aver-—

1055 2925 1111 2952 sa
1158 2901 1324 2960 patrui
1362 2903 1606 2949 voluntas,
1673 2898 1947 2938 celerandae

1057 2964 1277 3008 victoriae
1299 2959 1521 3002 intentior
1544 2965 1655 3006 etc.;
1683 2951 1805 3004 3,43.
1821 2954 1947 3004 apud

1057 3025 1246 3066 Aeduos
1318 3016 1476 3059 maior
1533 3015 1683 3055 moles
1744 3017 1946 3056 exorta,

1057 3084 1236 3137 quanto
1258 3082 1343 3118 etc.

1112 3167 1194 3196 nec
1228 3151 1340 3192 ulla.
1398 3145 1491 3189 Pro
1524 3158 1608 3186 nec
1645 3142 1749 3201 MS.
1783 3139 1948 3196 Stuug.

1055 3210 1229 3253 exhibet
1251 3221 1328 3251 ne.
1823 3228 1826 3232 ·

1118 3292 1231 3337 CAP.
1253 3289 1323 3331 21.
1381 3285 1623 3337 Suscipere
1654 3288 1756 3322 tam
1787 3276 1946 3318 inimi-

1059 3352 1208 3395 citios.
1267 3343 1369 3388 MS.
1394 3342 1505 3384 Tur.
1533 3355 1615 3396 pro
1650 3346 1751 3378 tam
1779 3335 1949 3377 exhibet

1061 3417 1241 3458 tamen,
1270 3401 1446 3456 vulgari
1469 3394 1751 3442 confusione.

1115 3493 1198 3522 seu
1213 3470 1481 3532 propinqui.
1542 3466 1592 3508 ln
1615 3464 1684 3508 ed.
1702 3461 1842 3509 Paris.
1866 3474 1950 3503 seu

1060 3553 1152 3582 non
1175 3533 1355 3589 legitur.

1217 3593 1357 3650 DQ

1108 1306 1158 1347 in
1199 1308 1503 1360 possessione.
