<?xml version="1.0" encoding="UTF-8"?>
<!DOCTYPE html PUBLIC "-//W3C//DTD XHTML 1.0 Transitional//EN"
    "http://www.w3.org/TR/xhtml1/DTD/xhtml1-transitional.dtd">
<html xmlns="http://www.w3.org/1999/xhtml" xml:lang="en" lang="en">
 <head>
  <title>
</title>
<meta http-equiv="Content-Type" content="text/html;charset=utf-8" />
  <meta name='ocr-system' content='tesseract 3.04.00' />
  <meta name='ocr-capabilities' content='ocr_page ocr_carea ocr_par ocr_line ocrx_word'/>
</head>
<body>
  <div class='ocr_page' id='page_1' title='image "./operarecensuitet04taciuoft_0445.png"; bbox 0 0 2150 4022; ppageno 0'>
   <div class='ocr_carea' id='block_1_1' title="bbox 385 180 1589 291">
    <p class='ocr_par' dir='ltr' id='par_1_1' title="bbox 385 180 1589 291">
     <span class='ocr_line' id='line_1_1' title="bbox 385 180 1589 291; baseline -0.002 0"><span class='ocrx_word' id='word_1_1' title='bbox 385 180 1589 291; x_wconf 61' lang='lat' dir='ltr'><strong>mDEx-ADNOTAT10Nm4</strong></span> 
     </span>
    </p>
   </div>
   <div class='ocr_carea' id='block_1_2' title="bbox 2 356 962 2477">
    <p class='ocr_par' dir='ltr' id='par_1_2' title="bbox 36 356 947 419">
     <span class='ocr_line' id='line_1_2' title="bbox 36 356 947 419; baseline -0.005 -15"><span class='ocrx_word' id='word_1_2' title='bbox 36 388 38 393; x_wconf 69' lang='lat'>,</span> <span class='ocrx_word' id='word_1_3' title='bbox 62 358 307 419; x_wconf 72' lang='lat' dir='ltr'><strong>Bithynus,</strong></span> <span class='ocrx_word' id='word_1_4' title='bbox 337 358 391 401; x_wconf 90' lang='lat' dir='ltr'><strong>de</strong></span> <span class='ocrx_word' id='word_1_5' title='bbox 413 356 568 415; x_wconf 79' lang='lat' dir='ltr'><strong>script.</strong></span> <span class='ocrx_word' id='word_1_6' title='bbox 594 359 679 400; x_wconf 82' lang='lat' dir='ltr'><strong>An.</strong></span> <span class='ocrx_word' id='word_1_7' title='bbox 706 357 773 412; x_wconf 83' lang='lat'><strong>16,</strong></span> <span class='ocrx_word' id='word_1_8' title='bbox 793 356 865 403; x_wconf 78' lang='lat'><strong>33.</strong></span> <span class='ocrx_word' id='word_1_9' title='bbox 942 369 947 373; x_wconf 85' lang='grc'><strong>’</strong></span> 
     </span>
    </p>

    <p class='ocr_par' dir='ltr' id='par_1_3' title="bbox 61 415 519 470">
     <span class='ocr_line' id='line_1_3' title="bbox 61 415 519 470; baseline -0.007 -10"><span class='ocrx_word' id='word_1_10' title='bbox 61 416 247 460; x_wconf 85' lang='lat' dir='ltr'><strong>Blaesus</strong></span> <span class='ocrx_word' id='word_1_11' title='bbox 269 418 357 460; x_wconf 82' lang='lat' dir='ltr'><strong>An.</strong></span> <span class='ocrx_word' id='word_1_12' title='bbox 383 416 423 470; x_wconf 92' lang='grc'><strong>6,</strong></span> <span class='ocrx_word' id='word_1_13' title='bbox 445 415 519 457; x_wconf 78' lang='grc'><strong>40.</strong></span> 
     </span>
    </p>

    <p class='ocr_par' dir='ltr' id='par_1_4' title="bbox 64 471 523 523">
     <span class='ocr_line' id='line_1_4' title="bbox 64 471 523 523; baseline -0.009 -4"><span class='ocrx_word' id='word_1_14' title='bbox 64 474 312 519; x_wconf 83' lang='lat' dir='ltr'><strong>Bocchoris</strong></span> <span class='ocrx_word' id='word_1_15' title='bbox 338 473 395 516; x_wconf 87' lang='grc' dir='ltr'><strong>Η.</strong></span> <span class='ocrx_word' id='word_1_16' title='bbox 420 472 460 523; x_wconf 83' lang='grc'><strong>5,</strong></span> <span class='ocrx_word' id='word_1_17' title='bbox 479 471 523 515; x_wconf 45' lang='grc'><strong>31</strong></span> 
     </span>
    </p>

    <p class='ocr_par' dir='ltr' id='par_1_5' title="bbox 62 528 815 588">
     <span class='ocr_line' id='line_1_5' title="bbox 62 528 815 588; baseline -0.003 -14"><span class='ocrx_word' id='word_1_18' title='bbox 62 531 261 588; x_wconf 84' lang='lat' dir='ltr'><strong>Boiemi,</strong></span> <span class='ocrx_word' id='word_1_19' title='bbox 295 531 349 574; x_wconf 87' lang='lat' dir='ltr'><strong>de</strong></span> <span class='ocrx_word' id='word_1_20' title='bbox 373 531 525 587; x_wconf 65' lang='lat' dir='ltr'><strong>script.</strong></span> <span class='ocrx_word' id='word_1_21' title='bbox 553 528 709 573; x_wconf 86' lang='lat' dir='ltr'><strong>Germ.</strong></span> <span class='ocrx_word' id='word_1_22' title='bbox 737 529 815 572; x_wconf 58' lang='grc' dir='ltr'><strong>28.Υ</strong></span> 
     </span>
    </p>

    <p class='ocr_par' dir='ltr' id='par_1_6' title="bbox 62 588 444 632">
     <span class='ocr_line' id='line_1_6' title="bbox 62 588 444 632; baseline -0.008 -1"><span class='ocrx_word' id='word_1_23' title='bbox 62 589 162 631; x_wconf 84' lang='grc' dir='ltr'><strong>Βοὶἰ</strong></span> <span class='ocrx_word' id='word_1_24' title='bbox 189 588 348 632; x_wconf 86' lang='lat' dir='ltr'><strong>Germ.</strong></span> <span class='ocrx_word' id='word_1_25' title='bbox 371 588 444 630; x_wconf 89' lang='lat'><strong>28.</strong></span> 
     </span>
    </p>

    <p class='ocr_par' dir='ltr' id='par_1_7' title="bbox 62 642 610 697">
     <span class='ocr_line' id='line_1_7' title="bbox 62 642 610 697; baseline 0 -9"><span class='ocrx_word' id='word_1_26' title='bbox 62 646 307 690; x_wconf 81' lang='lat' dir='ltr'>Boiocalus</span> <span class='ocrx_word' id='word_1_27' title='bbox 330 647 420 690; x_wconf 89' lang='lat' dir='ltr'><strong>An.</strong></span> <span class='ocrx_word' id='word_1_28' title='bbox 446 643 514 697; x_wconf 83' lang='grc'><strong>13,</strong></span> <span class='ocrx_word' id='word_1_29' title='bbox 539 642 610 688; x_wconf 87' lang='grc'><strong>55.</strong></span> 
     </span>
    </p>

    <p class='ocr_par' dir='ltr' id='par_1_8' title="bbox 62 703 454 760">
     <span class='ocr_line' id='line_1_8' title="bbox 62 703 454 760; baseline -0.01 -13"><span class='ocrx_word' id='word_1_30' title='bbox 62 703 260 747; x_wconf 85' lang='lat' dir='ltr'><strong>Bolanus</strong></span> <span class='ocrx_word' id='word_1_31' title='bbox 283 705 390 760; x_wconf 83' lang='lat' dir='ltr'><strong>Agr.</strong></span> <span class='ocrx_word' id='word_1_32' title='bbox 411 703 454 745; x_wconf 87' lang='grc'><strong>8.</strong></span> 
     </span>
    </p>

    <p class='ocr_par' dir='ltr' id='par_1_9' title="bbox 65 759 949 818">
     <span class='ocr_line' id='line_1_9' title="bbox 65 759 949 818; baseline -0.002 -14"><span class='ocrx_word' id='word_1_33' title='bbox 65 764 211 815; x_wconf 81' lang='lat' dir='ltr'><strong>bonus</strong></span> <span class='ocrx_word' id='word_1_34' title='bbox 255 761 285 804; x_wconf 88' lang='lat' dir='ltr'><strong>i.</strong></span> <span class='ocrx_word' id='word_1_35' title='bbox 323 767 665 818; x_wconf 81' lang='lat' dir='ltr'><strong>q.·praestans</strong></span> <span class='ocrx_word' id='word_1_36' title='bbox 709 775 813 802; x_wconf 88' lang='lat' dir='ltr'><strong>cum</strong></span> <span class='ocrx_word' id='word_1_37' title='bbox 861 759 949 803; x_wconf 91' lang='lat' dir='ltr'><strong>abl.</strong></span> 
     </span>
    </p>

    <p class='ocr_par' dir='ltr' id='par_1_10' title="bbox 83 816 956 1093">
     <span class='ocr_line' id='line_1_10' title="bbox 83 816 948 874; baseline -0.005 -11"><span class='ocrx_word' id='word_1_38' title='bbox 83 816 93 824; x_wconf 71' lang='grc'><strong>’</strong></span> <span class='ocrx_word' id='word_1_39' title='bbox 123 822 212 862; x_wconf 80' lang='lat' dir='ltr'><strong>An.</strong></span> <span class='ocrx_word' id='word_1_40' title='bbox 238 820 275 874; x_wconf 90' lang='grc'><strong>1,</strong></span> <span class='ocrx_word' id='word_1_41' title='bbox 295 818 338 861; x_wconf 90' lang='grc'><strong>3.</strong></span> <span class='ocrx_word' id='word_1_42' title='bbox 400 819 496 873; x_wconf 65' lang='grc' dir='ltr'><strong>ἰ.,(].</strong></span> <span class='ocrx_word' id='word_1_43' title='bbox 532 817 659 859; x_wconf 81' lang='lat' dir='ltr'><strong>utilis</strong></span> <span class='ocrx_word' id='word_1_44' title='bbox 691 819 779 859; x_wconf 86' lang='lat' dir='ltr'><strong>An.</strong></span> <span class='ocrx_word' id='word_1_45' title='bbox 816 818 854 872; x_wconf 87' lang='lat'><strong>1,</strong></span> <span class='ocrx_word' id='word_1_46' title='bbox 878 817 948 861; x_wconf 90' lang='grc'><strong>38.</strong></span> 
     </span>
     <span class='ocr_line' id='line_1_11' title="bbox 124 872 953 931; baseline -0.002 -11"><span class='ocrx_word' id='word_1_47' title='bbox 124 878 193 931; x_wconf 85' lang='grc'><strong>13,</strong></span> <span class='ocrx_word' id='word_1_48' title='bbox 228 878 297 919; x_wconf 78' lang='grc'><strong>54.</strong></span> <span class='ocrx_word' id='word_1_49' title='bbox 355 878 476 918; x_wconf 83' lang='lat' dir='ltr'><strong>bona</strong></span> <span class='ocrx_word' id='word_1_50' title='bbox 508 872 648 931; x_wconf 83' lang='lat' dir='ltr'><strong>facta</strong></span> <span class='ocrx_word' id='word_1_51' title='bbox 689 878 778 917; x_wconf 86' lang='lat' dir='ltr'><strong>An.</strong></span> <span class='ocrx_word' id='word_1_52' title='bbox 812 874 853 930; x_wconf 84' lang='grc'><strong>3,</strong></span> <span class='ocrx_word' id='word_1_53' title='bbox 882 876 953 919; x_wconf 81' lang='grc'><strong>40.</strong></span> 
     </span>
     <span class='ocr_line' id='line_1_12' title="bbox 121 932 954 987; baseline -0.002 -10"><span class='ocrx_word' id='word_1_54' title='bbox 121 936 246 977; x_wconf 84' lang='lat' dir='ltr'><strong>bona</strong></span> <span class='ocrx_word' id='word_1_55' title='bbox 291 934 482 976; x_wconf 78' lang='lat' dir='ltr'><strong>societas</strong></span> <span class='ocrx_word' id='word_1_56' title='bbox 521 932 609 974; x_wconf 88' lang='lat' dir='ltr'><strong>An.</strong></span> <span class='ocrx_word' id='word_1_57' title='bbox 647 935 686 987; x_wconf 81' lang='lat'><strong>1,</strong></span> <span class='ocrx_word' id='word_1_58' title='bbox 719 932 787 974; x_wconf 87' lang='lat'><strong>58.</strong></span> <span class='ocrx_word' id='word_1_59' title='bbox 847 946 954 986; x_wconf 83' lang='lat' dir='ltr'><strong>spes</strong></span> 
     </span>
     <span class='ocr_line' id='line_1_13' title="bbox 121 990 956 1046; baseline -0.002 -12"><span class='ocrx_word' id='word_1_60' title='bbox 121 992 234 1035; x_wconf 79' lang='lat' dir='ltr'><strong>bom·</strong></span> <span class='ocrx_word' id='word_1_61' title='bbox 273 993 358 1034; x_wconf 86' lang='lat' dir='ltr'><strong>An.</strong></span> <span class='ocrx_word' id='word_1_62' title='bbox 393 993 438 1046; x_wconf 90' lang='lat'><strong>2,</strong></span> <span class='ocrx_word' id='word_1_63' title='bbox 470 990 541 1033; x_wconf 83' lang='lat'><strong>15.</strong></span> <span class='ocrx_word' id='word_1_64' title='bbox 612 992 686 1032; x_wconf 82' lang='lat' dir='ltr'><strong>cui</strong></span> <span class='ocrx_word' id='word_1_65' title='bbox 729 992 845 1032; x_wconf 79' lang='lat' dir='ltr'><strong>bono</strong></span> <span class='ocrx_word' id='word_1_66' title='bbox 886 998 956 1032; x_wconf 77' lang='lat' dir='ltr'><strong>est</strong></span> 
     </span>
     <span class='ocr_line' id='line_1_14' title="bbox 124 1048 322 1093; baseline 0 -1"><span class='ocrx_word' id='word_1_67' title='bbox 124 1048 256 1093; x_wconf 87' lang='lat' dir='ltr'><strong>Orat.</strong></span> <span class='ocrx_word' id='word_1_68' title='bbox 279 1049 322 1092; x_wconf 87' lang='lat'><strong>9.</strong></span> 
     </span>
    </p>

    <p class='ocr_par' dir='ltr' id='par_1_11' title="bbox 62 1105 958 1336">
     <span class='ocr_line' id='line_1_15' title="bbox 62 1105 958 1163; baseline -0.003 -13"><span class='ocrx_word' id='word_1_69' title='bbox 62 1108 173 1163; x_wconf 68' lang='lat' dir='ltr'><strong>bos,</strong></span> <span class='ocrx_word' id='word_1_70' title='bbox 225 1107 361 1149; x_wconf 84' lang='lat' dir='ltr'><strong>dativ.</strong></span> <span class='ocrx_word' id='word_1_71' title='bbox 403 1105 520 1163; x_wconf 88' lang='lat' dir='ltr'><strong>plur.</strong></span> <span class='ocrx_word' id='word_1_72' title='bbox 557 1105 701 1146; x_wconf 77' lang='lat' dir='ltr'><strong>bobus</strong></span> <span class='ocrx_word' id='word_1_73' title='bbox 736 1112 780 1147; x_wconf 84' lang='lat' dir='ltr'><strong>et</strong></span> <span class='ocrx_word' id='word_1_74' title='bbox 814 1106 958 1147; x_wconf 79' lang='lat' dir='ltr'><strong>bubus</strong></span> 
     </span>
     <span class='ocr_line' id='line_1_16' title="bbox 124 1161 957 1207; baseline -0.004 0"><span class='ocrx_word' id='word_1_75' title='bbox 124 1164 279 1207; x_wconf 87' lang='lat' dir='ltr'><strong>Germ.</strong></span> <span class='ocrx_word' id='word_1_76' title='bbox 314 1166 384 1207; x_wconf 87' lang='grc'><strong>40.</strong></span> <span class='ocrx_word' id='word_1_77' title='bbox 438 1179 480 1206; x_wconf 81' lang='lat' dir='ltr'><strong>v,</strong></span> <span class='ocrx_word' id='word_1_78' title='bbox 516 1161 864 1205; x_wconf 81' lang='lat' dir='ltr'><strong>Drakenborch.</strong></span> <span class='ocrx_word' id='word_1_79' title='bbox 901 1163 957 1204; x_wconf 90' lang='lat' dir='ltr'><strong>ad</strong></span> 
     </span>
     <span class='ocr_line' id='line_1_17' title="bbox 122 1218 954 1277; baseline -0.005 -12"><span class='ocrx_word' id='word_1_80' title='bbox 122 1223 221 1265; x_wconf 90' lang='lat' dir='ltr'><strong>Liv.</strong></span> <span class='ocrx_word' id='word_1_81' title='bbox 247 1221 344 1275; x_wconf 92' lang='lat' dir='ltr'><strong>Vll,</strong></span> <span class='ocrx_word' id='word_1_82' title='bbox 365 1222 436 1277; x_wconf 86' lang='lat'><strong>26,</strong></span> <span class='ocrx_word' id='word_1_83' title='bbox 466 1223 534 1262; x_wconf 87' lang='lat'><strong>10.</strong></span> <span class='ocrx_word' id='word_1_84' title='bbox 596 1218 877 1263; x_wconf 86' lang='lat' dir='ltr'><strong>Brouckhus.</strong></span> <span class='ocrx_word' id='word_1_85' title='bbox 901 1218 954 1261; x_wconf 88' lang='lat' dir='ltr'><strong>ad</strong></span> 
     </span>
     <span class='ocr_line' id='line_1_18' title="bbox 122 1279 493 1336; baseline -0.003 -14"><span class='ocrx_word' id='word_1_86' title='bbox 122 1279 263 1335; x_wconf 75' lang='lat' dir='ltr'><strong>Prop..</strong></span> <span class='ocrx_word' id='word_1_87' title='bbox 290 1279 430 1336; x_wconf 81' lang='lat' dir='ltr'><strong>1V,·1‚</strong></span> <span class='ocrx_word' id='word_1_88' title='bbox 451 1279 493 1321; x_wconf 92' lang='lat'><strong>8.</strong></span> 
     </span>
    </p>

    <p class='ocr_par' dir='ltr' id='par_1_12' title="bbox 65 1336 961 1501">
     <span class='ocr_line' id='line_1_19' title="bbox 65 1336 956 1393; baseline -0.007 -13"><span class='ocrx_word' id='word_1_89' title='bbox 65 1338 400 1393; x_wconf 68' lang='lat' dir='ltr'><strong>Boqurcmus,</strong></span> <span class='ocrx_word' id='word_1_90' title='bbox 466 1353 559 1378; x_wconf 91' lang='lat' dir='ltr'><strong>non</strong></span> <span class='ocrx_word' id='word_1_91' title='bbox 603 1336 956 1389; x_wconf 75' lang='lat' dir='ltr'><strong>Bosphoranus</strong></span> 
     </span>
     <span class='ocr_line' id='line_1_20' title="bbox 124 1391 961 1448; baseline -0.005 -11"><span class='ocrx_word' id='word_1_92' title='bbox 124 1395 211 1437; x_wconf 82' lang='lat' dir='ltr'><strong>An.</strong></span> <span class='ocrx_word' id='word_1_93' title='bbox 246 1395 312 1448; x_wconf 88' lang='lat'><strong>12,</strong></span> <span class='ocrx_word' id='word_1_94' title='bbox 345 1395 413 1437; x_wconf 94' lang='lat'><strong>15.</strong></span> <span class='ocrx_word' id='word_1_95' title='bbox 449 1393 521 1436; x_wconf 82' lang='lat'><strong>63.</strong></span> <span class='ocrx_word' id='word_1_96' title='bbox 581 1409 626 1439; x_wconf 82' lang='lat' dir='ltr'><strong>v.</strong></span> <span class='ocrx_word' id='word_1_97' title='bbox 661 1392 868 1435; x_wconf 83' lang='lat' dir='ltr'><strong>Lambin.</strong></span> <span class='ocrx_word' id='word_1_98' title='bbox 906 1391 961 1434; x_wconf 86' lang='lat' dir='ltr'><strong>ad</strong></span> 
     </span>
     <span class='ocr_line' id='line_1_21' title="bbox 123 1450 692 1501; baseline -0.002 -7"><span class='ocrx_word' id='word_1_99' title='bbox 123 1450 233 1494; x_wconf 89' lang='lat' dir='ltr'><strong>Hor.</strong></span> <span class='ocrx_word' id='word_1_100' title='bbox 259 1450 408 1495; x_wconf 76' lang='lat' dir='ltr'><strong>Carni.</strong></span> <span class='ocrx_word' id='word_1_101' title='bbox 436 1451 491 1501; x_wconf 84' lang='grc' dir='ltr'><strong>Π,</strong></span> <span class='ocrx_word' id='word_1_102' title='bbox 521 1451 587 1499; x_wconf 85' lang='grc'><strong>13,</strong></span> <span class='ocrx_word' id='word_1_103' title='bbox 621 1450 692 1493; x_wconf 88' lang='grc'><strong>14.</strong></span> 
     </span>
    </p>

    <p class='ocr_par' dir='ltr' id='par_1_13' title="bbox 66 1505 958 1563">
     <span class='ocr_line' id='line_1_22' title="bbox 66 1505 958 1563; baseline -0.004 -12"><span class='ocrx_word' id='word_1_104' title='bbox 66 1508 292 1553; x_wconf 87' lang='lat' dir='ltr'><strong>Boudicea</strong></span> <span class='ocrx_word' id='word_1_105' title='bbox 319 1510 411 1552; x_wconf 87' lang='lat' dir='ltr'><strong>An.</strong></span> <span class='ocrx_word' id='word_1_106' title='bbox 437 1510 506 1563; x_wconf 86' lang='grc'><strong>14,</strong></span> <span class='ocrx_word' id='word_1_107' title='bbox 529 1509 602 1555; x_wconf 85' lang='grc'><strong>31.</strong></span> <span class='ocrx_word' id='word_1_108' title='bbox 629 1507 702 1551; x_wconf 87' lang='grc'><strong>35.</strong></span> <span class='ocrx_word' id='word_1_109' title='bbox 725 1505 799 1551; x_wconf 91' lang='grc'><strong>37.</strong></span> <span class='ocrx_word' id='word_1_110' title='bbox 844 1506 958 1562; x_wconf 89' lang='lat' dir='ltr'><strong>Agr.</strong></span> 
     </span>
    </p>

    <p class='ocr_par' dir='ltr' id='par_1_14' title="bbox 69 1617 962 1677">
     <span class='ocr_line' id='line_1_23' title="bbox 69 1617 962 1677; baseline -0.006 -9"><span class='ocrx_word' id='word_1_111' title='bbox 69 1628 257 1676; x_wconf 84' lang='lat' dir='ltr'><strong>bracca,</strong></span> <span class='ocrx_word' id='word_1_112' title='bbox 299 1640 392 1667; x_wconf 90' lang='lat' dir='ltr'><strong>non</strong></span> <span class='ocrx_word' id='word_1_113' title='bbox 425 1623 565 1666; x_wconf 79' lang='lat' dir='ltr'><strong>braca</strong></span> <span class='ocrx_word' id='word_1_114' title='bbox 588 1617 705 1677; x_wconf 52' lang='lat' dir='ltr'><strong>HJ2,</strong></span> <span class='ocrx_word' id='word_1_115' title='bbox 724 1622 798 1664; x_wconf 94' lang='lat'><strong>20.</strong></span> <span class='ocrx_word' id='word_1_116' title='bbox 859 1621 962 1664; x_wconf 86' lang='lat' dir='ltr'><strong>Nu-</strong></span> 
     </span>
    </p>

    <p class='ocr_par' dir='ltr' id='par_1_15' title="bbox 125 1678 958 1841">
     <span class='ocr_line' id='line_1_24' title="bbox 159 1678 958 1725; baseline -0.005 0"><span class='ocrx_word' id='word_1_117' title='bbox 159 1700 207 1725; x_wconf 88' lang='lat' dir='ltr'><strong>er</strong></span> <span class='ocrx_word' id='word_1_118' title='bbox 234 1683 498 1725; x_wconf 87' lang='lat' dir='ltr'><strong>Furlanetto</strong></span> <span class='ocrx_word' id='word_1_119' title='bbox 533 1681 576 1722; x_wconf 92' lang='lat' dir='ltr'><strong>in</strong></span> <span class='ocrx_word' id='word_1_120' title='bbox 612 1696 726 1723; x_wconf 89' lang='lat' dir='ltr'><strong>nova</strong></span> <span class='ocrx_word' id='word_1_121' title='bbox 763 1678 958 1722; x_wconf 83' lang='lat' dir='ltr'><strong>thesauri</strong></span> 
     </span>
     <span class='ocr_line' id='line_1_25' title="bbox 125 1696 957 1796; baseline -0.006 -12"><span class='ocrx_word' id='word_1_122' title='bbox 125 1696 372 1784; x_wconf 52' lang='lat' dir='ltr'><strong>goreellin.</strong></span> <span class='ocrx_word' id='word_1_123' title='bbox 398 1738 504 1781; x_wconf 85' lang='lat' dir='ltr'><strong>edit.</strong></span> <span class='ocrx_word' id='word_1_124' title='bbox 529 1737 682 1796; x_wconf 86' lang='lat' dir='ltr'><strong>script.</strong></span> <span class='ocrx_word' id='word_1_125' title='bbox 711 1753 789 1795; x_wconf 88' lang='lat' dir='ltr'><strong>per</strong></span> <span class='ocrx_word' id='word_1_126' title='bbox 814 1753 957 1780; x_wconf 89' lang='lat' dir='ltr'><strong>unum</strong></span> 
     </span>
     <span class='ocr_line' id='line_1_26' title="bbox 125 1796 805 1841; baseline -0.001 0"><span class='ocrx_word' id='word_1_127' title='bbox 125 1814 147 1841; x_wconf 88' lang='lat' dir='ltr'><strong>c</strong></span> <span class='ocrx_word' id='word_1_128' title='bbox 175 1796 392 1840; x_wconf 85' lang='lat' dir='ltr'><strong>defendit.</strong></span> <span class='ocrx_word' id='word_1_129' title='bbox 798 1813 805 1821; x_wconf 75' lang='lat'><strong>·‘</strong></span> 
     </span>
    </p>

    <p class='ocr_par' dir='ltr' id='par_1_16' title="bbox 72 1851 961 2082">
     <span class='ocr_line' id='line_1_27' title="bbox 72 1851 960 1914; baseline -0.005 -16"><span class='ocrx_word' id='word_1_130' title='bbox 72 1856 300 1914; x_wconf 83' lang='lat' dir='ltr'><strong>Brigantes</strong></span> <span class='ocrx_word' id='word_1_131' title='bbox 327 1855 437 1911; x_wconf 81' lang='lat' dir='ltr'><strong>Agr.</strong></span> <span class='ocrx_word' id='word_1_132' title='bbox 463 1854 528 1896; x_wconf 86' lang='lat'><strong>17.</strong></span> <span class='ocrx_word' id='word_1_133' title='bbox 588 1859 782 1897; x_wconf 83' lang='lat' dir='ltr'><strong>accusat.</strong></span> <span class='ocrx_word' id='word_1_134' title='bbox 813 1851 960 1894; x_wconf 85' lang='lat' dir='ltr'><strong>forma</strong></span> 
     </span>
     <span class='ocr_line' id='line_1_28' title="bbox 125 1909 961 1973; baseline -0.011 -14"><span class='ocrx_word' id='word_1_135' title='bbox 125 1914 286 1973; x_wconf 85' lang='lat' dir='ltr'><strong>duplex</strong></span> <span class='ocrx_word' id='word_1_136' title='bbox 324 1913 579 1965; x_wconf 73' lang='lat' dir='ltr'><strong>Brigantes</strong></span> <span class='ocrx_word' id='word_1_137' title='bbox 623 1916 665 1951; x_wconf 87' lang='lat' dir='ltr'><strong>et</strong></span> <span class='ocrx_word' id='word_1_138' title='bbox 701 1909 961 1963; x_wconf 55' lang='lat' dir='ltr'><strong>Brigantas</strong></span> 
     </span>
     <span class='ocr_line' id='line_1_29' title="bbox 128 1967 959 2026; baseline -0.011 -10"><span class='ocrx_word' id='word_1_139' title='bbox 128 1976 215 2017; x_wconf 87' lang='lat' dir='ltr'><strong>An.</strong></span> <span class='ocrx_word' id='word_1_140' title='bbox 241 1973 310 2026; x_wconf 89' lang='lat'><strong>12,</strong></span> <span class='ocrx_word' id='word_1_141' title='bbox 331 1971 401 2014; x_wconf 85' lang='grc'><strong>32,</strong></span> <span class='ocrx_word' id='word_1_142' title='bbox 449 1970 706 2021; x_wconf 65' lang='lat' dir='ltr'><strong>Brigantes</strong></span> <span class='ocrx_word' id='word_1_143' title='bbox 726 1976 767 2010; x_wconf 87' lang='lat' dir='ltr'><strong>et</strong></span> <span class='ocrx_word' id='word_1_144' title='bbox 792 1967 838 2019; x_wconf 75' lang='lat'><strong>1⁷</strong></span> <span class='ocrx_word' id='word_1_145' title='bbox 832 1969 959 2008; x_wconf 81' lang='lat' dir='ltr'><strong>rino·-</strong></span> 
     </span>
     <span class='ocr_line' id='line_1_30' title="bbox 124 2025 655 2082; baseline -0.017 -8"><span class='ocrx_word' id='word_1_146' title='bbox 124 2034 290 2074; x_wconf 76' lang='lat' dir='ltr'><strong>hames</strong></span> <span class='ocrx_word' id='word_1_147' title='bbox 313 2026 435 2070; x_wconf 82' lang='lat' dir='ltr'><strong>conf.</strong></span> <span class='ocrx_word' id='word_1_148' title='bbox 459 2028 560 2082; x_wconf 86' lang='lat' dir='ltr'><strong>Agr.</strong></span> <span class='ocrx_word' id='word_1_149' title='bbox 585 2025 655 2068; x_wconf 89' lang='grc'><strong>31.</strong></span> 
     </span>
    </p>

    <p class='ocr_par' dir='ltr' id='par_1_17' title="bbox 65 2080 957 2198">
     <span class='ocr_line' id='line_1_31' title="bbox 65 2080 742 2142; baseline -0.019 -8"><span class='ocrx_word' id='word_1_150' title='bbox 65 2089 204 2135; x_wconf 82' lang='lat' dir='ltr'><strong>Iulius</strong></span> <span class='ocrx_word' id='word_1_151' title='bbox 227 2083 506 2142; x_wconf 80' lang='lat' dir='ltr'><strong>Briganticus</strong></span> <span class='ocrx_word' id='word_1_152' title='bbox 529 2081 585 2123; x_wconf 89' lang='lat' dir='ltr'><strong>H.</strong></span> <span class='ocrx_word' id='word_1_153' title='bbox 606 2081 649 2135; x_wconf 85' lang='lat'><strong>2,</strong></span> <span class='ocrx_word' id='word_1_154' title='bbox 671 2080 742 2122; x_wconf 88' lang='lat'><strong>22.</strong></span> 
     </span>
     <span class='ocr_line' id='line_1_32' title="bbox 67 2137 957 2198; baseline -0.015 -7"><span class='ocrx_word' id='word_1_155' title='bbox 67 2144 295 2192; x_wconf 83' lang='lat' dir='ltr'><strong>Britannia</strong></span> <span class='ocrx_word' id='word_1_156' title='bbox 320 2142 430 2198; x_wconf 85' lang='lat' dir='ltr'><strong>Agr.</strong></span> <span class='ocrx_word' id='word_1_157' title='bbox 455 2139 495 2181; x_wconf 87' lang='lat'><strong>5.</strong></span> <span class='ocrx_word' id='word_1_158' title='bbox 530 2154 717 2183; x_wconf 73' lang='lat' dir='ltr'><strong>,aurum</strong></span> <span class='ocrx_word' id='word_1_159' title='bbox 751 2137 883 2180; x_wconf 86' lang='lat' dir='ltr'><strong>habet</strong></span> <span class='ocrx_word' id='word_1_160' title='bbox 914 2143 957 2179; x_wconf 86' lang='lat' dir='ltr'><strong>et</strong></span> 
     </span>
    </p>

    <p class='ocr_par' dir='ltr' id='par_1_18' title="bbox 2 2195 956 2260">
     <span class='ocr_line' id='line_1_33' title="bbox 2 2195 956 2260; baseline -0.01 -15"><span class='ocrx_word' id='word_1_161' title='bbox 2 2200 3 2204; x_wconf 34' lang='lat'>¹</span> <span class='ocrx_word' id='word_1_162' title='bbox 123 2209 359 2260; x_wconf 82' lang='lat' dir='ltr'><strong>argentum</strong></span> <span class='ocrx_word' id='word_1_163' title='bbox 392 2197 500 2240; x_wconf 85' lang='lat' dir='ltr'><strong>ibid.</strong></span> <span class='ocrx_word' id='word_1_164' title='bbox 527 2212 567 2239; x_wconf 88' lang='lat' dir='ltr'><strong>c.</strong></span> <span class='ocrx_word' id='word_1_165' title='bbox 595 2197 661 2237; x_wconf 88' lang='lat'><strong>12.</strong></span> <span class='ocrx_word' id='word_1_166' title='bbox 723 2195 956 2252; x_wconf 88' lang='lat' dir='ltr'><strong>quomodo</strong></span> 
     </span>
    </p>

    <p class='ocr_par' dir='ltr' id='par_1_19' title="bbox 51 2251 954 2304">
     <span class='ocr_line' id='line_1_34' title="bbox 51 2251 954 2304; baseline -0.009 -3"><span class='ocrx_word' id='word_1_167' title='bbox 51 2257 61 2276; x_wconf 84' lang='lat'><strong><em>‘</em></strong></span> <span class='ocrx_word' id='word_1_168' title='bbox 122 2261 207 2304; x_wconf 85' lang='lat' dir='ltr'><strong>iter</strong></span> <span class='ocrx_word' id='word_1_169' title='bbox 228 2259 275 2301; x_wconf 87' lang='lat' dir='ltr'><strong>in</strong></span> <span class='ocrx_word' id='word_1_170' title='bbox 296 2270 391 2298; x_wconf 85' lang='lat' dir='ltr'><strong>eam</strong></span> <span class='ocrx_word' id='word_1_171' title='bbox 414 2262 577 2295; x_wconf 85' lang='lat' dir='ltr'><strong>terram</strong></span> <span class='ocrx_word' id='word_1_172' title='bbox 603 2252 676 2294; x_wconf 82' lang='lat' dir='ltr'><strong>fiat</strong></span> <span class='ocrx_word' id='word_1_173' title='bbox 696 2251 802 2295; x_wconf 85' lang='lat' dir='ltr'><strong>ibid.</strong></span> <span class='ocrx_word' id='word_1_174' title='bbox 826 2268 866 2296; x_wconf 90' lang='lat' dir='ltr'><strong>c.</strong></span> <span class='ocrx_word' id='word_1_175' title='bbox 882 2252 954 2294; x_wconf 84' lang='lat'><strong>24.</strong></span> 
     </span>
    </p>

    <p class='ocr_par' dir='ltr' id='par_1_20' title="bbox 70 2308 954 2431">
     <span class='ocr_line' id='line_1_35' title="bbox 70 2308 954 2367; baseline -0.016 -3"><span class='ocrx_word' id='word_1_176' title='bbox 70 2314 381 2367; x_wconf 83' lang='lat' dir='ltr'><strong>Britannicus,</strong></span> <span class='ocrx_word' id='word_1_177' title='bbox 432 2311 485 2353; x_wconf 91' lang='lat' dir='ltr'><strong>de</strong></span> <span class='ocrx_word' id='word_1_178' title='bbox 517 2324 639 2352; x_wconf 86' lang='lat' dir='ltr'><strong>nom.</strong></span> <span class='ocrx_word' id='word_1_179' title='bbox 675 2310 828 2367; x_wconf 83' lang='lat' dir='ltr'><strong>script.</strong></span> <span class='ocrx_word' id='word_1_180' title='bbox 865 2308 954 2352; x_wconf 85' lang='lat' dir='ltr'><strong>An.</strong></span> 
     </span>
     <span class='ocr_line' id='line_1_36' title="bbox 129 2368 461 2431; baseline -0.024 -14"><span class='ocrx_word' id='word_1_181' title='bbox 129 2378 198 2431; x_wconf 88' lang='lat'><strong>11,</strong></span> <span class='ocrx_word' id='word_1_182' title='bbox 222 2377 263 2416; x_wconf 91' lang='lat'><strong>1.</strong></span> <span class='ocrx_word' id='word_1_183' title='bbox 299 2370 367 2423; x_wconf 85' lang='lat'><strong>12,</strong></span> <span class='ocrx_word' id='word_1_184' title='bbox 389 2368 461 2410; x_wconf 89' lang='lat'><strong>25.</strong></span> 
     </span>
    </p>

    <p class='ocr_par' dir='ltr' id='par_1_21' title="bbox 68 2425 953 2477">
     <span class='ocr_line' id='line_1_37' title="bbox 68 2425 953 2477; baseline -0.016 1"><span class='ocrx_word' id='word_1_185' title='bbox 68 2429 275 2477; x_wconf 87' lang='lat' dir='ltr'><strong>Bructeri</strong></span> <span class='ocrx_word' id='word_1_186' title='bbox 298 2426 456 2472; x_wconf 88' lang='lat' dir='ltr'><strong>Germ.</strong></span> <span class='ocrx_word' id='word_1_187' title='bbox 485 2425 554 2470; x_wconf 85' lang='grc'><strong>33.</strong></span> <span class='ocrx_word' id='word_1_188' title='bbox 616 2425 845 2467; x_wconf 75' lang='lat' dir='ltr'><strong>Bructero</strong></span> <span class='ocrx_word' id='word_1_189' title='bbox 866 2437 953 2465; x_wconf 84' lang='lat' dir='ltr'><strong>na-</strong></span> 
     </span>
    </p>
   </div>
   <div class='ocr_carea' id='block_1_3' title="bbox 71 2484 953 2596">
    <p class='ocr_par' dir='ltr' id='par_1_22' title="bbox 71 2484 953 2596">
     <span class='ocr_line' id='line_1_38' title="bbox 125 2484 529 2541; baseline -0.027 -7"><span class='ocrx_word' id='word_1_190' title='bbox 125 2492 187 2534; x_wconf 77' lang='lat' dir='ltr'><strong>tio</strong></span> <span class='ocrx_word' id='word_1_191' title='bbox 211 2487 267 2531; x_wconf 89' lang='lat' dir='ltr'><strong>H.</strong></span> <span class='ocrx_word' id='word_1_192' title='bbox 289 2487 332 2541; x_wconf 85' lang='lat'><strong>4,</strong></span> <span class='ocrx_word' id='word_1_193' title='bbox 354 2484 428 2527; x_wconf 86' lang='lat'><strong>61.</strong></span> <span class='ocrx_word' id='word_1_194' title='bbox 528 2537 529 2540; x_wconf 11' lang='grc' dir='ltr'><strong>Ἴ</strong></span> 
     </span>
     <span class='ocr_line' id='line_1_39' title="bbox 71 2539 953 2596; baseline -0.016 -3"><span class='ocrx_word' id='word_1_195' title='bbox 71 2544 378 2593; x_wconf 61' lang='lat' dir='ltr'><strong>Brundisium</strong></span> <span class='ocrx_word' id='word_1_196' title='bbox 417 2541 581 2583; x_wconf 87' lang='lat' dir='ltr'><strong>rectius</strong></span> <span class='ocrx_word' id='word_1_197' title='bbox 618 2555 750 2596; x_wconf 71' lang='lat' dir='ltr'><strong>quau·</strong></span> <span class='ocrx_word' id='word_1_198' title='bbox 788 2539 953 2580; x_wconf 82' lang='lat' dir='ltr'><strong>Brun-</strong></span> 
     </span>
    </p>
   </div>
   <div class='ocr_carea' id='block_1_4' title="bbox 101 2596 958 2707">
    <p class='ocr_par' dir='ltr' id='par_1_23' title="bbox 101 2596 958 2707">
     <span class='ocr_line' id='line_1_40' title="bbox 101 2596 958 2652; baseline -0.013 -3"><span class='ocrx_word' id='word_1_199' title='bbox 101 2642 103 2644; x_wconf 87' lang='lat'><strong>.</strong></span> <span class='ocrx_word' id='word_1_200' title='bbox 127 2607 311 2648; x_wconf 63' lang='lat' dir='ltr'><strong>dasium</strong></span> <span class='ocrx_word' id='word_1_201' title='bbox 341 2602 431 2644; x_wconf 90' lang='lat' dir='ltr'><strong>An.</strong></span> <span class='ocrx_word' id='word_1_202' title='bbox 455 2596 498 2652; x_wconf 88' lang='grc'><strong>3,</strong></span> <span class='ocrx_word' id='word_1_203' title='bbox 522 2601 557 2640; x_wconf 92' lang='grc'><strong>1.</strong></span> <span class='ocrx_word' id='word_1_204' title='bbox 583 2599 625 2640; x_wconf 92' lang='grc'><strong>7.</strong></span> <span class='ocrx_word' id='word_1_205' title='bbox 657 2599 700 2650; x_wconf 87' lang='grc'><strong>2,</strong></span> <span class='ocrx_word' id='word_1_206' title='bbox 722 2596 791 2640; x_wconf 89' lang='grc'><strong>30.</strong></span> <span class='ocrx_word' id='word_1_207' title='bbox 835 2596 888 2639; x_wconf 87' lang='lat' dir='ltr'><strong>H.</strong></span> <span class='ocrx_word' id='word_1_208' title='bbox 915 2596 958 2650; x_wconf 88' lang='lat'><strong>2,</strong></span> 
     </span>
     <span class='ocr_line' id='line_1_41' title="bbox 126 2652 958 2707; baseline -0.018 0"><span class='ocrx_word' id='word_1_209' title='bbox 126 2662 198 2707; x_wconf 90' lang='grc'><strong>83.</strong></span> <span class='ocrx_word' id='word_1_210' title='bbox 270 2658 350 2702; x_wconf 84' lang='lat' dir='ltr'><strong>Illa</strong></span> <span class='ocrx_word' id='word_1_211' title='bbox 385 2655 532 2698; x_wconf 83' lang='lat' dir='ltr'><strong>forma</strong></span> <span class='ocrx_word' id='word_1_212' title='bbox 577 2661 712 2696; x_wconf 84' lang='lat' dir='ltr'><strong>exstat</strong></span> <span class='ocrx_word' id='word_1_213' title='bbox 756 2652 801 2695; x_wconf 88' lang='lat' dir='ltr'><strong>in</strong></span> <span class='ocrx_word' id='word_1_214' title='bbox 836 2652 958 2695; x_wconf 83' lang='lat' dir='ltr'><strong>Gru-</strong></span> 
     </span>
    </p>
   </div>
   <div class='ocr_carea' id='block_1_5' title="bbox 72 2723 959 3248">
    <p class='ocr_par' dir='ltr' id='par_1_24' title="bbox 123 2723 959 2948">
     <span class='ocr_line' id='line_1_42' title="bbox 123 2723 959 2786; baseline -0.016 -9"><span class='ocrx_word' id='word_1_215' title='bbox 123 2732 208 2777; x_wconf 84' lang='lat' dir='ltr'><strong>¹teri</strong></span> <span class='ocrx_word' id='word_1_216' title='bbox 241 2727 465 2786; x_wconf 86' lang='lat' dir='ltr'><strong>Inscriptt.</strong></span> <span class='ocrx_word' id='word_1_217' title='bbox 535 2758 547 2771; x_wconf 92' lang='lat'><strong>.</strong></span> <span class='ocrx_word' id='word_1_218' title='bbox 576 2726 695 2774; x_wconf 62' lang='lat' dir='ltr'><strong>Chi„</strong></span> <span class='ocrx_word' id='word_1_219' title='bbox 711 2724 754 2766; x_wconf 84' lang='lat'><strong>2.</strong></span> <span class='ocrx_word' id='word_1_220' title='bbox 778 2723 959 2768; x_wconf 65' lang='lat' dir='ltr'><strong>CCMb</strong></span> 
     </span>
     <span class='ocr_line' id='line_1_43' title="bbox 126 2781 957 2836; baseline -0.013 -2"><span class='ocrx_word' id='word_1_221' title='bbox 126 2793 171 2835; x_wconf 87' lang='grc'><strong>5.</strong></span> <span class='ocrx_word' id='word_1_222' title='bbox 230 2786 289 2831; x_wconf 83' lang='lat' dir='ltr'><strong>cf.</strong></span> <span class='ocrx_word' id='word_1_223' title='bbox 315 2788 401 2829; x_wconf 87' lang='lat' dir='ltr'><strong>Fea</strong></span> <span class='ocrx_word' id='word_1_224' title='bbox 422 2785 475 2828; x_wconf 89' lang='lat' dir='ltr'><strong>ad</strong></span> <span class='ocrx_word' id='word_1_225' title='bbox 519 2783 610 2825; x_wconf 85' lang='lat' dir='ltr'><strong>Ior.</strong></span> <span class='ocrx_word' id='word_1_226' title='bbox 632 2782 721 2825; x_wconf 86' lang='lat' dir='ltr'><strong>Sat.</strong></span> <span class='ocrx_word' id='word_1_227' title='bbox 748 2781 779 2836; x_wconf 79' lang='lat' dir='ltr'><strong>l,</strong></span> <span class='ocrx_word' id='word_1_228' title='bbox 802 2782 842 2836; x_wconf 87' lang='grc'><strong>5,</strong></span> <span class='ocrx_word' id='word_1_229' title='bbox 864 2782 957 2825; x_wconf 82' lang='grc'><strong>104.</strong></span> 
     </span>
     <span class='ocr_line' id='line_1_44' title="bbox 127 2837 958 2895; baseline -0.01 -5"><span class='ocrx_word' id='word_1_230' title='bbox 127 2845 353 2891; x_wconf 67' lang='grc' dir='ltr'><strong>Βτεὶωιώ.</strong></span> <span class='ocrx_word' id='word_1_231' title='bbox 387 2843 441 2884; x_wconf 76' lang='lat' dir='ltr'><strong>ad</strong></span> <span class='ocrx_word' id='word_1_232' title='bbox 477 2841 555 2885; x_wconf 86' lang='lat' dir='ltr'><strong>Sil.</strong></span> <span class='ocrx_word' id='word_1_233' title='bbox 589 2839 684 2882; x_wconf 83' lang='lat' dir='ltr'><strong>Ital.</strong></span> <span class='ocrx_word' id='word_1_234' title='bbox 714 2837 835 2895; x_wconf 89' lang='lat' dir='ltr'><strong>Vlll,</strong></span> <span class='ocrx_word' id='word_1_235' title='bbox 858 2839 958 2882; x_wconf 86' lang='lat'><strong>576.</strong></span> 
     </span>
     <span class='ocr_line' id='line_1_45' title="bbox 127 2899 734 2948; baseline -0.016 0"><span class='ocrx_word' id='word_1_236' title='bbox 127 2904 299 2948; x_wconf 83' lang='lat' dir='ltr'><strong>Duker.</strong></span> <span class='ocrx_word' id='word_1_237' title='bbox 321 2901 374 2942; x_wconf 86' lang='lat' dir='ltr'><strong>ad</strong></span> <span class='ocrx_word' id='word_1_238' title='bbox 400 2900 520 2942; x_wconf 90' lang='lat' dir='ltr'><strong>Flor.</strong></span> <span class='ocrx_word' id='word_1_239' title='bbox 546 2899 576 2947; x_wconf 89' lang='lat' dir='ltr'><strong>l,</strong></span> <span class='ocrx_word' id='word_1_240' title='bbox 599 2899 669 2945; x_wconf 86' lang='lat'><strong>20,</strong></span> <span class='ocrx_word' id='word_1_241' title='bbox 700 2900 734 2939; x_wconf 90' lang='grc'><strong>1.</strong></span> 
     </span>
    </p>

    <p class='ocr_par' dir='ltr' id='par_1_25' title="bbox 72 2956 569 3010">
     <span class='ocr_line' id='line_1_46' title="bbox 72 2956 569 3010; baseline -0.018 -4"><span class='ocrx_word' id='word_1_242' title='bbox 72 2961 302 3006; x_wconf 76' lang='lat' dir='ltr'><strong>Brutidius</strong></span> <span class='ocrx_word' id='word_1_243' title='bbox 329 2957 415 2999; x_wconf 80' lang='lat' dir='ltr'><strong>An.</strong></span> <span class='ocrx_word' id='word_1_244' title='bbox 438 2957 479 3010; x_wconf 86' lang='grc'><strong>3,</strong></span> <span class='ocrx_word' id='word_1_245' title='bbox 501 2956 569 2998; x_wconf 83' lang='grc'><strong>66.</strong></span> 
     </span>
    </p>

    <p class='ocr_par' dir='ltr' id='par_1_26' title="bbox 72 3013 603 3068">
     <span class='ocr_line' id='line_1_47' title="bbox 72 3013 603 3068; baseline -0.013 -6"><span class='ocrx_word' id='word_1_246' title='bbox 72 3019 120 3064; x_wconf 87' lang='lat' dir='ltr'><strong>L.</strong></span> <span class='ocrx_word' id='word_1_247' title='bbox 145 3020 308 3062; x_wconf 72' lang='lat' dir='ltr'><strong>Brutus</strong></span> <span class='ocrx_word' id='word_1_248' title='bbox 333 3015 422 3057; x_wconf 84' lang='lat' dir='ltr'><strong>An.</strong></span> <span class='ocrx_word' id='word_1_249' title='bbox 449 3015 515 3068; x_wconf 85' lang='lat'><strong>11,</strong></span> <span class='ocrx_word' id='word_1_250' title='bbox 535 3013 603 3055; x_wconf 83' lang='grc'><strong>25.</strong></span> 
     </span>
    </p>

    <p class='ocr_par' dir='ltr' id='par_1_27' title="bbox 74 3071 476 3120">
     <span class='ocr_line' id='line_1_48' title="bbox 74 3071 476 3120; baseline -0.022 0"><span class='ocrx_word' id='word_1_251' title='bbox 74 3077 197 3120; x_wconf 67' lang='lat' dir='ltr'><strong>Burii</strong></span> <span class='ocrx_word' id='word_1_252' title='bbox 224 3074 377 3117; x_wconf 83' lang='lat' dir='ltr'><strong>Germ.</strong></span> <span class='ocrx_word' id='word_1_253' title='bbox 405 3071 476 3114; x_wconf 81' lang='grc'><strong>43.</strong></span> 
     </span>
    </p>

    <p class='ocr_par' dir='ltr' id='par_1_28' title="bbox 72 3127 779 3180">
     <span class='ocr_line' id='line_1_49' title="bbox 72 3127 779 3180; baseline -0.013 -3"><span class='ocrx_word' id='word_1_254' title='bbox 72 3135 238 3177; x_wconf 82' lang='lat' dir='ltr'><strong>Burrus</strong></span> <span class='ocrx_word' id='word_1_255' title='bbox 266 3128 476 3174; x_wconf 82' lang='lat' dir='ltr'><strong>Afranius</strong></span> <span class='ocrx_word' id='word_1_256' title='bbox 506 3129 590 3169; x_wconf 78' lang='lat' dir='ltr'><strong>An.</strong></span> <span class='ocrx_word' id='word_1_257' title='bbox 620 3127 686 3180; x_wconf 74' lang='grc'><strong>12,</strong></span> <span class='ocrx_word' id='word_1_258' title='bbox 706 3129 779 3172; x_wconf 80' lang='lat'><strong>42.</strong></span> 
     </span>
    </p>

    <p class='ocr_par' dir='ltr' id='par_1_29' title="bbox 76 3185 643 3248">
     <span class='ocr_line' id='line_1_50' title="bbox 76 3185 643 3248; baseline -0.011 -14"><span class='ocrx_word' id='word_1_259' title='bbox 76 3194 127 3248; x_wconf 63' lang='lat' dir='ltr'><strong>B&gt;</strong></span> <span class='ocrx_word' id='word_1_260' title='bbox 143 3189 338 3234; x_wconf 77' lang='lat' dir='ltr'><strong>zantium</strong></span> <span class='ocrx_word' id='word_1_261' title='bbox 371 3185 457 3228; x_wconf 82' lang='lat' dir='ltr'><strong>An.</strong></span> <span class='ocrx_word' id='word_1_262' title='bbox 486 3185 554 3239; x_wconf 85' lang='lat'><strong>12,</strong></span> <span class='ocrx_word' id='word_1_263' title='bbox 572 3185 643 3228; x_wconf 90' lang='grc'><strong>63.</strong></span> 
     </span>
    </p>
   </div>
   <div class='ocr_carea' id='block_1_6' title="bbox 359 3287 662 3350">
    <p class='ocr_par' dir='ltr' id='par_1_30' title="bbox 359 3287 662 3350">
     <span class='ocr_line' id='line_1_51' title="bbox 359 3287 662 3350; baseline -0.013 -2"><span class='ocrx_word' id='word_1_264' title='bbox 359 3289 425 3350; x_wconf 89' lang='lat' dir='ltr'><strong>C.</strong></span> <span class='ocrx_word' id='word_1_265' title='bbox 469 3288 544 3349; x_wconf 82' lang='lat' dir='ltr'><strong>K.</strong></span> <span class='ocrx_word' id='word_1_266' title='bbox 590 3287 662 3345; x_wconf 91' lang='lat' dir='ltr'><strong>X.</strong></span> 
     </span>
    </p>
   </div>
   <div class='ocr_carea' id='block_1_7' title="bbox 50 3395 951 3624">
    <p class='ocr_par' dir='ltr' id='par_1_31' title="bbox 50 3395 951 3624">
     <span class='ocr_line' id='line_1_52' title="bbox 69 3395 951 3446; baseline -0.012 1"><span class='ocrx_word' id='word_1_267' title='bbox 69 3420 91 3446; x_wconf 89' lang='lat' dir='ltr'><strong>c</strong></span> <span class='ocrx_word' id='word_1_268' title='bbox 113 3403 256 3446; x_wconf 86' lang='lat' dir='ltr'><strong>littera</strong></span> <span class='ocrx_word' id='word_1_269' title='bbox 280 3399 452 3441; x_wconf 82' lang='lat' dir='ltr'><strong>inversa</strong></span> <span class='ocrx_word' id='word_1_270' title='bbox 476 3411 560 3438; x_wconf 84' lang='lat' dir='ltr'><strong>con</strong></span> <span class='ocrx_word' id='word_1_271' title='bbox 591 3395 756 3438; x_wconf 88' lang='lat' dir='ltr'><strong>indicat</strong></span> <span class='ocrx_word' id='word_1_272' title='bbox 784 3396 829 3437; x_wconf 89' lang='lat' dir='ltr'><strong>in</strong></span> <span class='ocrx_word' id='word_1_273' title='bbox 854 3410 951 3441; x_wconf 78' lang='lat' dir='ltr'><strong>voc,</strong></span> 
     </span>
     <span class='ocr_line' id='line_1_53' title="bbox 50 3452 950 3519; baseline -0.008 -16"><span class='ocrx_word' id='word_1_274' title='bbox 50 3510 54 3515; x_wconf 28' lang='lat'>¹</span> <span class='ocrx_word' id='word_1_275' title='bbox 128 3455 365 3513; x_wconf 80' lang='lat' dir='ltr'><strong>composit.</strong></span> <span class='ocrx_word' id='word_1_276' title='bbox 388 3454 518 3497; x_wconf 82' lang='lat' dir='ltr'><strong>Orat.</strong></span> <span class='ocrx_word' id='word_1_277' title='bbox 539 3453 609 3495; x_wconf 85' lang='grc'><strong>22.</strong></span> <span class='ocrx_word' id='word_1_278' title='bbox 670 3468 692 3494; x_wconf 91' lang='lat' dir='ltr'><strong>c</strong></span> <span class='ocrx_word' id='word_1_279' title='bbox 716 3463 757 3496; x_wconf 86' lang='lat' dir='ltr'><strong>et</strong></span> <span class='ocrx_word' id='word_1_280' title='bbox 775 3464 798 3519; x_wconf 31' lang='lat' dir='ltr'><strong>‘t</strong></span> <span class='ocrx_word' id='word_1_281' title='bbox 825 3452 950 3496; x_wconf 72' lang='lat' dir='ltr'><strong>cous.</strong></span> 
     </span>
     <span class='ocr_line' id='line_1_54' title="bbox 124 3510 817 3624; baseline -0.015 -8"><span class='ocrx_word' id='word_1_282' title='bbox 124 3518 233 3616; x_wconf 61' lang='lat'><strong>1²¹.</strong></span> <span class='ocrx_word' id='word_1_283' title='bbox 243 3512 310 3613; x_wconf 59' lang='lat'><strong>¹132</strong></span> <span class='ocrx_word' id='word_1_284' title='bbox 330 3513 376 3624; x_wconf 69' lang='lat'><strong>{3</strong></span> <span class='ocrx_word' id='word_1_285' title='bbox 397 3514 467 3611; x_wconf 67' lang='grc' dir='ltr'><strong>ἕὲῖ</strong></span> <span class='ocrx_word' id='word_1_286' title='bbox 505 3510 558 3552; x_wconf 86' lang='lat'><strong>¹¹·</strong></span> <span class='ocrx_word' id='word_1_287' title='bbox 580 3510 622 3563; x_wconf 61' lang='lat'><strong>⁴³</strong></span> <span class='ocrx_word' id='word_1_288' title='bbox 642 3511 734 3564; x_wconf 82' lang='lat'><strong>⁵⁰·’</strong></span> <span class='ocrx_word' id='word_1_289' title='bbox 773 3527 817 3553; x_wconf 85' lang='lat'><strong>¹¹¹</strong></span> 
     </span>
    </p>
   </div>
   <div class='ocr_carea' id='block_1_8' title="bbox 1023 353 1965 1103">
    <p class='ocr_par' dir='ltr' id='par_1_32' title="bbox 1023 353 1916 528">
     <span class='ocr_line' id='line_1_55' title="bbox 1023 353 1916 418; baseline -0.004 -17"><span class='ocrx_word' id='word_1_290' title='bbox 1023 362 1192 403; x_wconf 83' lang='lat' dir='ltr'><strong>cadere</strong></span> <span class='ocrx_word' id='word_1_291' title='bbox 1212 373 1446 418; x_wconf 88' lang='lat' dir='ltr'><strong>perperam</strong></span> <span class='ocrx_word' id='word_1_292' title='bbox 1467 353 1745 416; x_wconf 84' lang='lat' dir='ltr'><strong>superfluum</strong></span> <span class='ocrx_word' id='word_1_293' title='bbox 1767 356 1916 403; x_wconf 82' lang='lat' dir='ltr'><strong>visum</strong></span> 
     </span>
     <span class='ocr_line' id='line_1_56' title="bbox 1082 413 1916 472; baseline -0.004 -12"><span class='ocrx_word' id='word_1_294' title='bbox 1082 418 1137 460; x_wconf 85' lang='grc' dir='ltr'><strong>Η.</strong></span> <span class='ocrx_word' id='word_1_295' title='bbox 1172 416 1212 472; x_wconf 81' lang='grc'><strong>5,</strong></span> <span class='ocrx_word' id='word_1_296' title='bbox 1246 417 1316 458; x_wconf 86' lang='lat'><strong>21.</strong></span> <span class='ocrx_word' id='word_1_297' title='bbox 1376 413 1500 458; x_wconf 84' lang='lat' dir='ltr'><strong>conf.</strong></span> <span class='ocrx_word' id='word_1_298' title='bbox 1531 415 1672 457; x_wconf 81' lang='lat' dir='ltr'><strong>cecidi</strong></span> <span class='ocrx_word' id='word_1_299' title='bbox 1687 423 1739 459; x_wconf 67' lang='lat' dir='ltr'><strong>‘et</strong></span> <span class='ocrx_word' id='word_1_300' title='bbox 1771 415 1916 458; x_wconf 83' lang='lat' dir='ltr'><strong>occidi</strong></span> 
     </span>
     <span class='ocr_line' id='line_1_57' title="bbox 1082 472 1450 528; baseline -0.011 -9"><span class='ocrx_word' id='word_1_301' title='bbox 1082 477 1169 519; x_wconf 83' lang='lat' dir='ltr'><strong>An.</strong></span> <span class='ocrx_word' id='word_1_302' title='bbox 1201 475 1264 528; x_wconf 77' lang='lat'><strong>14,</strong></span> <span class='ocrx_word' id='word_1_303' title='bbox 1284 473 1355 516; x_wconf 87' lang='grc'><strong>33.</strong></span> <span class='ocrx_word' id='word_1_304' title='bbox 1379 472 1450 516; x_wconf 88' lang='grc'><strong>37.</strong></span> 
     </span>
    </p>

    <p class='ocr_par' dir='ltr' id='par_1_33' title="bbox 1023 528 1914 586">
     <span class='ocr_line' id='line_1_58' title="bbox 1023 528 1914 586; baseline -0.006 -7"><span class='ocrx_word' id='word_1_305' title='bbox 1023 532 1189 579; x_wconf 87' lang='lat' dir='ltr'><strong>Cadius</strong></span> <span class='ocrx_word' id='word_1_306' title='bbox 1210 530 1354 573; x_wconf 81' lang='lat' dir='ltr'><strong>Rufus</strong></span> <span class='ocrx_word' id='word_1_307' title='bbox 1381 530 1471 574; x_wconf 90' lang='lat' dir='ltr'><strong>An.</strong></span> <span class='ocrx_word' id='word_1_308' title='bbox 1499 529 1565 583; x_wconf 85' lang='lat'><strong>12,</strong></span> <span class='ocrx_word' id='word_1_309' title='bbox 1583 528 1656 573; x_wconf 82' lang='lat'><strong>22.</strong></span> <span class='ocrx_word' id='word_1_310' title='bbox 1699 528 1754 573; x_wconf 86' lang='lat' dir='ltr'><strong>H.</strong></span> <span class='ocrx_word' id='word_1_311' title='bbox 1782 530 1821 586; x_wconf 87' lang='lat'><strong>1,</strong></span> <span class='ocrx_word' id='word_1_312' title='bbox 1840 529 1914 574; x_wconf 85' lang='grc'><strong>77.</strong></span> 
     </span>
    </p>

    <p class='ocr_par' dir='ltr' id='par_1_34' title="bbox 1025 586 1916 644">
     <span class='ocr_line' id='line_1_59' title="bbox 1025 586 1916 644; baseline -0.004 -8"><span class='ocrx_word' id='word_1_313' title='bbox 1025 589 1330 642; x_wconf 83' lang='lat' dir='ltr'><strong>Caecilianus,</strong></span> <span class='ocrx_word' id='word_1_314' title='bbox 1361 586 1413 629; x_wconf 89' lang='lat' dir='ltr'><strong>de</strong></span> <span class='ocrx_word' id='word_1_315' title='bbox 1437 587 1590 644; x_wconf 84' lang='lat' dir='ltr'><strong>script.</strong></span> <span class='ocrx_word' id='word_1_316' title='bbox 1616 587 1702 632; x_wconf 87' lang='lat' dir='ltr'><strong>An.</strong></span> <span class='ocrx_word' id='word_1_317' title='bbox 1725 588 1768 644; x_wconf 90' lang='lat'><strong>6,</strong></span> <span class='ocrx_word' id='word_1_318' title='bbox 1787 587 1832 632; x_wconf 82' lang='grc'><strong>7.</strong></span> <span class='ocrx_word' id='word_1_319' title='bbox 1913 595 1916 598; x_wconf 75' lang='grc'><strong>”</strong></span> 
     </span>
    </p>

    <p class='ocr_par' dir='ltr' id='par_1_35' title="bbox 1027 643 1913 701">
     <span class='ocr_line' id='line_1_60' title="bbox 1027 643 1913 701; baseline -0.002 -9"><span class='ocrx_word' id='word_1_320' title='bbox 1027 648 1244 692; x_wconf 87' lang='lat' dir='ltr'><strong>Caecilius</strong></span> <span class='ocrx_word' id='word_1_321' title='bbox 1270 655 1311 688; x_wconf 88' lang='lat' dir='ltr'><strong>et</strong></span> <span class='ocrx_word' id='word_1_322' title='bbox 1337 643 1512 686; x_wconf 87' lang='lat' dir='ltr'><strong>Caelius</strong></span> <span class='ocrx_word' id='word_1_323' title='bbox 1537 645 1658 687; x_wconf 87' lang='lat' dir='ltr'><strong>conf.</strong></span> <span class='ocrx_word' id='word_1_324' title='bbox 1683 645 1913 701; x_wconf 70' lang='lat' dir='ltr'><strong>Ar..2‚41.</strong></span> 
     </span>
    </p>

    <p class='ocr_par' dir='ltr' id='par_1_36' title="bbox 1024 700 1965 816">
     <span class='ocr_line' id='line_1_61' title="bbox 1024 700 1965 759; baseline 0 -9"><span class='ocrx_word' id='word_1_325' title='bbox 1024 706 1238 754; x_wconf 87' lang='lat' dir='ltr'><strong>Caecina,</strong></span> <span class='ocrx_word' id='word_1_326' title='bbox 1280 717 1372 744; x_wconf 89' lang='lat' dir='ltr'><strong>non</strong></span> <span class='ocrx_word' id='word_1_327' title='bbox 1405 700 1632 743; x_wconf 80' lang='lat' dir='ltr'><strong>Caecinna</strong></span> <span class='ocrx_word' id='word_1_328' title='bbox 1665 702 1756 747; x_wconf 88' lang='lat' dir='ltr'><strong>An.</strong></span> <span class='ocrx_word' id='word_1_329' title='bbox 1780 702 1822 759; x_wconf 85' lang='grc'><strong>3,</strong></span> <span class='ocrx_word' id='word_1_330' title='bbox 1841 702 1915 750; x_wconf 78' lang='grc'><strong>33.</strong></span> <span class='ocrx_word' id='word_1_331' title='bbox 1962 755 1965 757; x_wconf 66' lang='lat'>‚</span> 
     </span>
     <span class='ocr_line' id='line_1_62' title="bbox 1079 757 1728 816; baseline -0.006 -10"><span class='ocrx_word' id='word_1_332' title='bbox 1079 764 1134 806; x_wconf 93' lang='lat' dir='ltr'><strong>H.</strong></span> <span class='ocrx_word' id='word_1_333' title='bbox 1162 764 1200 816; x_wconf 92' lang='grc'><strong>1,</strong></span> <span class='ocrx_word' id='word_1_334' title='bbox 1223 761 1292 803; x_wconf 90' lang='grc'><strong>52.</strong></span> <span class='ocrx_word' id='word_1_335' title='bbox 1325 761 1367 812; x_wconf 91' lang='grc'><strong>2,</strong></span> <span class='ocrx_word' id='word_1_336' title='bbox 1393 758 1463 802; x_wconf 91' lang='grc'><strong>11.</strong></span> <span class='ocrx_word' id='word_1_337' title='bbox 1502 757 1634 804; x_wconf 87' lang='lat' dir='ltr'><strong>Orat.</strong></span> <span class='ocrx_word' id='word_1_338' title='bbox 1659 761 1728 803; x_wconf 88' lang='lat'><strong>20.</strong></span> 
     </span>
    </p>

    <p class='ocr_par' dir='ltr' id='par_1_37' title="bbox 1024 816 1917 876">
     <span class='ocr_line' id='line_1_63' title="bbox 1024 816 1917 876; baseline -0.001 -11"><span class='ocrx_word' id='word_1_339' title='bbox 1024 824 1187 867; x_wconf 83' lang='lat' dir='ltr'><strong>caedes</strong></span> <span class='ocrx_word' id='word_1_340' title='bbox 1208 816 1367 876; x_wconf 89' lang='lat' dir='ltr'><strong>plural.</strong></span> <span class='ocrx_word' id='word_1_341' title='bbox 1391 830 1584 858; x_wconf 88' lang='lat' dir='ltr'><strong>numero</strong></span> <span class='ocrx_word' id='word_1_342' title='bbox 1609 818 1693 860; x_wconf 89' lang='lat' dir='ltr'><strong>An.</strong></span> <span class='ocrx_word' id='word_1_343' title='bbox 1720 819 1788 874; x_wconf 90' lang='grc'><strong>12,</strong></span> <span class='ocrx_word' id='word_1_344' title='bbox 1812 818 1885 864; x_wconf 89' lang='grc'><strong>38.</strong></span> <span class='ocrx_word' id='word_1_345' title='bbox 1912 832 1917 845; x_wconf 75' lang='lat'><strong><em>¹</em></strong></span> 
     </span>
    </p>

    <p class='ocr_par' dir='ltr' id='par_1_38' title="bbox 1024 875 1857 932">
     <span class='ocr_line' id='line_1_64' title="bbox 1024 875 1857 932; baseline -0.002 -9"><span class='ocrx_word' id='word_1_346' title='bbox 1024 879 1222 925; x_wconf 84' lang='lat' dir='ltr'><strong>caelebs,</strong></span> <span class='ocrx_word' id='word_1_347' title='bbox 1254 889 1344 918; x_wconf 91' lang='lat' dir='ltr'><strong>non</strong></span> <span class='ocrx_word' id='word_1_348' title='bbox 1373 875 1549 916; x_wconf 79' lang='lat' dir='ltr'><strong>coelebs</strong></span> <span class='ocrx_word' id='word_1_349' title='bbox 1576 875 1667 918; x_wconf 89' lang='lat' dir='ltr'><strong>An.</strong></span> <span class='ocrx_word' id='word_1_350' title='bbox 1694 879 1763 932; x_wconf 89' lang='grc'><strong>11,</strong></span> <span class='ocrx_word' id='word_1_351' title='bbox 1785 877 1857 922; x_wconf 70' lang='grc'><strong>26.</strong></span> 
     </span>
    </p>

    <p class='ocr_par' dir='ltr' id='par_1_39' title="bbox 1027 930 1502 986">
     <span class='ocr_line' id='line_1_65' title="bbox 1027 930 1502 986; baseline -0.011 -6"><span class='ocrx_word' id='word_1_352' title='bbox 1027 936 1200 982; x_wconf 89' lang='lat' dir='ltr'><strong>Caelius</strong></span> <span class='ocrx_word' id='word_1_353' title='bbox 1227 934 1313 975; x_wconf 86' lang='lat' dir='ltr'><strong>An.</strong></span> <span class='ocrx_word' id='word_1_354' title='bbox 1342 931 1410 986; x_wconf 86' lang='lat'><strong>12,</strong></span> <span class='ocrx_word' id='word_1_355' title='bbox 1430 930 1502 975; x_wconf 87' lang='grc'><strong>45.</strong></span> 
     </span>
    </p>

    <p class='ocr_par' dir='ltr' id='par_1_40' title="bbox 1027 988 1916 1103">
     <span class='ocr_line' id='line_1_66' title="bbox 1027 988 1916 1051; baseline -0.004 -13"><span class='ocrx_word' id='word_1_356' title='bbox 1027 991 1338 1040; x_wconf 80' lang='lat' dir='ltr'><strong>caerimonia,</strong></span> <span class='ocrx_word' id='word_1_357' title='bbox 1377 989 1432 1030; x_wconf 89' lang='lat' dir='ltr'><strong>de</strong></span> <span class='ocrx_word' id='word_1_358' title='bbox 1464 1003 1563 1033; x_wconf 90' lang='lat' dir='ltr'><strong>voc.</strong></span> <span class='ocrx_word' id='word_1_359' title='bbox 1591 988 1736 1033; x_wconf 82' lang='lat' dir='ltr'><strong>forma</strong></span> <span class='ocrx_word' id='word_1_360' title='bbox 1757 990 1850 1051; x_wconf 62' lang='lat' dir='ltr'><strong>An.</strong></span> <span class='ocrx_word' id='word_1_361' title='bbox 1874 992 1916 1047; x_wconf 85' lang='lat'><strong>1,</strong></span> 
     </span>
     <span class='ocr_line' id='line_1_67' title="bbox 1086 1046 1916 1103; baseline -0.001 -10"><span class='ocrx_word' id='word_1_362' title='bbox 1086 1051 1151 1093; x_wconf 78' lang='grc'><strong>54.</strong></span> <span class='ocrx_word' id='word_1_363' title='bbox 1192 1049 1235 1103; x_wconf 88' lang='grc'><strong>4,</strong></span> <span class='ocrx_word' id='word_1_364' title='bbox 1268 1048 1338 1090; x_wconf 87' lang='grc'><strong>55.</strong></span> <span class='ocrx_word' id='word_1_365' title='bbox 1372 1046 1444 1088; x_wconf 88' lang='grc'><strong>64.</strong></span> <span class='ocrx_word' id='word_1_366' title='bbox 1490 1047 1558 1100; x_wconf 89' lang='grc'><strong>11,</strong></span> <span class='ocrx_word' id='word_1_367' title='bbox 1594 1047 1663 1089; x_wconf 91' lang='grc'><strong>11.</strong></span> <span class='ocrx_word' id='word_1_368' title='bbox 1724 1048 1916 1092; x_wconf 89' lang='lat' dir='ltr'><strong>eandem</strong></span> 
     </span>
    </p>
   </div>
   <div class='ocr_carea' id='block_1_9' title="bbox 1084 1100 1994 1161">
    <p class='ocr_par' dir='ltr' id='par_1_41' title="bbox 1084 1100 1994 1161">
     <span class='ocr_line' id='line_1_68' title="bbox 1084 1100 1994 1161; baseline -0.004 -10"><span class='ocrx_word' id='word_1_369' title='bbox 1084 1100 1279 1151; x_wconf 75' lang='lat' dir='ltr'><strong>formam</strong></span> <span class='ocrx_word' id='word_1_370' title='bbox 1306 1103 1510 1146; x_wconf 85' lang='lat' dir='ltr'><strong>exhibent</strong></span> <span class='ocrx_word' id='word_1_371' title='bbox 1532 1103 1700 1161; x_wconf 85' lang='lat' dir='ltr'><strong>lapides</strong></span> <span class='ocrx_word' id='word_1_372' title='bbox 1714 1104 1774 1147; x_wconf 75' lang='lat' dir='ltr'><strong>‘ab</strong></span> <span class='ocrx_word' id='word_1_373' title='bbox 1799 1107 1914 1149; x_wconf 83' lang='lat' dir='ltr'><strong>scri·</strong></span> <span class='ocrx_word' id='word_1_374' title='bbox 1991 1154 1994 1161; x_wconf 32' lang='grc' dir='ltr'>ι</span> 
     </span>
    </p>
   </div>
   <div class='ocr_carea' id='block_1_10' title="bbox 1026 1161 1961 2028">
    <p class='ocr_par' dir='ltr' id='par_1_42' title="bbox 1086 1161 1917 1274">
     <span class='ocr_line' id='line_1_69' title="bbox 1086 1161 1917 1222; baseline 0 -15"><span class='ocrx_word' id='word_1_375' title='bbox 1086 1164 1287 1222; x_wconf 81' lang='lat' dir='ltr'><strong>ptoribus</strong></span> <span class='ocrx_word' id='word_1_376' title='bbox 1312 1162 1366 1203; x_wconf 89' lang='lat' dir='ltr'><strong>de</strong></span> <span class='ocrx_word' id='word_1_377' title='bbox 1388 1161 1701 1220; x_wconf 77' lang='lat' dir='ltr'><strong>orthographia</strong></span> <span class='ocrx_word' id='word_1_378' title='bbox 1730 1162 1917 1220; x_wconf 85' lang='lat' dir='ltr'><strong>prolati.</strong></span> 
     </span>
     <span class='ocr_line' id='line_1_70' title="bbox 1086 1218 1723 1274; baseline -0.003 -9"><span class='ocrx_word' id='word_1_379' title='bbox 1086 1220 1258 1265; x_wconf 82' lang='lat' dir='ltr'><strong>Duker.</strong></span> <span class='ocrx_word' id='word_1_380' title='bbox 1283 1218 1337 1261; x_wconf 91' lang='lat' dir='ltr'><strong>ad</strong></span> <span class='ocrx_word' id='word_1_381' title='bbox 1360 1219 1481 1262; x_wconf 89' lang='lat' dir='ltr'><strong>Flor.</strong></span> <span class='ocrx_word' id='word_1_382' title='bbox 1507 1220 1540 1274; x_wconf 90' lang='lat'><strong>1,</strong></span> <span class='ocrx_word' id='word_1_383' title='bbox 1562 1221 1602 1262; x_wconf 87' lang='lat'><strong>2.</strong></span> <span class='ocrx_word' id='word_1_384' title='bbox 1625 1219 1723 1263; x_wconf 88' lang='lat' dir='ltr'><strong>init.</strong></span> 
     </span>
    </p>

    <p class='ocr_par' dir='ltr' id='par_1_43' title="bbox 1031 1275 1961 1666">
     <span class='ocr_line' id='line_1_71' title="bbox 1031 1275 1920 1335; baseline -0.002 -10"><span class='ocrx_word' id='word_1_385' title='bbox 1031 1279 1231 1325; x_wconf 87' lang='lat' dir='ltr'><strong>Caesaris</strong></span> <span class='ocrx_word' id='word_1_386' title='bbox 1266 1278 1312 1320; x_wconf 89' lang='lat' dir='ltr'><strong>in</strong></span> <span class='ocrx_word' id='word_1_387' title='bbox 1346 1275 1638 1320; x_wconf 87' lang='lat' dir='ltr'><strong>Germaniam</strong></span> <span class='ocrx_word' id='word_1_388' title='bbox 1670 1278 1920 1335; x_wconf 86' lang='lat' dir='ltr'><strong>expeditio-</strong></span> 
     </span>
     <span class='ocr_line' id='line_1_72' title="bbox 1089 1333 1919 1393; baseline 0.001 -13"><span class='ocrx_word' id='word_1_389' title='bbox 1089 1353 1169 1380; x_wconf 84' lang='lat' dir='ltr'><strong>nes</strong></span> <span class='ocrx_word' id='word_1_390' title='bbox 1205 1334 1359 1378; x_wconf 90' lang='lat' dir='ltr'><strong>Germ.</strong></span> <span class='ocrx_word' id='word_1_391' title='bbox 1397 1335 1464 1378; x_wconf 89' lang='grc'><strong>37.</strong></span> <span class='ocrx_word' id='word_1_392' title='bbox 1526 1333 1620 1377; x_wconf 89' lang='lat' dir='ltr'><strong>eius</strong></span> <span class='ocrx_word' id='word_1_393' title='bbox 1663 1335 1919 1393; x_wconf 73' lang='lat' dir='ltr'><strong>eloquentia</strong></span> 
     </span>
     <span class='ocr_line' id='line_1_73' title="bbox 1089 1391 1954 1438; baseline 0.002 -1"><span class='ocrx_word' id='word_1_394' title='bbox 1089 1394 1217 1438; x_wconf 91' lang='lat' dir='ltr'><strong>Orat.</strong></span> <span class='ocrx_word' id='word_1_395' title='bbox 1245 1395 1314 1435; x_wconf 90' lang='lat'><strong>21.</strong></span> <span class='ocrx_word' id='word_1_396' title='bbox 1377 1392 1472 1434; x_wconf 89' lang='lat' dir='ltr'><strong>eius</strong></span> <span class='ocrx_word' id='word_1_397' title='bbox 1506 1391 1663 1436; x_wconf 82' lang='lat' dir='ltr'><strong>contra</strong></span> <span class='ocrx_word' id='word_1_398' title='bbox 1696 1392 1920 1438; x_wconf 83' lang='lat' dir='ltr'><strong>Dolabel·</strong></span> <span class='ocrx_word' id='word_1_399' title='bbox 1946 1396 1954 1404; x_wconf 56' lang='lat'><strong>²</strong></span> 
     </span>
     <span class='ocr_line' id='line_1_74' title="bbox 1088 1447 1919 1498; baseline -0.002 -3"><span class='ocrx_word' id='word_1_400' title='bbox 1088 1453 1175 1495; x_wconf 84' lang='lat' dir='ltr'><strong>lam</strong></span> <span class='ocrx_word' id='word_1_401' title='bbox 1223 1447 1606 1498; x_wconf 53' lang='lat' dir='ltr'><strong>orationes&#39;ibid.</strong></span> <span class='ocrx_word' id='word_1_402' title='bbox 1654 1465 1694 1494; x_wconf 85' lang='lat' dir='ltr'><strong>c.</strong></span> <span class='ocrx_word' id='word_1_403' title='bbox 1736 1450 1820 1495; x_wconf 66' lang='lat'><strong>34:</strong></span> <span class='ocrx_word' id='word_1_404' title='bbox 1876 1468 1919 1497; x_wconf 83' lang='lat' dir='ltr'><strong>v.</strong></span> 
     </span>
     <span class='ocr_line' id='line_1_75' title="bbox 1088 1507 1920 1565; baseline 0 -13"><span class='ocrx_word' id='word_1_405' title='bbox 1088 1511 1260 1552; x_wconf 90' lang='lat' dir='ltr'><strong>Ascon.</strong></span> <span class='ocrx_word' id='word_1_406' title='bbox 1298 1507 1349 1550; x_wconf 87' lang='lat' dir='ltr'><strong>ad</strong></span> <span class='ocrx_word' id='word_1_407' title='bbox 1390 1507 1535 1551; x_wconf 89' lang='lat' dir='ltr'><strong>Cicer.</strong></span> <span class='ocrx_word' id='word_1_408' title='bbox 1580 1514 1693 1551; x_wconf 83' lang='lat' dir='ltr'><strong>orat.</strong></span> <span class='ocrx_word' id='word_1_409' title='bbox 1736 1524 1819 1565; x_wconf 89' lang='lat' dir='ltr'><strong>pro</strong></span> <span class='ocrx_word' id='word_1_410' title='bbox 1863 1508 1920 1552; x_wconf 91' lang='grc' dir='ltr'><strong>Ρ.</strong></span> 
     </span>
     <span class='ocr_line' id='line_1_76' title="bbox 1091 1565 1961 1626; baseline 0 -16"><span class='ocrx_word' id='word_1_411' title='bbox 1091 1565 1287 1610; x_wconf 75' lang='lat' dir='ltr'><strong>Aemilio</strong></span> <span class='ocrx_word' id='word_1_412' title='bbox 1335 1565 1507 1609; x_wconf 85' lang='lat' dir='ltr'><strong>Scauro</strong></span> <span class='ocrx_word' id='word_1_413' title='bbox 1561 1578 1606 1622; x_wconf 87' lang='lat' dir='ltr'><strong>p.</strong></span> <span class='ocrx_word' id='word_1_414' title='bbox 1649 1565 1750 1608; x_wconf 88' lang='lat'><strong>210.</strong></span> <span class='ocrx_word' id='word_1_415' title='bbox 1801 1566 1920 1626; x_wconf 86' lang='lat' dir='ltr'><strong>expl.</strong></span> <span class='ocrx_word' id='word_1_416' title='bbox 1958 1613 1961 1620; x_wconf 17' lang='grc' dir='ltr'>Χ</span> 
     </span>
     <span class='ocr_line' id='line_1_77' title="bbox 1090 1624 1230 1666; baseline 0 -1"><span class='ocrx_word' id='word_1_417' title='bbox 1090 1624 1230 1666; x_wconf 88' lang='lat' dir='ltr'><strong>Beier.</strong></span> 
     </span>
    </p>

    <p class='ocr_par' dir='ltr' id='par_1_44' title="bbox 1032 1679 1755 1736">
     <span class='ocr_line' id='line_1_78' title="bbox 1032 1679 1755 1736; baseline -0.007 -12"><span class='ocrx_word' id='word_1_418' title='bbox 1032 1681 1303 1726; x_wconf 80' lang='lat' dir='ltr'><strong>Caesennius</strong></span> <span class='ocrx_word' id='word_1_419' title='bbox 1328 1679 1487 1722; x_wconf 80' lang='lat' dir='ltr'><strong>Paetus</strong></span> <span class='ocrx_word' id='word_1_420' title='bbox 1511 1679 1600 1722; x_wconf 86' lang='lat' dir='ltr'><strong>An.</strong></span> <span class='ocrx_word' id='word_1_421' title='bbox 1625 1679 1695 1736; x_wconf 81' lang='grc'><strong>15,</strong></span> <span class='ocrx_word' id='word_1_422' title='bbox 1713 1681 1755 1725; x_wconf 88' lang='grc'><strong>6,</strong></span> 
     </span>
    </p>

    <p class='ocr_par' dir='ltr' id='par_1_45' title="bbox 1033 1735 1691 1792">
     <span class='ocr_line' id='line_1_79' title="bbox 1033 1735 1691 1792; baseline -0.002 -9"><span class='ocrx_word' id='word_1_423' title='bbox 1033 1738 1214 1783; x_wconf 88' lang='lat' dir='ltr'><strong>Caesius</strong></span> <span class='ocrx_word' id='word_1_424' title='bbox 1237 1737 1412 1780; x_wconf 89' lang='lat' dir='ltr'><strong>Cordus</strong></span> <span class='ocrx_word' id='word_1_425' title='bbox 1440 1738 1528 1779; x_wconf 86' lang='lat' dir='ltr'><strong>An.</strong></span> <span class='ocrx_word' id='word_1_426' title='bbox 1555 1736 1597 1792; x_wconf 82' lang='grc'><strong>3,</strong></span> <span class='ocrx_word' id='word_1_427' title='bbox 1618 1735 1691 1782; x_wconf 83' lang='grc'><strong>38.</strong></span> 
     </span>
    </p>

    <p class='ocr_par' dir='ltr' id='par_1_46' title="bbox 1035 1794 1572 1848">
     <span class='ocr_line' id='line_1_80' title="bbox 1035 1794 1572 1848; baseline 0 -11"><span class='ocrx_word' id='word_1_428' title='bbox 1035 1794 1278 1838; x_wconf 88' lang='lat' dir='ltr'><strong>Caesonius</strong></span> <span class='ocrx_word' id='word_1_429' title='bbox 1301 1795 1387 1838; x_wconf 79' lang='lat' dir='ltr'><strong>An.</strong></span> <span class='ocrx_word' id='word_1_430' title='bbox 1411 1795 1478 1848; x_wconf 90' lang='grc'><strong>15,</strong></span> <span class='ocrx_word' id='word_1_431' title='bbox 1501 1795 1572 1837; x_wconf 93' lang='grc'><strong>71.</strong></span> 
     </span>
    </p>

    <p class='ocr_par' dir='ltr' id='par_1_47' title="bbox 1026 1852 1925 1950">
     <span class='ocr_line' id='line_1_81' title="bbox 1026 1852 1925 1950; baseline 0.004 -53"><span class='ocrx_word' id='word_1_432' title='bbox 1026 1852 1192 1950; x_wconf 39' lang='lat' dir='ltr'><strong>Caius,</strong></span> <span class='ocrx_word' id='word_1_433' title='bbox 1237 1852 1291 1895; x_wconf 90' lang='lat' dir='ltr'><strong>de</strong></span> <span class='ocrx_word' id='word_1_434' title='bbox 1331 1868 1562 1910; x_wconf 87' lang='lat' dir='ltr'><strong>praenom.</strong></span> <span class='ocrx_word' id='word_1_435' title='bbox 1600 1853 1754 1911; x_wconf 87' lang='lat' dir='ltr'><strong>script.</strong></span> <span class='ocrx_word' id='word_1_436' title='bbox 1791 1854 1925 1901; x_wconf 79' lang='lat' dir='ltr'><strong>Orat.</strong></span> 
     </span>
    </p>

    <p class='ocr_par' dir='ltr' id='par_1_48' title="bbox 1047 1917 1161 1953">
     <span class='ocr_line' id='line_1_82' title="bbox 1047 1917 1161 1953; baseline 0.009 -1"><span class='ocrx_word' id='word_1_437' title='bbox 1047 1924 1053 1929; x_wconf 65' lang='lat'><strong>⁴</strong></span> <span class='ocrx_word' id='word_1_438' title='bbox 1094 1917 1116 1952; x_wconf 88' lang='grc'><strong>1</strong></span> <span class='ocrx_word' id='word_1_439' title='bbox 1150 1942 1161 1953; x_wconf 88' lang='grc'><strong>.</strong></span> 
     </span>
    </p>

    <p class='ocr_par' dir='ltr' id='par_1_49' title="bbox 1032 1966 1923 2028">
     <span class='ocr_line' id='line_1_83' title="bbox 1032 1966 1923 2028; baseline 0.004 -18"><span class='ocrx_word' id='word_1_440' title='bbox 1032 1967 1316 2017; x_wconf 73' lang='lat' dir='ltr'><strong>calamis-ter,</strong></span> <span class='ocrx_word' id='word_1_441' title='bbox 1342 1966 1492 2011; x_wconf 84' lang='lat' dir='ltr'><strong>variae</strong></span> <span class='ocrx_word' id='word_1_442' title='bbox 1513 1966 1687 2011; x_wconf 82' lang='lat' dir='ltr'><strong>formae</strong></span> <span class='ocrx_word' id='word_1_443' title='bbox 1703 1975 1752 2026; x_wconf 77' lang='lat' dir='ltr'><strong>¹et</strong></span> <span class='ocrx_word' id='word_1_444' title='bbox 1772 1967 1923 2028; x_wconf 85' lang='lat' dir='ltr'><strong>signif.</strong></span> 
     </span>
    </p>
   </div>
   <div class='ocr_carea' id='block_1_11' title="bbox 1090 2023 1313 2067">
    <p class='ocr_par' dir='ltr' id='par_1_50' title="bbox 1090 2023 1313 2067">
     <span class='ocr_line' id='line_1_84' title="bbox 1090 2023 1313 2067; baseline 0.009 -2"><span class='ocrx_word' id='word_1_445' title='bbox 1090 2023 1216 2067; x_wconf 87' lang='lat' dir='ltr'><strong>Orat.</strong></span> <span class='ocrx_word' id='word_1_446' title='bbox 1240 2023 1313 2067; x_wconf 87' lang='lat'><strong>26.</strong></span> 
     </span>
    </p>
   </div>
   <div class='ocr_carea' id='block_1_12' title="bbox 1031 2079 2089 2139">
    <p class='ocr_par' dir='ltr' id='par_1_51' title="bbox 1031 2079 2089 2139">
     <span class='ocr_line' id='line_1_85' title="bbox 1031 2079 2089 2139; baseline -0.009 -14"><span class='ocrx_word' id='word_1_447' title='bbox 1031 2081 1301 2136; x_wconf 87' lang='lat' dir='ltr'><strong>Caledonia,</strong></span> <span class='ocrx_word' id='word_1_448' title='bbox 1330 2097 1423 2124; x_wconf 90' lang='lat' dir='ltr'><strong>non</strong></span> <span class='ocrx_word' id='word_1_449' title='bbox 1450 2079 1685 2126; x_wconf 83' lang='lat' dir='ltr'><strong>Calidonia</strong></span> <span class='ocrx_word' id='word_1_450' title='bbox 1715 2083 1826 2139; x_wconf 81' lang='lat' dir='ltr'><strong>Agr,</strong></span> <span class='ocrx_word' id='word_1_451' title='bbox 1851 2083 1924 2128; x_wconf 77' lang='lat'><strong>25,</strong></span> <span class='ocrx_word' id='word_1_452' title='bbox 1990 2090 2025 2107; x_wconf 88' lang='lat'><strong>-·</strong></span> <span class='ocrx_word' id='word_1_453' title='bbox 2088 2104 2089 2107; x_wconf 20' lang='grc' dir='ltr'>η</span> 
     </span>
    </p>
   </div>
   <div class='ocr_carea' id='block_1_13' title="bbox 1027 2137 1975 2937">
    <p class='ocr_par' dir='ltr' id='par_1_52' title="bbox 1085 2137 1923 2253">
     <span class='ocr_line' id='line_1_86' title="bbox 1085 2137 1923 2194; baseline 0.007 -16"><span class='ocrx_word' id='word_1_454' title='bbox 1085 2138 1162 2182; x_wconf 85' lang='lat' dir='ltr'><strong>Sic</strong></span> <span class='ocrx_word' id='word_1_455' title='bbox 1200 2137 1362 2182; x_wconf 85' lang='lat' dir='ltr'><strong>Graeci</strong></span> <span class='ocrx_word' id='word_1_456' title='bbox 1401 2138 1486 2181; x_wconf 88' lang='lat' dir='ltr'><strong>adi.</strong></span> <span class='ocrx_word' id='word_1_457' title='bbox 1522 2137 1826 2194; x_wconf 76' lang='grc' dir='ltr'><strong>Καληδόνιος.</strong></span> <span class='ocrx_word' id='word_1_458' title='bbox 1879 2158 1923 2188; x_wconf 76' lang='lat'><strong>5.</strong></span> 
     </span>
     <span class='ocr_line' id='line_1_87' title="bbox 1086 2195 1864 2253; baseline 0.006 -15"><span class='ocrx_word' id='word_1_459' title='bbox 1086 2195 1383 2252; x_wconf 87' lang='lat' dir='ltr'><strong>Oudendorp.</strong></span> <span class='ocrx_word' id='word_1_460' title='bbox 1406 2196 1461 2238; x_wconf 81' lang='lat' dir='ltr'><strong>ad</strong></span> <span class='ocrx_word' id='word_1_461' title='bbox 1485 2195 1657 2240; x_wconf 87' lang='lat' dir='ltr'><strong>Lucan.</strong></span> <span class='ocrx_word' id='word_1_462' title='bbox 1683 2197 1864 2253; x_wconf 68' lang='lat' dir='ltr'><strong>V1,-68.</strong></span> 
     </span>
    </p>

    <p class='ocr_par' dir='ltr' id='par_1_53' title="bbox 1029 2252 1470 2308">
     <span class='ocr_line' id='line_1_88' title="bbox 1029 2252 1470 2308; baseline 0.002 -14"><span class='ocrx_word' id='word_1_463' title='bbox 1029 2253 1249 2308; x_wconf 75' lang='lat' dir='ltr'><strong>Calgacus·</strong></span> <span class='ocrx_word' id='word_1_464' title='bbox 1266 2252 1378 2308; x_wconf 86' lang='lat' dir='ltr'><strong>Agr.</strong></span> <span class='ocrx_word' id='word_1_465' title='bbox 1399 2253 1470 2299; x_wconf 87' lang='lat'><strong>29.</strong></span> 
     </span>
    </p>

    <p class='ocr_par' dir='ltr' id='par_1_54' title="bbox 1028 2308 1918 2427">
     <span class='ocr_line' id='line_1_89' title="bbox 1028 2308 1918 2364; baseline 0.004 -11"><span class='ocrx_word' id='word_1_466' title='bbox 1028 2308 1198 2353; x_wconf 87' lang='lat' dir='ltr'><strong>calidae</strong></span> <span class='ocrx_word' id='word_1_467' title='bbox 1222 2325 1360 2363; x_wconf 86' lang='lat' dir='ltr'><strong>aquae</strong></span> <span class='ocrx_word' id='word_1_468' title='bbox 1387 2326 1491 2352; x_wconf 91' lang='lat' dir='ltr'><strong>usus</strong></span> <span class='ocrx_word' id='word_1_469' title='bbox 1513 2310 1605 2353; x_wconf 89' lang='lat' dir='ltr'><strong>An.</strong></span> <span class='ocrx_word' id='word_1_470' title='bbox 1634 2311 1701 2364; x_wconf 84' lang='grc'><strong>13,</strong></span> <span class='ocrx_word' id='word_1_471' title='bbox 1724 2313 1794 2356; x_wconf 88' lang='grc'><strong>16.</strong></span> <span class='ocrx_word' id='word_1_472' title='bbox 1836 2329 1918 2356; x_wconf 83' lang='lat' dir='ltr'><strong>ca-</strong></span> 
     </span>
     <span class='ocr_line' id='line_1_90' title="bbox 1082 2366 1876 2427; baseline 0.01 -21"><span class='ocrx_word' id='word_1_473' title='bbox 1082 2366 1204 2408; x_wconf 80' lang='lat' dir='ltr'><strong>lidus</strong></span> <span class='ocrx_word' id='word_1_474' title='bbox 1228 2374 1270 2407; x_wconf 86' lang='lat' dir='ltr'><strong>et</strong></span> <span class='ocrx_word' id='word_1_475' title='bbox 1294 2368 1489 2409; x_wconf 78' lang='lat' dir='ltr'><strong>callidus</strong></span> <span class='ocrx_word' id='word_1_476' title='bbox 1514 2367 1637 2412; x_wconf 87' lang='lat' dir='ltr'><strong>conf.</strong></span> <span class='ocrx_word' id='word_1_477' title='bbox 1663 2369 1717 2413; x_wconf 88' lang='lat' dir='ltr'><strong>H.</strong></span> <span class='ocrx_word' id='word_1_478' title='bbox 1745 2372 1783 2427; x_wconf 91' lang='grc'><strong>1,</strong></span> <span class='ocrx_word' id='word_1_479' title='bbox 1801 2367 1876 2414; x_wconf 89' lang='grc'><strong>48.</strong></span> 
     </span>
    </p>

    <p class='ocr_par' dir='ltr' id='par_1_55' title="bbox 1027 2424 1441 2479">
     <span class='ocr_line' id='line_1_91' title="bbox 1027 2424 1441 2479; baseline 0 -13"><span class='ocrx_word' id='word_1_480' title='bbox 1027 2425 1166 2466; x_wconf 77' lang='lat' dir='ltr'><strong>calles</strong></span> <span class='ocrx_word' id='word_1_481' title='bbox 1194 2424 1279 2464; x_wconf 87' lang='lat' dir='ltr'><strong>An.</strong></span> <span class='ocrx_word' id='word_1_482' title='bbox 1305 2425 1347 2479; x_wconf 83' lang='lat'><strong>4,</strong></span> <span class='ocrx_word' id='word_1_483' title='bbox 1369 2424 1441 2466; x_wconf 90' lang='grc'><strong>27.</strong></span> 
     </span>
    </p>

    <p class='ocr_par' dir='ltr' id='par_1_56' title="bbox 1028 2481 1898 2579">
     <span class='ocr_line' id='line_1_92' title="bbox 1028 2481 1898 2579; baseline 0.009 -56"><span class='ocrx_word' id='word_1_484' title='bbox 1028 2482 1225 2579; x_wconf 49' lang='lat' dir='ltr'><strong>miggius</strong></span> <span class='ocrx_word' id='word_1_485' title='bbox 1261 2496 1366 2525; x_wconf 82' lang='lat' dir='ltr'><strong>cum</strong></span> <span class='ocrx_word' id='word_1_486' title='bbox 1410 2481 1586 2525; x_wconf 82' lang='lat' dir='ltr'><strong>calidus</strong></span> <span class='ocrx_word' id='word_1_487' title='bbox 1627 2484 1747 2528; x_wconf 83' lang='lat' dir='ltr'><strong>conf.</strong></span> <span class='ocrx_word' id='word_1_488' title='bbox 1786 2485 1845 2531; x_wconf 86' lang='lat' dir='ltr'><strong>H.</strong></span> <span class='ocrx_word' id='word_1_489' title='bbox 1879 2488 1898 2530; x_wconf 89' lang='lat'><strong>1</strong></span> 
     </span>
    </p>

    <p class='ocr_par' dir='ltr' id='par_1_57' title="bbox 1030 2594 1544 2651">
     <span class='ocr_line' id='line_1_93' title="bbox 1030 2594 1544 2651; baseline 0.004 -13"><span class='ocrx_word' id='word_1_490' title='bbox 1030 2594 1237 2638; x_wconf 84' lang='lat' dir='ltr'><strong>Callistus</strong></span> <span class='ocrx_word' id='word_1_491' title='bbox 1261 2595 1351 2637; x_wconf 83' lang='lat' dir='ltr'><strong>An.</strong></span> <span class='ocrx_word' id='word_1_492' title='bbox 1382 2596 1451 2651; x_wconf 91' lang='grc'><strong>11,</strong></span> <span class='ocrx_word' id='word_1_493' title='bbox 1471 2597 1544 2640; x_wconf 85' lang='grc'><strong>29.</strong></span> 
     </span>
    </p>

    <p class='ocr_par' dir='ltr' id='par_1_58' title="bbox 1028 2653 1975 2827">
     <span class='ocr_line' id='line_1_94' title="bbox 1028 2653 1911 2709; baseline 0.009 -14"><span class='ocrx_word' id='word_1_494' title='bbox 1028 2655 1217 2695; x_wconf 80' lang='lat' dir='ltr'><strong>calones</strong></span> <span class='ocrx_word' id='word_1_495' title='bbox 1242 2661 1285 2695; x_wconf 89' lang='lat' dir='ltr'><strong>et</strong></span> <span class='ocrx_word' id='word_1_496' title='bbox 1308 2653 1443 2695; x_wconf 82' lang='lat' dir='ltr'><strong>lixae</strong></span> <span class='ocrx_word' id='word_1_497' title='bbox 1469 2653 1702 2699; x_wconf 85' lang='lat' dir='ltr'><strong>coniuncti</strong></span> <span class='ocrx_word' id='word_1_498' title='bbox 1715 2655 1770 2701; x_wconf 87' lang='lat' dir='ltr'><strong>H.</strong></span> <span class='ocrx_word' id='word_1_499' title='bbox 1784 2656 1824 2709; x_wconf 79' lang='grc'><strong>2,</strong></span> <span class='ocrx_word' id='word_1_500' title='bbox 1837 2657 1911 2703; x_wconf 90' lang='grc'><strong>87.</strong></span> 
     </span>
     <span class='ocr_line' id='line_1_95' title="bbox 1087 2708 1975 2772; baseline 0.012 -21"><span class='ocrx_word' id='word_1_501' title='bbox 1087 2708 1144 2752; x_wconf 88' lang='lat' dir='ltr'><strong>cf.</strong></span> <span class='ocrx_word' id='word_1_502' title='bbox 1166 2708 1357 2768; x_wconf 82' lang='lat' dir='ltr'><strong>Herzog.</strong></span> <span class='ocrx_word' id='word_1_503' title='bbox 1378 2710 1434 2752; x_wconf 87' lang='lat' dir='ltr'><strong>ad</strong></span> <span class='ocrx_word' id='word_1_504' title='bbox 1459 2710 1583 2754; x_wconf 84' lang='lat' dir='ltr'><strong>Caes.</strong></span> <span class='ocrx_word' id='word_1_505' title='bbox 1607 2711 1657 2758; x_wconf 93' lang='lat' dir='ltr'><strong>B.</strong></span> <span class='ocrx_word' id='word_1_506' title='bbox 1683 2713 1739 2758; x_wconf 90' lang='lat' dir='ltr'><strong>G.</strong></span> <span class='ocrx_word' id='word_1_507' title='bbox 1755 2714 1832 2772; x_wconf 87' lang='lat' dir='ltr'><strong>Vl,</strong></span> <span class='ocrx_word' id='word_1_508' title='bbox 1843 2713 1916 2762; x_wconf 81' lang='lat'><strong>40.</strong></span> <span class='ocrx_word' id='word_1_509' title='bbox 1959 2744 1975 2749; x_wconf 58' lang='grc' dir='ltr'>ν</span> 
     </span>
     <span class='ocr_line' id='line_1_96' title="bbox 1086 2766 1787 2827; baseline 0.013 -20"><span class='ocrx_word' id='word_1_510' title='bbox 1086 2767 1235 2809; x_wconf 83' lang='lat' dir='ltr'><strong>Bremi</strong></span> <span class='ocrx_word' id='word_1_511' title='bbox 1262 2766 1315 2809; x_wconf 91' lang='lat' dir='ltr'><strong>ad</strong></span> <span class='ocrx_word' id='word_1_512' title='bbox 1341 2768 1465 2811; x_wconf 88' lang='lat' dir='ltr'><strong>Suet.</strong></span> <span class='ocrx_word' id='word_1_513' title='bbox 1489 2769 1628 2827; x_wconf 77' lang='lat' dir='ltr'><strong>Calig.</strong></span> <span class='ocrx_word' id='word_1_514' title='bbox 1652 2785 1693 2815; x_wconf 80' lang='lat' dir='ltr'><strong>c.</strong></span> <span class='ocrx_word' id='word_1_515' title='bbox 1717 2773 1787 2817; x_wconf 90' lang='lat'><strong>51.</strong></span> 
     </span>
    </p>

    <p class='ocr_par' dir='ltr' id='par_1_59' title="bbox 1030 2823 1914 2937">
     <span class='ocr_line' id='line_1_97' title="bbox 1030 2823 1914 2887; baseline 0.011 -21"><span class='ocrx_word' id='word_1_516' title='bbox 1030 2823 1295 2878; x_wconf 88' lang='lat' dir='ltr'><strong>Calpurnia,</strong></span> <span class='ocrx_word' id='word_1_517' title='bbox 1333 2824 1386 2866; x_wconf 90' lang='lat' dir='ltr'><strong>de</strong></span> <span class='ocrx_word' id='word_1_518' title='bbox 1411 2830 1535 2869; x_wconf 86' lang='lat' dir='ltr'><strong>nom.</strong></span> <span class='ocrx_word' id='word_1_519' title='bbox 1555 2826 1703 2873; x_wconf 82' lang='lat' dir='ltr'><strong>forma</strong></span> <span class='ocrx_word' id='word_1_520' title='bbox 1730 2831 1819 2875; x_wconf 85' lang='lat' dir='ltr'><strong>An.</strong></span> <span class='ocrx_word' id='word_1_521' title='bbox 1845 2833 1914 2887; x_wconf 82' lang='grc'><strong>11,</strong></span> 
     </span>
     <span class='ocr_line' id='line_1_98' title="bbox 1085 2881 1554 2937; baseline 0.004 -12"><span class='ocrx_word' id='word_1_522' title='bbox 1085 2881 1156 2925; x_wconf 87' lang='grc'><strong>30.</strong></span> <span class='ocrx_word' id='word_1_523' title='bbox 1198 2881 1264 2936; x_wconf 89' lang='grc'><strong>12,</strong></span> <span class='ocrx_word' id='word_1_524' title='bbox 1286 2881 1355 2923; x_wconf 87' lang='lat'><strong>22.</strong></span> <span class='ocrx_word' id='word_1_525' title='bbox 1394 2883 1460 2937; x_wconf 87' lang='lat'><strong>15,</strong></span> <span class='ocrx_word' id='word_1_526' title='bbox 1485 2883 1554 2929; x_wconf 89' lang='lat'><strong>20.</strong></span> 
     </span>
    </p>
   </div>
   <div class='ocr_carea' id='block_1_14' title="bbox 1030 2938 1661 2996">
    <p class='ocr_par' dir='ltr' id='par_1_60' title="bbox 1030 2938 1661 2996">
     <span class='ocr_line' id='line_1_99' title="bbox 1030 2938 1661 2996; baseline 0.01 -16"><span class='ocrx_word' id='word_1_527' title='bbox 1030 2938 1369 2995; x_wconf 65' lang='lat' dir='ltr'><strong>Calpurnianus</strong></span> <span class='ocrx_word' id='word_1_528' title='bbox 1385 2940 1471 2982; x_wconf 87' lang='lat' dir='ltr'><strong>An.</strong></span> <span class='ocrx_word' id='word_1_529' title='bbox 1503 2941 1571 2996; x_wconf 87' lang='grc'><strong>11,</strong></span> <span class='ocrx_word' id='word_1_530' title='bbox 1593 2941 1661 2986; x_wconf 85' lang='grc'><strong>35.</strong></span> 
     </span>
    </p>
   </div>
   <div class='ocr_carea' id='block_1_15' title="bbox 1904 2518 1920 2542">
    <p class='ocr_par' dir='ltr' id='par_1_61' title="bbox 1904 2518 1920 2542">
     <span class='ocr_line' id='line_1_100' title="bbox 1904 2518 1920 2542; baseline 0 0"><span class='ocrx_word' id='word_1_531' title='bbox 1904 2518 1920 2542; x_wconf 67' lang='lat'><strong>5</strong></span> 
     </span>
    </p>
   </div>
   <div class='ocr_carea' id='block_1_16' title="bbox 1028 2995 1987 3054">
    <p class='ocr_par' dir='ltr' id='par_1_62' title="bbox 1028 2995 1987 3054">
     <span class='ocr_line' id='line_1_101' title="bbox 1028 2995 1987 3054; baseline 0.01 -16"><span class='ocrx_word' id='word_1_532' title='bbox 1028 2995 1323 3051; x_wconf 85' lang='lat' dir='ltr'><strong>Calpurnius,</strong></span> <span class='ocrx_word' id='word_1_533' title='bbox 1364 2999 1596 3054; x_wconf 88' lang='lat' dir='ltr'><strong>quomodo</strong></span> <span class='ocrx_word' id='word_1_534' title='bbox 1621 3000 1913 3048; x_wconf 87' lang='lat' dir='ltr'><strong>scribendum</strong></span> <span class='ocrx_word' id='word_1_535' title='bbox 1978 3039 1987 3047; x_wconf 91' lang='lat'><strong>.</strong></span> 
     </span>
    </p>
   </div>
   <div class='ocr_carea' id='block_1_17' title="bbox 1027 3052 1910 3338">
    <p class='ocr_par' dir='ltr' id='par_1_63' title="bbox 1027 3052 1910 3338">
     <span class='ocr_line' id='line_1_102' title="bbox 1088 3052 1910 3115; baseline 0.013 -20"><span class='ocrx_word' id='word_1_536' title='bbox 1088 3053 1176 3095; x_wconf 78' lang='lat' dir='ltr'><strong>An.</strong></span> <span class='ocrx_word' id='word_1_537' title='bbox 1204 3052 1270 3107; x_wconf 86' lang='lat'><strong>15,</strong></span> <span class='ocrx_word' id='word_1_538' title='bbox 1295 3052 1367 3096; x_wconf 84' lang='lat'><strong>48.</strong></span> <span class='ocrx_word' id='word_1_539' title='bbox 1405 3055 1472 3110; x_wconf 87' lang='grc'><strong>16,</strong></span> <span class='ocrx_word' id='word_1_540' title='bbox 1494 3057 1562 3100; x_wconf 87' lang='grc'><strong>18.</strong></span> <span class='ocrx_word' id='word_1_541' title='bbox 1602 3057 1659 3102; x_wconf 84' lang='grc' dir='ltr'><strong>Η.</strong></span> <span class='ocrx_word' id='word_1_542' title='bbox 1691 3061 1729 3115; x_wconf 86' lang='grc'><strong>1,</strong></span> <span class='ocrx_word' id='word_1_543' title='bbox 1754 3061 1823 3104; x_wconf 84' lang='lat'><strong>56.</strong></span> <span class='ocrx_word' id='word_1_544' title='bbox 1839 3061 1910 3106; x_wconf 85' lang='lat'><strong>59.</strong></span> 
     </span>
     <span class='ocr_line' id='line_1_103' title="bbox 1084 3109 1668 3164; baseline 0.005 -12"><span class='ocrx_word' id='word_1_545' title='bbox 1084 3111 1127 3164; x_wconf 87' lang='grc'><strong>2,</strong></span> <span class='ocrx_word' id='word_1_546' title='bbox 1151 3109 1192 3153; x_wconf 89' lang='grc'><strong>9.</strong></span> <span class='ocrx_word' id='word_1_547' title='bbox 1223 3110 1265 3164; x_wconf 92' lang='grc'><strong>4,</strong></span> <span class='ocrx_word' id='word_1_548' title='bbox 1291 3110 1361 3153; x_wconf 89' lang='grc'><strong>11.</strong></span> <span class='ocrx_word' id='word_1_549' title='bbox 1660 3150 1668 3155; x_wconf 81' lang='grc'><strong>..</strong></span> 
     </span>
     <span class='ocr_line' id='line_1_104' title="bbox 1029 3165 1519 3223; baseline 0.006 -16"><span class='ocrx_word' id='word_1_550' title='bbox 1029 3165 1251 3210; x_wconf 79' lang='lat' dir='ltr'><strong>Calvisius</strong></span> <span class='ocrx_word' id='word_1_551' title='bbox 1274 3168 1364 3209; x_wconf 88' lang='lat' dir='ltr'><strong>An.</strong></span> <span class='ocrx_word' id='word_1_552' title='bbox 1387 3167 1456 3223; x_wconf 88' lang='lat'><strong>15,</strong></span> <span class='ocrx_word' id='word_1_553' title='bbox 1473 3168 1519 3214; x_wconf 86' lang='lat'><strong>7.</strong></span> 
     </span>
     <span class='ocr_line' id='line_1_105' title="bbox 1028 3222 1848 3275; baseline 0.013 -11"><span class='ocrx_word' id='word_1_554' title='bbox 1028 3223 1078 3267; x_wconf 84' lang='lat' dir='ltr'><strong>C.</strong></span> <span class='ocrx_word' id='word_1_555' title='bbox 1107 3222 1302 3267; x_wconf 85' lang='lat' dir='ltr'><strong>Licinius</strong></span> <span class='ocrx_word' id='word_1_556' title='bbox 1327 3223 1491 3268; x_wconf 88' lang='lat' dir='ltr'><strong>Calvus</strong></span> <span class='ocrx_word' id='word_1_557' title='bbox 1518 3225 1648 3272; x_wconf 83' lang='lat' dir='ltr'><strong>Orat.</strong></span> <span class='ocrx_word' id='word_1_558' title='bbox 1671 3229 1739 3275; x_wconf 88' lang='grc'><strong>17.</strong></span> <span class='ocrx_word' id='word_1_559' title='bbox 1766 3231 1848 3274; x_wconf 81' lang='lat'><strong>18.‘</strong></span> 
     </span>
     <span class='ocr_line' id='line_1_106' title="bbox 1027 3279 1536 3338; baseline 0.008 -15"><span class='ocrx_word' id='word_1_560' title='bbox 1027 3279 1239 3323; x_wconf 92' lang='lat' dir='ltr'><strong>Camillus</strong></span> <span class='ocrx_word' id='word_1_561' title='bbox 1260 3282 1352 3335; x_wconf 64' lang='lat' dir='ltr'><strong>An,</strong></span> <span class='ocrx_word' id='word_1_562' title='bbox 1376 3282 1442 3338; x_wconf 88' lang='lat'><strong>12,</strong></span> <span class='ocrx_word' id='word_1_563' title='bbox 1465 3283 1536 3327; x_wconf 77' lang='lat'><strong>52.</strong></span> 
     </span>
    </p>
   </div>
   <div class='ocr_carea' id='block_1_18' title="bbox 1029 3337 2005 3403">
    <p class='ocr_par' dir='ltr' id='par_1_64' title="bbox 1029 3337 2005 3403">
     <span class='ocr_line' id='line_1_107' title="bbox 1029 3337 2005 3403; baseline 0.011 -23"><span class='ocrx_word' id='word_1_564' title='bbox 1029 3337 1421 3395; x_wconf 77' lang='lat' dir='ltr'><strong>Camulodunum,</strong></span> <span class='ocrx_word' id='word_1_565' title='bbox 1462 3341 1516 3384; x_wconf 87' lang='lat' dir='ltr'><strong>de</strong></span> <span class='ocrx_word' id='word_1_566' title='bbox 1548 3342 1699 3400; x_wconf 85' lang='lat' dir='ltr'><strong>script.</strong></span> <span class='ocrx_word' id='word_1_567' title='bbox 1727 3345 1817 3389; x_wconf 86' lang='lat' dir='ltr'><strong>An.</strong></span> <span class='ocrx_word' id='word_1_568' title='bbox 1844 3347 1913 3403; x_wconf 83' lang='lat'><strong>12,</strong></span> <span class='ocrx_word' id='word_1_569' title='bbox 2003 3358 2005 3361; x_wconf 59' lang='lat'><strong>⁴</strong></span> 
     </span>
    </p>
   </div>
   <div class='ocr_carea' id='block_1_19' title="bbox 1024 3394 1915 3624">
    <p class='ocr_par' dir='ltr' id='par_1_65' title="bbox 1081 3394 1915 3495">
     <span class='ocr_line' id='line_1_108' title="bbox 1081 3394 1915 3462; baseline 0.012 -24"><span class='ocrx_word' id='word_1_570' title='bbox 1081 3394 1152 3461; x_wconf 86' lang='grc'><strong>32.</strong></span> <span class='ocrx_word' id='word_1_571' title='bbox 1195 3394 1346 3462; x_wconf 73' lang='lat' dir='ltr'><strong>eadem</strong></span> <span class='ocrx_word' id='word_1_572' title='bbox 1366 3395 1515 3442; x_wconf 87' lang='lat' dir='ltr'><strong>forma</strong></span> <span class='ocrx_word' id='word_1_573' title='bbox 1539 3409 1602 3443; x_wconf 83' lang='lat' dir='ltr'><strong>est</strong></span> <span class='ocrx_word' id='word_1_574' title='bbox 1627 3402 1672 3444; x_wconf 90' lang='lat' dir='ltr'><strong>in</strong></span> <span class='ocrx_word' id='word_1_575' title='bbox 1687 3404 1915 3448; x_wconf 78' lang='lat' dir='ltr'><strong>Antonini</strong></span> 
     </span>
     <span class='ocr_line' id='line_1_109' title="bbox 1081 3460 1325 3495; baseline 0.004 -1"><span class='ocrx_word' id='word_1_576' title='bbox 1081 3460 1325 3495; x_wconf 76' lang='lat' dir='ltr'><strong>llin¹¹rar10.</strong></span> 
     </span>
    </p>

    <p class='ocr_par' dir='ltr' id='par_1_66' title="bbox 1024 3507 1912 3624">
     <span class='ocr_line' id='line_1_110' title="bbox 1024 3507 1912 3575; baseline 0.015 -24"><span class='ocrx_word' id='word_1_577' title='bbox 1024 3507 1246 3553; x_wconf 82' lang='lat' dir='ltr'><strong>candidati</strong></span> <span class='ocrx_word' id='word_1_578' title='bbox 1275 3510 1600 3559; x_wconf 80' lang='lat' dir='ltr'><strong>circumeuntes</strong></span> <span class='ocrx_word' id='word_1_579' title='bbox 1624 3523 1666 3558; x_wconf 86' lang='lat' dir='ltr'><strong>et</strong></span> <span class='ocrx_word' id='word_1_580' title='bbox 1691 3532 1912 3575; x_wconf 82' lang='lat' dir='ltr'><strong>prensan-</strong></span> 
     </span>
     <span class='ocr_line' id='line_1_111' title="bbox 1082 3567 1543 3624; baseline 0.013 -16"><span class='ocrx_word' id='word_1_581' title='bbox 1082 3575 1143 3610; x_wconf 83' lang='lat' dir='ltr'><strong>tes</strong></span> <span class='ocrx_word' id='word_1_582' title='bbox 1166 3574 1309 3624; x_wconf 85' lang='lat' dir='ltr'><strong>patres</strong></span> <span class='ocrx_word' id='word_1_583' title='bbox 1333 3567 1387 3611; x_wconf 88' lang='lat' dir='ltr'><strong>H.</strong></span> <span class='ocrx_word' id='word_1_584' title='bbox 1408 3570 1451 3624; x_wconf 87' lang='lat'><strong>2,</strong></span> <span class='ocrx_word' id='word_1_585' title='bbox 1470 3569 1543 3615; x_wconf 89' lang='grc'><strong>91.</strong></span> 
     </span>
    </p>
   </div>
   <div class='ocr_carea' id='block_1_20' title="bbox 1785 215 2013 289">
    <p class='ocr_par' dir='ltr' id='par_1_67' title="bbox 1785 215 2013 289">
     <span class='ocr_line' id='line_1_112' title="bbox 1785 215 2013 289; baseline 0.004 -1"><span class='ocrx_word' id='word_1_586' title='bbox 1785 215 2013 289; x_wconf 62' lang='lat'><strong>429·¹</strong></span> 
     </span>
    </p>
   </div>
  </div>
 </body>
</html>
