2150 4022
994 178 1001 204 1

221 246 431 365 3244!

700 278 823 340 DE
856 238 1542 350 ,ORATQM‘BUS‘
1568 286 1603 306 ‘⁴

222 411 341 469 loci
363 410 536 468 bonis
556 407 782 466 artibus
803 410 1128 486 relinquit?
1163 419 1416 489 quotum
1436 372 2064 490 quemqueinvetferisg
2128 384 2135 401 .-

225 496 331 572 qui
365 494 546 552 domi·
565 495 888 571 quidquam
927 496 1090 553 aliud
1129 494 1446 572 loquatur?
1495 517 1646 574 quos
1676 497 1825 555 alios
1862 488 2066 555 adole*-
2137 516 2150 534 ‘··

224 581 627 637 scentnlorurn
665 599 962 637 sermones
1007 579 1358 655 excipimus,
1411 581 1462 637 si
1495 583 1734 659 quando
1772 582 2068 640 auditoria
2139 587 2150 635 a:

228 665 579 738 intravimus
592 665 619 719 Ῥ

704 685 811 721 nec
850 662 1254 740 praeceptores
1290 665 1530 741 quidem
1561 668 1714 724 ullas
1745 667 2068 744 crebriores
2147 667 2150 675 ⁴

225 772 356 807 cum
399 749 767 806 auditoribus
807 751 927 807 suis
961 750 1192 807 fabulas
1235 745 1472 808 habent.

1555 752 1865 826 ¹conligunt
1910 750 2068 810 enim
2145 756 2150 821 ζ

227 834 546 910 discipulos
586 855 710 891 non
748 836 1052 892 severitate
1082 834 1425 910 disciplinae
1454 856 1561 892 nec
1590 836 1812 911 ingenii
1842 838 2071 913 experi-
2146 829 2150 881 Ϊ

226 933 460 990 men-tu,
505 921 604 975 sed
639 921 961 976 ambitione
996 920 1416 977 salutationum
1451 932 1506 977 et
1530 920 1841 979 inlecebris
1864 923 2071 979 adula-

227 1006 426 1064 tionis·

509 1017 742 1062 transeo
780 1007 971 1081 prima
1013 1006 1364 1062 discentium
1395 1005 1712 1077 elementa,
1764 1007 1830 1063 in
1855 1008 2072 1086 quibus

194 1097 197 1103 '
227 1103 285 1149 et
312 1090 455 1168 ipsis
484 1110 694 1166 parum
724 1092 1084 1149 elaboratur:
1126 1110 1234 1148 nec
1262 1091 1327 1147 in
1356 1091 1693 1150 auctoribus
1717 1108 2076 1167 cognoscen-
2148 1121 2150 1123 ·

223 1330 269 1371 p.
295 1307 381 1357 448
412 1311 576 1357 -460.
601 1311 670 1355 ed.
698 1329 766 1370 pr.
792 1320 834 1356 et
857 1313 935 1372 qui
969 1311 1114 1355 citan-

223 1379 299 1414 tur
325 1387 347 1413 a
373 1370 561 1428 Rupert.
586 1371 639 1412 ad
669 1369 871 1415 luvenal.
897 1371 938 1422 7,
963 1367 1058 1414 114.

286 1472 518 1525 relinquit.
589 1469 721 1512 MSS.
759 1469 897 1530 Neap.
935 1471 1116 1525 [Farn.]

225 1530 525 1584 relinquitur.
589 1528 654 1571 cf.
693 1527 855 1585 Quint.
898 1529 1002 1571 lnst.
1050 1544 1117 1570 or.

228 1587 298 1638 12,
323 1589 360 1637 1,
382 1586 427 1630 7.
453 1586 579 1627 nihil
600 1593 670 1628 est
694 1587 818 1628 enim
849 1593 949 1627 tarn
983 1601 1114 1628 occu-

223 1653 434 1696 patum‚‚
463 1652 564 1699 tum
599 1642 916 1698 multiforme,
959 1650 1031 1684 tot
1064 1658 1118 1684 ac

227 1709 330 1743 tam
357 1703 502 1743 variis
529 1701 769 1756 afflatibus
793 1703 1021 1744 concisum
1045 1709 1116 1743 at-

227 1774 314 1816 que
336 1761 598 1802 laceratum
612 1792 622 1809 ,
655 1774 797 1815 quam
818 1761 950 1800 {nala
971 1773 1120 1802 mens.

288 1866 482 1915 quotum
503 1873 731 1915 quemque
751 1859 996 1901 znueneris.
1039 1856 1122 1900 Ed.

229 1916 348 1974 Spir.
387 1924 490 1958 tum
524 1931 730 1972 quenque
777 1916 949 1958 Tveneis
961 1932 977 1966 ;
1020 1915 1121 1958 MS.

231 1974 367 2032 Neap.
383 1976 606 2020 invenies.
623 1997 675 2008 -ν
702 1974 874 2016 Deinde
893 1972 1120 2030 edd.Spir.

233 2031 336 2074 Ber.
355 2033 449 2075 Ale.
473 2034 718 2086 loquatur,
750 2030 913 2072 lineola
937 2046 1071 2087 super
1092 2045 1124 2071 a

233 2088 443 2148 ponenda
468 2089 647 2131 omissa.

291 2173 529 2214 auditoria
553 2171 855 2214 intravimus.
919 2169 988 2213 Cf.
1003 2169 1126 2228 Spal-

235 2230 357 2286 ding.
391 2228 446 2272 ad
481 2229 641 2285 Quint.
673 2229 762 2272 lnst
807 2244 874 2272 or.
896 2228 936 2279 5,
965 2229 1029 2277 12,
1052 2229 1125 2272 20.

234 2287 329 2330 Pro
355 2287 635 2342 intravimus
655 2284 862 2329 schelius
893 2289 1128 2328 intramus

235 2344 370 2389 scribi
408 2343 605 2394 volebat,
647 2343 692 2387 id
725 2343 848 2399 quod
873 2341 1128 2387 Heumann.

236 2401 461 2459 suscepit,
533 2411 608 2444 aut
662 2409 791 2444 antea
845 2401 1131 2454 excepimus.

239 2459 412 2503 Neutro
440 2475 635 2516 egemus.

294 2558 380 2586 nec
409 2552 741 2597 praeceptores
777 2541 982 2597 quidem.
1056 2539 1134 2583 Sic

240 2601 377 2644 MSS.
399 2600 538 2658 Neap.
563 2610 606 2644 et
631 2598 805 2643 Vaticc.
830 2608 872 2641 et
895 2598 997 2641 edd.
1023 2599 1133 2641 anti·

240 2674 381 2715 quae,
421 2658 584 2701 deinde
619 2657 739 2714 Lips.
778 2655 895 2699 Pith.
930 2656 1134 2712 Bet-neg-

273 2733 335 2759 er.
365 2725 407 2759 et
431 2715 548 2759 inter
578 2715 914 2758 recentissimos
936 2713 1130 2756 Seebod.

241 2733 420 2817 {muln
447 2772 621 2817 Osann.
654 2773 715 2829 [et
739 2771 958 2829 RuPert-j.
1020 2770 1136 2813 Pcr-

243 2847 397 2889 peram
422 2829 538 2875 haud
564 2846 666 2873 raro
690 2829 850 2873 harum
886 2827 1133 2885 particula-

245 2905 346 2931 rum
382 2888 718 2945 copulationem
751 2888 804 2931 ab
839 2884 1027 2942 interpr.
1054 2885 1136 2927 de-

249 2946 382 2990 letam
437 2962 532 2988 esse
555 2979 566 2996 ,
638 2943 834 2989 vidimus
890 2959 1025 3013 supra
1080 2942 1134 2986 ad

245 3018 344 3059 cap.
388 3005 450 3045 10.
484 3012 526 3045 et
565 3002 622 3046 al.
696 3002 759 3045 lta
795 3000 838 3044 h.
868 2999 899 3043 l.
931 3001 1136 3043 Gronov.

246 3060 475 3117 corrigere
519 3060 697 3105 volebat
737 3073 795 3100 ne
836 3072 912 3112 pr.
951 3060 1138 3113 quidem

249 3117 430 3174 eiusque
490 3117 804 3160 auctoritatem
865 3115 1138 3174 posteriores

249 3190 407 3216 omnes
435 3175 611 3230 sequuti
636 3182 759 3217 sunt.

306 3258 482 3312 ingenii
500 3258 836 3310 experimento.
897 3255 1140 3313 Scriptoris

251 3324 447 3358 mentem
492 3314 671 3358 schulz.
723 3329 816 3356 non
868 3314 1140 3371 adsequutus

251 3381 342 3422 est,
391 3373 426 3415 si
473 3373 681 3427 explicat:
738 3378 824 3422 „ut
867 3371 1140 3427 experimen·

250 3429 305 3471 tis
359 3429 593 3487 explorent
649 3427 823 3482 ingenia
881 3443 1142 3485 puerorum,

251 3500 498 3545 segnesque
529 3496 570 3530 et
602 3485 804 3542 stupidos
840 3501 863 3527 a
891 3502 935 3526 se
961 3485 1144 3527 studiis-

252 3560 338 3603 que
369 3543 632 3602 relegent”‚
665 3542 786 3598 quud
811 3541 978 3584 facum·
1006 3559 1096 3585 esse
1119 3560 1143 3586 a

254 3603 508 3646 rhetoribus
534 3599 843 3659 Quintilianus
865 3601 1141 3658 comproba-

1187 1311 1252 1358 vit
1274 1311 1382 1356 lust.
1408 1328 1476 1357 or.
1501 1314 1540 1367 1,
1564 1313 1606 1365 2,
1631 1313 1700 1357 14.
1716 1318 1764 1356 ‘et
1783 1309 1881 1365 23.;
1909 1311 1986 1356 sed
2009 1311 2075 1356 in·

1186 1369 1427 1427 telligenda
1481 1380 1587 1415 sunt.
1642 1369 1808 1426 ingenii
1860 1370 2076 1427 exempla,

1188 1428 1486 1480 documenta,
1522 1428 1685 1484 quibus
1711 1428 1798 1486 ipsi»
1817 1434 2076 1494 praecepto-

1187 1502 1258 1528 res
1282 1483 1450 1542 ingenii
1478 1485 1721 1529 sollertiam
1756 1501 1810 1529 ao
1833 1484 2076 1529 doctrinae

1190 1541 1365 1600 copiam
1390 1544 1624 1586 contestati
1644 1551 1764 1598 sunt.

1246 1626 1498 1668 ambitione
1545 1627 1899 1673 salutationum.
2000 1624 2101 1680 stc*

1189 1683 1296 1726 MS.
1320 1682 1460 1740 Neap.
1502 1682 1723 1742 [itemque
1754 1681 1891 1726 Fal-n.
1925 1680 2082 1740 cod-⁷]{

1191 1756 1294 1784 nam
1337 1756 1443 1784 eum
1485 1740 1567 1800 ipsi
1604 1748 1915 1801 praeceptores
1950 1740 2081 1808 eogi-

1192 1797 1314 1841 tandi
1352 1797 1443 1841 sint
1473 1797 1736 1854 salutantes,
1786 1811 1929 1857 neque
1959 1796 2079 1841 'alto-

1194 1871 1294 1898 rum
1359 1870 1444 1913 ope
1508 1853 1714 1912 discipuli
1776 1855 2084 1912 acquirantur,

1195 1912 1316 1955 nulla
1351 1912 1570 1962 dubitatio
1597 1913 1651 1955 de
1679 1911 1814 1957 codd.
1846 1912 2085 1974 scriptura,

1195 1986 1329 2027 quam
1379 1970 1642 2013 coniectura
1686 1970 1852 2028 reperit
1895 1969 2085 2022 Addat„

1195 2043 1417 2086 quamque
1467 2025 1618 2070 Schel.
1667 2027 1916 2087 Schullinff
1959 2027 2085 2072 Heu-

1182 2100 1351 2127 ·mann.
1372 2083 1553 2127 Schulz.
1575 2083 1786 2128 Oberli'n.
1801 2083 1944 2129 Orett.
1963 2101 2083 2130 rece·

1196 2151 1373 2200 perum,
1397 2157 1490 2184 esse
1508 2149 1666 2200 potest.
1697 2139 1753 2184 Et
1772 2141 2084 2188 membrorum

1198 2198 1480 2243 concinnitas
1513 2197 1585 2241 vel
1618 2198 1713 2241 sine
1747 2197 1968 2243 librorum
2002 2216 2088 2244 au-

1198 2256 1403 2299 ctoritate
1437 2255 1796 2301 emendationem
1831 2255 2089 2318 flagitasset.

1201 2311 1503 2356 Nihilominus
1525 2310 1700 2358 Dronk.
1720 2321 1762 2359 et
1784 2310 1959 2362 Osann.
1983 2328 2086 2360 curn

1199 2370 1394 2414 Seebod.
1417 2370 1518 2414 edd.
1538 2379 1641 2413 vett.
1667 2369 1942 2433 scripturam
1958 2376 2086 2418 eadu-

1198 2429 1407 2470 vcantium
1430 2425 1738 2472 restituerunt.
1780 2438 1781 2441 ’

1262 2519 1307 2555 et
1351 2512 1602 2559 inlecebris.
1673 2512 1724 2556 Id
1756 2522 1856 2571 post
1888 2514 2009 2573 Lips.
2039 2514 2088 2567 in

1205 2570 1417 2614 omnibus
1455 2570 1711 2628 comparuit
1745 2571 1877 2623 edd..
1916 2572 1966 2617 Li
2001 2574 2092 2619 siu·

1205 2644 1316 2674 vero
1349 2643 1399 2670 ex
1433 2626 1534 2669 libri
1566 2627 1632 2670 sui
1668 2627 1934 2674 auctoritate
1965 2588 2092 2684 fuam

1205 2685 1251 2728 in
1293 2684 1433 2742 Neap.
1479 2700 1660 2742 quoque
1704 2685 1810 2730 cudi
1851 2694 1899 2731 ee
1940 2690 2094 2746 exstat)

1205 2741 1381 2842 suZtulit
1405 2741 1505 2786 edd.
1528 2751 1636 2788 vett.
1661 2758 1862 2791 error-em
1885 2749 1969 2802 soa
1989 2748 2094 2789 ille-

1206 2813 1254 2843 ὀε
1286 2814 1367 2842 ris.

1267 2885 1552 2927 elaboratur.
1612 2883 1718 2927 MS.
1743 2872 1893 2944 Neap.
1910 2863 2096 2930 labora-

1210 2949 1316 2996 tur,
1360 2941 1515 2991 [male.
1571 2941 1656 2984 vid.
1682 2941 1972 2988 Doederlein.
1995 2942 2093 2990 Lat.

1210 3000 1384 3055 Synon.
1410 3015 1453 3041 u.
1474 2998 1675 3058 Etymol.
1706 2997 1811 3043 Vol.
1830 2998 1867 3044 Ι.
1900 3012 1951 3060 μ’
1977 3002 2098 3057 116.]

1269 3113 1350 3142 nec
1376 3100 1423 3141 in
1447 3102 1700 3141 evolvenda
1730 3105 1830 3144 ant.
1891 3099 2093 3159 Praepo-

1211 3157 1419 3200 sitionem
1453 3165 1605 3210 tenent
1630 3156 1734 3200 MS.
1756 3157 1898 3215 Neap.
1929 3167 1972 3202 et
1995 3159 2096 3205 edd.

1212 3230 1371 3256 omnes
1416 3224 1590 3273 praeter
1630 3213 1809 3258 Schutz.
1847 3215 2006 3260 Oberl.
2054 3226 2099 3261 et
2141 3246 2150 3259 ,

1213 3269 1427 3322 Bekker„
1468 3273 1513 3315 in
1542 3271 1704 3328 quibus
1731 3272 1998 3330 negligentia
2024 3283 2096 3332 ty-

1212 3328 1416 3387 pothetae
1442 3344 1488 3371 ea
1519 3329 1732 3372 excidisse
1757 3330 1951 3375 videtur.
1990 3347 1993 3353 ·’

1271 3430 1317 3469 in
1337 3430 1520 3472 notitia.
1571 3429 1668 3472 MS.
1683 3429 1819 3487 Neap.
1833 3439 1875 3474 et
1900 3430 2005 3481 edd..
2023 3449 2100 3477 an·
2135 3465 2138 3467 -

1214 3485 1362 3542 tiquae
1383 3502 1522 3543 usque
1545 3488 1596 3530 ad
1622 3487 1863 3531 Pieheuam
1888 3490 2103 3546 praebent

1215 3542 1263 3584 in
1304 3544 1519 3586 notitiam
1537 3577 1549 3599 ,
1613 3544 1807 3588 Piehena
1849 3547 2102 3591 emendavit

1214 3601 1416 3654 notitia,
1445 3601 1546 3658 quia
1569 3602 1614 3645 in
1639 3602 1800 3647 ceteris
1820 3618 2002 3663 quoque
2021 3621 2102 3653 no·
