<?xml version="1.0" encoding="UTF-8"?>
<!DOCTYPE html PUBLIC "-//W3C//DTD XHTML 1.0 Transitional//EN"
    "http://www.w3.org/TR/xhtml1/DTD/xhtml1-transitional.dtd">
<html xmlns="http://www.w3.org/1999/xhtml" xml:lang="en" lang="en">
 <head>
  <title>
</title>
<meta http-equiv="Content-Type" content="text/html;charset=utf-8" />
  <meta name='ocr-system' content='tesseract 3.04.00' />
  <meta name='ocr-capabilities' content='ocr_page ocr_carea ocr_par ocr_line ocrx_word'/>
</head>
<body>
  <div class='ocr_page' id='page_1' title='image "./operarecensuitet04taciuoft_0298.png"; bbox 0 0 2150 4022; ppageno 0'>
   <div class='ocr_carea' id='block_1_1' title="bbox 205 257 330 333">
    <p class='ocr_par' dir='ltr' id='par_1_1' title="bbox 205 257 330 333">
     <span class='ocr_line' id='line_1_1' title="bbox 205 257 330 333; baseline -0.008 -18"><span class='ocrx_word' id='word_1_1' title='bbox 205 257 330 333; x_wconf 72' lang='lat'>282</span> 
     </span>
    </p>
   </div>
   <div class='ocr_carea' id='block_1_2' title="bbox 711 251 1549 322">
    <p class='ocr_par' dir='ltr' id='par_1_2' title="bbox 711 251 1549 322">
     <span class='ocr_line' id='line_1_2' title="bbox 711 251 1549 322; baseline 0 -10"><span class='ocrx_word' id='word_1_2' title='bbox 711 251 832 312; x_wconf 90' lang='lat' dir='ltr'>DE</span> <span class='ocrx_word' id='word_1_3' title='bbox 887 251 1549 322; x_wconf 80' lang='lat' dir='ltr'>ORATORIBUS.</span> 
     </span>
    </p>
   </div>
   <div class='ocr_carea' id='block_1_3' title="bbox 203 379 2044 714">
    <p class='ocr_par' dir='ltr' id='par_1_3' title="bbox 203 379 2044 714">
     <span class='ocr_line' id='line_1_3' title="bbox 203 379 2043 462; baseline 0.002 -21"><span class='ocrx_word' id='word_1_4' title='bbox 203 382 603 461; x_wconf 84' lang='lat' dir='ltr'><strong>eloquentiae,</strong></span> <span class='ocrx_word' id='word_1_5' title='bbox 655 383 953 439; x_wconf 89' lang='lat' dir='ltr'>neminem</span> <span class='ocrx_word' id='word_1_6' title='bbox 986 379 1101 441; x_wconf 83' lang='lat' dir='ltr'>hoo</span> <span class='ocrx_word' id='word_1_7' title='bbox 1137 391 1400 459; x_wconf 81' lang='lat' dir='ltr'>tempore</span> <span class='ocrx_word' id='word_1_8' title='bbox 1433 395 1725 444; x_wconf 85' lang='lat' dir='ltr'>oratorem</span> <span class='ocrx_word' id='word_1_9' title='bbox 1754 405 1875 462; x_wconf 81' lang='lat' dir='ltr'>esse</span> <span class='ocrx_word' id='word_1_10' title='bbox 1891 386 2043 444; x_wconf 74' lang='lat' dir='ltr'>&#39;con-</span> 
     </span>
     <span class='ocr_line' id='line_1_4' title="bbox 204 468 2043 548; baseline 0.001 -21"><span class='ocrx_word' id='word_1_11' title='bbox 204 472 497 547; x_wconf 75' lang='lat' dir='ltr'><strong>tenderes:</strong></span> <span class='ocrx_word' id='word_1_12' title='bbox 543 479 717 543; x_wconf 85' lang='lat' dir='ltr'>atque</span> <span class='ocrx_word' id='word_1_13' title='bbox 747 468 810 524; x_wconf 86' lang='lat' dir='ltr'>id</span> <span class='ocrx_word' id='word_1_14' title='bbox 841 488 939 539; x_wconf 79' lang='lat' dir='ltr'>en,</span> <span class='ocrx_word' id='word_1_15' title='bbox 983 470 1187 539; x_wconf 89' lang='lat' dir='ltr'>credo,</span> <span class='ocrx_word' id='word_1_16' title='bbox 1227 470 1536 542; x_wconf 82' lang='lat' dir='ltr'>audacius,</span> <span class='ocrx_word' id='word_1_17' title='bbox 1571 473 1742 548; x_wconf 69' lang='lat' dir='ltr'>‘quod</span> <span class='ocrx_word' id='word_1_18' title='bbox 1768 473 2043 546; x_wconf 79' lang='lat' dir='ltr'>maligni·-</span> 
     </span>
     <span class='ocr_line' id='line_1_5' title="bbox 203 550 2044 635; baseline 0.001 -22"><span class='ocrx_word' id='word_1_19' title='bbox 203 555 340 613; x_wconf 82' lang='lat' dir='ltr'>tatis</span> <span class='ocrx_word' id='word_1_20' title='bbox 365 551 709 628; x_wconf 83' lang='lat' dir='ltr'>opinionem</span> <span class='ocrx_word' id='word_1_21' title='bbox 736 573 859 611; x_wconf 89' lang='lat' dir='ltr'>non</span> <span class='ocrx_word' id='word_1_22' title='bbox 886 554 1200 622; x_wconf 80' lang='lat' dir='ltr'>verebariS,</span> <span class='ocrx_word' id='word_1_23' title='bbox 1245 550 1389 612; x_wconf 75' lang='lat' dir='ltr'>cum‘</span> <span class='ocrx_word' id='word_1_24' title='bbox 1405 575 1531 612; x_wconf 85' lang='lat' dir='ltr'>eam</span> <span class='ocrx_word' id='word_1_25' title='bbox 1558 557 1822 631; x_wconf 83' lang='lat' dir='ltr'>gloriam,</span> <span class='ocrx_word' id='word_1_26' title='bbox 1866 558 2044 635; x_wconf 75' lang='lat' dir='ltr'>quain</span> 
     </span>
     <span class='ocr_line' id='line_1_6' title="bbox 204 638 1748 714; baseline 0 -17"><span class='ocrx_word' id='word_1_27' title='bbox 204 640 316 698; x_wconf 80' lang='lat' dir='ltr'>tihi</span> <span class='ocrx_word' id='word_1_28' title='bbox 346 638 450 695; x_wconf 88' lang='lat' dir='ltr'>alii</span> <span class='ocrx_word' id='word_1_29' title='bbox 478 640 857 710; x_wconf 67' lang='lat' dir='ltr'>concedunt,</span> <span class='ocrx_word' id='word_1_30' title='bbox 878 639 1002 714; x_wconf 88' lang='lat' dir='ltr'>ipse</span> <span class='ocrx_word' id='word_1_31' title='bbox 1029 639 1140 696; x_wconf 86' lang='lat' dir='ltr'>tibi</span> <span class='ocrx_word' id='word_1_32' title='bbox 1166 640 1495 713; x_wconf 73' lang='lat' dir='ltr'>denegares-</span> <span class='ocrx_word' id='word_1_33' title='bbox 1746 644 1748 647; x_wconf 72' lang='grc'>’</span> 
     </span>
    </p>
   </div>
   <div class='ocr_carea' id='block_1_4' title="bbox 203 747 2047 1003">
    <p class='ocr_par' dir='ltr' id='par_1_4' title="bbox 203 747 2047 1003">
     <span class='ocr_line' id='line_1_7' title="bbox 371 747 2045 828; baseline 0.002 -23"><span class='ocrx_word' id='word_1_34' title='bbox 371 747 577 826; x_wconf 85' lang='lat' dir='ltr'>Neque</span> <span class='ocrx_word' id='word_1_35' title='bbox 620 750 812 819; x_wconf 86' lang='lat' dir='ltr'>illius,</span> <span class='ocrx_word' id='word_1_36' title='bbox 867 749 1091 826; x_wconf 75' lang='lat' dir='ltr'>inquit,</span> <span class='ocrx_word' id='word_1_37' title='bbox 1142 750 1428 806; x_wconf 89' lang='lat' dir='ltr'>sermonis</span> <span class='ocrx_word' id='word_1_38' title='bbox 1469 751 1585 807; x_wconf 87' lang='lat' dir='ltr'>mei</span> <span class='ocrx_word' id='word_1_39' title='bbox 1622 751 2045 828; x_wconf 84' lang='lat' dir='ltr'>poenitentiam</span> 
     </span>
     <span class='ocr_line' id='line_1_8' title="bbox 203 834 2047 912; baseline 0.001 -20"><span class='ocrx_word' id='word_1_40' title='bbox 203 854 342 912; x_wconf 82' lang='lat' dir='ltr'>ag03</span> <span class='ocrx_word' id='word_1_41' title='bbox 395 854 587 910; x_wconf 89' lang='lat' dir='ltr'>neque</span> <span class='ocrx_word' id='word_1_42' title='bbox 620 846 721 891; x_wconf 86' lang='lat' dir='ltr'>aut</span> <span class='ocrx_word' id='word_1_43' title='bbox 748 835 1087 892; x_wconf 89' lang='lat' dir='ltr'>Secundum</span> <span class='ocrx_word' id='word_1_44' title='bbox 1117 847 1218 892; x_wconf 88' lang='lat' dir='ltr'>aut</span> <span class='ocrx_word' id='word_1_45' title='bbox 1241 834 1582 893; x_wconf 84' lang='lat' dir='ltr'>Maternum</span> <span class='ocrx_word' id='word_1_46' title='bbox 1614 848 1717 895; x_wconf 87' lang='lat' dir='ltr'>aut</span> <span class='ocrx_word' id='word_1_47' title='bbox 1743 849 1801 895; x_wconf 90' lang='lat' dir='ltr'>te</span> <span class='ocrx_word' id='word_1_48' title='bbox 1823 837 2047 912; x_wconf 85' lang='lat' dir='ltr'>ipsum,</span> 
     </span>
     <span class='ocr_line' id='line_1_9' title="bbox 205 917 2046 1003; baseline 0.001 -25"><span class='ocrx_word' id='word_1_49' title='bbox 205 917 394 997; x_wconf 85' lang='lat' dir='ltr'>Aper,</span> <span class='ocrx_word' id='word_1_50' title='bbox 431 917 795 998; x_wconf 81' lang='lat' dir='ltr'>(quanquam</span> <span class='ocrx_word' id='word_1_51' title='bbox 820 921 1120 977; x_wconf 87' lang='lat' dir='ltr'>interdum</span> <span class='ocrx_word' id='word_1_52' title='bbox 1147 921 1212 976; x_wconf 89' lang='lat' dir='ltr'>in</span> <span class='ocrx_word' id='word_1_53' title='bbox 1240 921 1601 977; x_wconf 88' lang='lat' dir='ltr'>contrarium</span> <span class='ocrx_word' id='word_1_54' title='bbox 1625 919 1912 1003; x_wconf 88' lang='lat' dir='ltr'>disputes)</span> <span class='ocrx_word' id='word_1_55' title='bbox 1936 922 2046 980; x_wconf 81' lang='lat' dir='ltr'>ali-</span> 
     </span>
    </p>
   </div>
   <div class='ocr_carea' id='block_1_5' title="bbox 203 1005 774 1064">
    <p class='ocr_par' dir='ltr' id='par_1_5' title="bbox 203 1005 774 1064">
     <span class='ocr_line' id='line_1_10' title="bbox 203 1005 774 1064; baseline -0.002 0"><span class='ocrx_word' id='word_1_56' title='bbox 203 1015 293 1064; x_wconf 88' lang='lat' dir='ltr'>ter</span> <span class='ocrx_word' id='word_1_57' title='bbox 327 1005 542 1062; x_wconf 85' lang='lat' dir='ltr'>sentire</span> <span class='ocrx_word' id='word_1_58' title='bbox 583 1006 774 1064; x_wconf 83' lang='lat' dir='ltr'>credo.</span> 
     </span>
    </p>
   </div>
   <div class='ocr_carea' id='block_1_6' title="bbox 200 1219 1113 3639">
    <p class='ocr_par' dir='ltr' id='par_1_6' title="bbox 200 1219 1113 3639">
     <span class='ocr_line' id='line_1_11' title="bbox 257 1219 1090 1264; baseline -0.001 0"><span class='ocrx_word' id='word_1_59' title='bbox 257 1219 498 1264; x_wconf 85' lang='lat' dir='ltr'>neminem</span> <span class='ocrx_word' id='word_1_60' title='bbox 537 1219 586 1261; x_wconf 77' lang='lat' dir='ltr'>h.</span> <span class='ocrx_word' id='word_1_61' title='bbox 630 1225 664 1263; x_wconf 88' lang='lat' dir='ltr'>t.</span> <span class='ocrx_word' id='word_1_62' title='bbox 708 1227 950 1262; x_wconf 81' lang='lat' dir='ltr'>oratorem</span> <span class='ocrx_word' id='word_1_63' title='bbox 990 1234 1090 1263; x_wconf 83' lang='lat' dir='ltr'>esse</span> 
     </span>
     <span class='ocr_line' id='line_1_12' title="bbox 203 1281 1090 1334; baseline -0.005 -10"><span class='ocrx_word' id='word_1_64' title='bbox 203 1281 507 1324; x_wconf 81' lang='lat' dir='ltr'>contenderes</span> <span class='ocrx_word' id='word_1_65' title='bbox 516 1293 532 1329; x_wconf 90' lang='lat'><em>;</em></span> <span class='ocrx_word' id='word_1_66' title='bbox 569 1285 707 1332; x_wconf 85' lang='lat' dir='ltr'>atque</span> <span class='ocrx_word' id='word_1_67' title='bbox 741 1281 788 1318; x_wconf 78' lang='lat' dir='ltr'>id</span> <span class='ocrx_word' id='word_1_68' title='bbox 818 1293 894 1332; x_wconf 91' lang='lat' dir='ltr'>eo,</span> <span class='ocrx_word' id='word_1_69' title='bbox 933 1282 1090 1334; x_wconf 79' lang='lat' dir='ltr'>eredo,</span> 
     </span>
     <span class='ocr_line' id='line_1_13' title="bbox 202 1335 1092 1390; baseline -0.002 -10"><span class='ocrx_word' id='word_1_70' title='bbox 202 1337 451 1386; x_wconf 77' lang='lat' dir='ltr'>audacius,</span> <span class='ocrx_word' id='word_1_71' title='bbox 492 1336 617 1390; x_wconf 82' lang='lat' dir='ltr'>quod</span> <span class='ocrx_word' id='word_1_72' title='bbox 638 1335 949 1387; x_wconf 68' lang='lat' dir='ltr'>malignitatis</span> <span class='ocrx_word' id='word_1_73' title='bbox 971 1339 1092 1390; x_wconf 80' lang='lat' dir='ltr'>opin.</span> 
     </span>
     <span class='ocr_line' id='line_1_14' title="bbox 201 1391 1098 1438; baseline -0.001 -1"><span class='ocrx_word' id='word_1_74' title='bbox 201 1391 300 1438; x_wconf 78' lang='lat' dir='ltr'>non</span> <span class='ocrx_word' id='word_1_75' title='bbox 334 1393 486 1436; x_wconf 84' lang='lat' dir='ltr'>vereb.</span> <span class='ocrx_word' id='word_1_76' title='bbox 555 1391 704 1433; x_wconf 79' lang='lat' dir='ltr'>Locus</span> <span class='ocrx_word' id='word_1_77' title='bbox 739 1391 785 1433; x_wconf 91' lang='lat' dir='ltr'>in</span> <span class='ocrx_word' id='word_1_78' title='bbox 819 1391 941 1434; x_wconf 85' lang='lat' dir='ltr'>libris</span> <span class='ocrx_word' id='word_1_79' title='bbox 975 1393 1098 1436; x_wconf 76' lang='lat' dir='ltr'>anti-</span> 
     </span>
     <span class='ocr_line' id='line_1_15' title="bbox 201 1447 1098 1514; baseline -0.001 -19"><span class='ocrx_word' id='word_1_80' title='bbox 201 1452 301 1514; x_wconf 87' lang='lat' dir='ltr'>quis</span> <span class='ocrx_word' id='word_1_81' title='bbox 321 1451 484 1494; x_wconf 81' lang='lat' dir='ltr'>misere</span> <span class='ocrx_word' id='word_1_82' title='bbox 505 1447 783 1506; x_wconf 83' lang='lat' dir='ltr'>depravatus.</span> <span class='ocrx_word' id='word_1_83' title='bbox 840 1449 943 1492; x_wconf 79' lang='lat' dir='ltr'>MS.</span> <span class='ocrx_word' id='word_1_84' title='bbox 958 1449 1098 1509; x_wconf 75' lang='lat' dir='ltr'>Neap-</span> 
     </span>
     <span class='ocr_line' id='line_1_16' title="bbox 203 1501 1091 1568; baseline -0.005 -14"><span class='ocrx_word' id='word_1_85' title='bbox 203 1501 274 1554; x_wconf 88' lang='lat' dir='ltr'>ed.</span> <span class='ocrx_word' id='word_1_86' title='bbox 301 1508 424 1568; x_wconf 86' lang='lat' dir='ltr'>Lips.</span> <span class='ocrx_word' id='word_1_87' title='bbox 455 1510 695 1549; x_wconf 84' lang='lat' dir='ltr'>neminem</span> <span class='ocrx_word' id='word_1_88' title='bbox 726 1537 737 1549; x_wconf 90' lang='lat'>.</span> <span class='ocrx_word' id='word_1_89' title='bbox 762 1537 773 1549; x_wconf 94' lang='lat'>.</span> <span class='ocrx_word' id='word_1_90' title='bbox 797 1537 808 1548; x_wconf 89' lang='lat'>.</span> <span class='ocrx_word' id='word_1_91' title='bbox 844 1512 1091 1551; x_wconf 80' lang='lat' dir='ltr'>contende-</span> 
     </span>
     <span class='ocr_line' id='line_1_17' title="bbox 203 1565 1090 1621; baseline 0 -13"><span class='ocrx_word' id='word_1_92' title='bbox 203 1581 307 1619; x_wconf 84' lang='lat' dir='ltr'>res;</span> <span class='ocrx_word' id='word_1_93' title='bbox 351 1565 555 1620; x_wconf 82' lang='lat' dir='ltr'>antiquis</span> <span class='ocrx_word' id='word_1_94' title='bbox 586 1579 638 1605; x_wconf 87' lang='lat' dir='ltr'>eo</span> <span class='ocrx_word' id='word_1_95' title='bbox 674 1566 811 1607; x_wconf 77' lang='lat' dir='ltr'>oredo</span> <span class='ocrx_word' id='word_1_96' title='bbox 849 1568 1090 1621; x_wconf 84' lang='lat' dir='ltr'>audacius,</span> 
     </span>
     <span class='ocr_line' id='line_1_18' title="bbox 203 1622 1096 1682; baseline -0.004 -14"><span class='ocrx_word' id='word_1_97' title='bbox 203 1628 327 1682; x_wconf 80' lang='lat' dir='ltr'>quod</span> <span class='ocrx_word' id='word_1_98' title='bbox 377 1622 578 1676; x_wconf 79' lang='lat' dir='ltr'>maligni</span> <span class='ocrx_word' id='word_1_99' title='bbox 623 1622 672 1662; x_wconf 82' lang='lat' dir='ltr'>in</span> <span class='ocrx_word' id='word_1_100' title='bbox 720 1622 777 1664; x_wconf 81' lang='lat' dir='ltr'>its</span> <span class='ocrx_word' id='word_1_101' title='bbox 817 1638 889 1676; x_wconf 85' lang='lat' dir='ltr'>op.</span> <span class='ocrx_word' id='word_1_102' title='bbox 932 1637 983 1667; x_wconf 85' lang='lat' dir='ltr'>n.</span> <span class='ocrx_word' id='word_1_103' title='bbox 1026 1638 1096 1674; x_wconf 88' lang='lat' dir='ltr'>v.‚·</span> 
     </span>
     <span class='ocr_line' id='line_1_19' title="bbox 200 1678 1093 1732; baseline -0.006 -5"><span class='ocrx_word' id='word_1_104' title='bbox 200 1682 321 1727; x_wconf 87' lang='lat' dir='ltr'>idem</span> <span class='ocrx_word' id='word_1_105' title='bbox 356 1678 561 1724; x_wconf 84' lang='lat' dir='ltr'>exhibent</span> <span class='ocrx_word' id='word_1_106' title='bbox 593 1679 733 1723; x_wconf 89' lang='lat' dir='ltr'><strong><em>MSS.</em></strong></span> <span class='ocrx_word' id='word_1_107' title='bbox 763 1678 960 1732; x_wconf 69' lang='lat' dir='ltr'>Vatiec„</span> <span class='ocrx_word' id='word_1_108' title='bbox 1009 1680 1093 1724; x_wconf 88' lang='lat' dir='ltr'>nisi</span> 
     </span>
     <span class='ocr_line' id='line_1_20' title="bbox 205 1735 1094 1800; baseline -0.004 -17"><span class='ocrx_word' id='word_1_109' title='bbox 205 1738 328 1800; x_wconf 85' lang='lat' dir='ltr'>quod</span> <span class='ocrx_word' id='word_1_110' title='bbox 358 1753 411 1781; x_wconf 85' lang='lat' dir='ltr'>ex</span> <span class='ocrx_word' id='word_1_111' title='bbox 438 1735 537 1780; x_wconf 89' lang='lat' dir='ltr'>Vat.</span> <span class='ocrx_word' id='word_1_112' title='bbox 563 1737 685 1779; x_wconf 81' lang='lat'>1518.</span> <span class='ocrx_word' id='word_1_113' title='bbox 722 1736 952 1780; x_wconf 83' lang='lat' dir='ltr'>Broterius</span> <span class='ocrx_word' id='word_1_114' title='bbox 986 1752 1094 1779; x_wconf 84' lang='lat' dir='ltr'>ma-</span> 
     </span>
     <span class='ocr_line' id='line_1_21' title="bbox 205 1794 1097 1854; baseline 0.002 -16"><span class='ocrx_word' id='word_1_115' title='bbox 205 1803 325 1854; x_wconf 75' lang='lat' dir='ltr'>ligne</span> <span class='ocrx_word' id='word_1_116' title='bbox 348 1796 397 1838; x_wconf 89' lang='lat' dir='ltr'>in</span> <span class='ocrx_word' id='word_1_117' title='bbox 422 1794 482 1837; x_wconf 85' lang='lat' dir='ltr'>iis</span> <span class='ocrx_word' id='word_1_118' title='bbox 505 1794 720 1841; x_wconf 82' lang='lat' dir='ltr'>enotavit.</span> <span class='ocrx_word' id='word_1_119' title='bbox 758 1822 814 1831; x_wconf 89' lang='lat'>-</span> <span class='ocrx_word' id='word_1_120' title='bbox 872 1795 955 1838; x_wconf 85' lang='lat' dir='ltr'>Ed.</span> <span class='ocrx_word' id='word_1_121' title='bbox 977 1797 1097 1854; x_wconf 75' lang='lat' dir='ltr'>Spir-</span> 
     </span>
     <span class='ocr_line' id='line_1_22' title="bbox 203 1855 1094 1898; baseline -0.004 0"><span class='ocrx_word' id='word_1_122' title='bbox 203 1862 423 1898; x_wconf 84' lang='lat' dir='ltr'>nostrum</span> <span class='ocrx_word' id='word_1_123' title='bbox 458 1855 502 1894; x_wconf 78' lang='lat' dir='ltr'>h.</span> <span class='ocrx_word' id='word_1_124' title='bbox 528 1858 560 1894; x_wconf 82' lang='lat' dir='ltr'>t.</span> <span class='ocrx_word' id='word_1_125' title='bbox 587 1859 832 1894; x_wconf 81' lang='lat' dir='ltr'>oratorem</span> <span class='ocrx_word' id='word_1_126' title='bbox 858 1866 955 1895; x_wconf 88' lang='lat' dir='ltr'>esse</span> <span class='ocrx_word' id='word_1_127' title='bbox 982 1868 1094 1896; x_wconf 85' lang='lat' dir='ltr'>con-</span> 
     </span>
     <span class='ocr_line' id='line_1_23' title="bbox 203 1911 1095 1965; baseline -0.006 -8"><span class='ocrx_word' id='word_1_128' title='bbox 203 1915 409 1957; x_wconf 80' lang='lat' dir='ltr'>tendere.</span> <span class='ocrx_word' id='word_1_129' title='bbox 452 1911 654 1965; x_wconf 80' lang='lat' dir='ltr'>antiquis</span> <span class='ocrx_word' id='word_1_130' title='bbox 687 1923 741 1951; x_wconf 87' lang='lat' dir='ltr'>eo</span> <span class='ocrx_word' id='word_1_131' title='bbox 771 1914 909 1963; x_wconf 72' lang='lat' dir='ltr'>credo</span> <span class='ocrx_word' id='word_1_132' title='bbox 940 1914 1095 1952; x_wconf 85' lang='lat' dir='ltr'>auda-</span> 
     </span>
     <span class='ocr_line' id='line_1_24' title="bbox 201 1970 1097 2025; baseline -0.002 -14"><span class='ocrx_word' id='word_1_133' title='bbox 201 1972 302 2014; x_wconf 77' lang='lat' dir='ltr'>cius</span> <span class='ocrx_word' id='word_1_134' title='bbox 324 1970 447 2025; x_wconf 83' lang='lat' dir='ltr'>quod</span> <span class='ocrx_word' id='word_1_135' title='bbox 468 1970 722 2022; x_wconf 78' lang='lat' dir='ltr'>malignus.</span> <span class='ocrx_word' id='word_1_136' title='bbox 751 1970 821 2009; x_wconf 79' lang='lat' dir='ltr'>his</span> <span class='ocrx_word' id='word_1_137' title='bbox 841 1983 910 2021; x_wconf 84' lang='lat' dir='ltr'>op.</span> <span class='ocrx_word' id='word_1_138' title='bbox 925 1982 971 2011; x_wconf 90' lang='lat' dir='ltr'>n.</span> <span class='ocrx_word' id='word_1_139' title='bbox 984 1983 1022 2010; x_wconf 92' lang='grc' dir='ltr'>υ.</span> <span class='ocrx_word' id='word_1_140' title='bbox 1039 1992 1097 2001; x_wconf 92' lang='lat'>--</span> 
     </span>
     <span class='ocr_line' id='line_1_25' title="bbox 203 2024 1096 2072; baseline -0.002 -2"><span class='ocrx_word' id='word_1_141' title='bbox 203 2027 319 2072; x_wconf 90' lang='lat' dir='ltr'>Edd.</span> <span class='ocrx_word' id='word_1_142' title='bbox 357 2025 459 2068; x_wconf 88' lang='lat' dir='ltr'>Put.</span> <span class='ocrx_word' id='word_1_143' title='bbox 489 2024 591 2066; x_wconf 90' lang='lat' dir='ltr'>Ber.</span> <span class='ocrx_word' id='word_1_144' title='bbox 628 2025 723 2066; x_wconf 76' lang='lat' dir='ltr'>Riv.</span> <span class='ocrx_word' id='word_1_145' title='bbox 749 2025 851 2068; x_wconf 86' lang='lat' dir='ltr'>Alc.</span> <span class='ocrx_word' id='word_1_146' title='bbox 886 2032 1096 2068; x_wconf 84' lang='lat' dir='ltr'>nostrum</span> 
     </span>
     <span class='ocr_line' id='line_1_26' title="bbox 206 2086 1101 2129; baseline -0.007 0"><span class='ocrx_word' id='word_1_147' title='bbox 206 2089 257 2129; x_wconf 80' lang='lat' dir='ltr'>h.</span> <span class='ocrx_word' id='word_1_148' title='bbox 278 2092 308 2127; x_wconf 86' lang='lat' dir='ltr'>t.</span> <span class='ocrx_word' id='word_1_149' title='bbox 335 2091 575 2126; x_wconf 84' lang='lat' dir='ltr'>oratorem</span> <span class='ocrx_word' id='word_1_150' title='bbox 597 2095 695 2124; x_wconf 83' lang='lat' dir='ltr'>esse</span> <span class='ocrx_word' id='word_1_151' title='bbox 719 2086 996 2124; x_wconf 83' lang='lat' dir='ltr'>contendere</span> <span class='ocrx_word' id='word_1_152' title='bbox 1015 2098 1101 2125; x_wconf 86' lang='lat' dir='ltr'>an-</span> 
     </span>
     <span class='ocr_line' id='line_1_27' title="bbox 204 2140 1100 2200; baseline -0.007 -14"><span class='ocrx_word' id='word_1_153' title='bbox 204 2144 343 2200; x_wconf 86' lang='lat' dir='ltr'>tiquis</span> <span class='ocrx_word' id='word_1_154' title='bbox 368 2155 421 2183; x_wconf 91' lang='lat' dir='ltr'>eo</span> <span class='ocrx_word' id='word_1_155' title='bbox 443 2143 582 2182; x_wconf 80' lang='lat' dir='ltr'>credo</span> <span class='ocrx_word' id='word_1_156' title='bbox 604 2140 831 2181; x_wconf 76' lang='lat' dir='ltr'>audacius</span> <span class='ocrx_word' id='word_1_157' title='bbox 844 2173 857 2195; x_wconf 80' lang='grc'>,</span> <span class='ocrx_word' id='word_1_158' title='bbox 890 2154 978 2195; x_wconf 89' lang='lat' dir='ltr'>quo</span> <span class='ocrx_word' id='word_1_159' title='bbox 1001 2156 1100 2183; x_wconf 86' lang='lat' dir='ltr'>ma-</span> 
     </span>
     <span class='ocr_line' id='line_1_28' title="bbox 204 2196 1101 2255; baseline -0.004 -11"><span class='ocrx_word' id='word_1_160' title='bbox 204 2200 399 2255; x_wconf 75' lang='lat' dir='ltr'>lignius,</span> <span class='ocrx_word' id='word_1_161' title='bbox 453 2196 526 2239; x_wconf 80' lang='lat' dir='ltr'>his</span> <span class='ocrx_word' id='word_1_162' title='bbox 568 2197 830 2252; x_wconf 81' lang='lat' dir='ltr'>opinionem</span> <span class='ocrx_word' id='word_1_163' title='bbox 868 2212 919 2240; x_wconf 90' lang='lat' dir='ltr'>n.</span> <span class='ocrx_word' id='word_1_164' title='bbox 955 2210 999 2240; x_wconf 87' lang='lat' dir='ltr'>v.</span> <span class='ocrx_word' id='word_1_165' title='bbox 1042 2222 1101 2230; x_wconf 88' lang='lat'>—</span> 
     </span>
     <span class='ocr_line' id='line_1_29' title="bbox 203 2254 1101 2302; baseline -0.004 1"><span class='ocrx_word' id='word_1_166' title='bbox 203 2257 321 2302; x_wconf 88' lang='lat' dir='ltr'>Edd.</span> <span class='ocrx_word' id='word_1_167' title='bbox 350 2254 495 2297; x_wconf 78' lang='lat' dir='ltr'>Rhea.</span> <span class='ocrx_word' id='word_1_168' title='bbox 523 2254 628 2297; x_wconf 86' lang='lat' dir='ltr'>Ald.</span> <span class='ocrx_word' id='word_1_169' title='bbox 660 2263 821 2297; x_wconf 83' lang='lat' dir='ltr'>nostro</span> <span class='ocrx_word' id='word_1_170' title='bbox 858 2257 943 2298; x_wconf 75' lang='lat' dir='ltr'>hoc</span> <span class='ocrx_word' id='word_1_171' title='bbox 973 2263 1101 2299; x_wconf 82' lang='lat' dir='ltr'>tem-</span> 
     </span>
     <span class='ocr_line' id='line_1_30' title="bbox 201 2315 1100 2373; baseline -0.003 -14"><span class='ocrx_word' id='word_1_172' title='bbox 201 2324 322 2373; x_wconf 78' lang='lat' dir='ltr'>&#39;pore</span> <span class='ocrx_word' id='word_1_173' title='bbox 371 2319 611 2355; x_wconf 84' lang='lat' dir='ltr'>oratorem</span> <span class='ocrx_word' id='word_1_174' title='bbox 654 2315 927 2354; x_wconf 78' lang='lat' dir='ltr'>contendere</span> <span class='ocrx_word' id='word_1_175' title='bbox 970 2315 1100 2356; x_wconf 86' lang='lat' dir='ltr'>anti·</span> 
     </span>
     <span class='ocr_line' id='line_1_31' title="bbox 206 2371 1100 2431; baseline -0.002 -16"><span class='ocrx_word' id='word_1_176' title='bbox 206 2374 334 2431; x_wconf 86' lang='lat' dir='ltr'>quis,</span> <span class='ocrx_word' id='word_1_177' title='bbox 381 2383 477 2418; x_wconf 83' lang='lat' dir='ltr'>esse</span> <span class='ocrx_word' id='word_1_178' title='bbox 516 2372 666 2412; x_wconf 81' lang='lat' dir='ltr'>credis</span> <span class='ocrx_word' id='word_1_179' title='bbox 706 2371 959 2419; x_wconf 84' lang='lat' dir='ltr'>audacius,</span> <span class='ocrx_word' id='word_1_180' title='bbox 1012 2387 1100 2428; x_wconf 85' lang='lat' dir='ltr'>qao</span> 
     </span>
     <span class='ocr_line' id='line_1_32' title="bbox 209 2427 1101 2483; baseline -0.008 -9"><span class='ocrx_word' id='word_1_181' title='bbox 209 2428 522 2483; x_wconf 79' lang='lat' dir='ltr'>malignitatis</span> <span class='ocrx_word' id='word_1_182' title='bbox 562 2427 824 2483; x_wconf 80' lang='lat' dir='ltr'>opinionem</span> <span class='ocrx_word' id='word_1_183' title='bbox 865 2441 962 2472; x_wconf 87' lang='lat' dir='ltr'>non</span> <span class='ocrx_word' id='word_1_184' title='bbox 1003 2443 1101 2473; x_wconf 78' lang='lat' dir='ltr'>ver,</span> 
     </span>
     <span class='ocr_line' id='line_1_33' title="bbox 205 2483 1099 2543; baseline -0.004 -10"><span class='ocrx_word' id='word_1_185' title='bbox 205 2488 379 2543; x_wconf 88' lang='lat' dir='ltr'>Lipsius</span> <span class='ocrx_word' id='word_1_186' title='bbox 403 2483 631 2542; x_wconf 82' lang='lat' dir='ltr'>duplicem</span> <span class='ocrx_word' id='word_1_187' title='bbox 657 2484 926 2528; x_wconf 81' lang='lat' dir='ltr'>emendandi</span> <span class='ocrx_word' id='word_1_188' title='bbox 956 2486 1099 2529; x_wconf 85' lang='lat' dir='ltr'>ratio-</span> 
     </span>
     <span class='ocr_line' id='line_1_34' title="bbox 207 2542 1101 2602; baseline 0 -15"><span class='ocrx_word' id='word_1_189' title='bbox 207 2561 312 2590; x_wconf 89' lang='lat' dir='ltr'>nem</span> <span class='ocrx_word' id='word_1_190' title='bbox 357 2543 617 2602; x_wconf 81' lang='lat' dir='ltr'>proposuit,</span> <span class='ocrx_word' id='word_1_191' title='bbox 670 2551 744 2584; x_wconf 85' lang='lat' dir='ltr'>aut</span> <span class='ocrx_word' id='word_1_192' title='bbox 786 2542 1101 2587; x_wconf 79' lang='lat' dir='ltr'>scribendum:</span> 
     </span>
     <span class='ocr_line' id='line_1_35' title="bbox 205 2601 1100 2658; baseline -0.002 -13"><span class='ocrx_word' id='word_1_193' title='bbox 205 2606 512 2658; x_wconf 16' lang='lat' dir='ltr'>&#39;contenderes</span> <span class='ocrx_word' id='word_1_194' title='bbox 554 2613 721 2653; x_wconf 86' lang='lat' dir='ltr'>parem</span> <span class='ocrx_word' id='word_1_195' title='bbox 764 2601 982 2655; x_wconf 78' lang='lat' dir='ltr'>antiquis.</span> <span class='ocrx_word' id='word_1_196' title='bbox 1046 2617 1100 2645; x_wconf 91' lang='lat' dir='ltr'>eo</span> 
     </span>
     <span class='ocr_line' id='line_1_36' title="bbox 210 2657 1102 2710; baseline -0.001 -6"><span class='ocrx_word' id='word_1_197' title='bbox 210 2663 351 2704; x_wconf 82' lang='lat' dir='ltr'>credo</span> <span class='ocrx_word' id='word_1_198' title='bbox 384 2657 615 2702; x_wconf 83' lang='lat' dir='ltr'>audacius</span> <span class='ocrx_word' id='word_1_199' title='bbox 647 2666 761 2710; x_wconf 84' lang='lat' dir='ltr'>etc.,</span> <span class='ocrx_word' id='word_1_200' title='bbox 802 2668 877 2700; x_wconf 86' lang='lat' dir='ltr'>aut</span> <span class='ocrx_word' id='word_1_201' title='bbox 906 2667 1102 2703; x_wconf 83' lang='lat' dir='ltr'>conten-</span> 
     </span>
     <span class='ocr_line' id='line_1_37' title="bbox 208 2717 1104 2773; baseline -0.002 -12"><span class='ocrx_word' id='word_1_202' title='bbox 208 2722 362 2761; x_wconf 83' lang='lat' dir='ltr'>deres.</span> <span class='ocrx_word' id='word_1_203' title='bbox 415 2723 556 2773; x_wconf 83' lang='lat' dir='ltr'>atque</span> <span class='ocrx_word' id='word_1_204' title='bbox 595 2717 645 2758; x_wconf 83' lang='lat' dir='ltr'>id</span> <span class='ocrx_word' id='word_1_205' title='bbox 679 2730 732 2757; x_wconf 79' lang='lat' dir='ltr'>eo</span> <span class='ocrx_word' id='word_1_206' title='bbox 771 2719 907 2758; x_wconf 84' lang='lat' dir='ltr'>credo</span> <span class='ocrx_word' id='word_1_207' title='bbox 945 2722 1104 2759; x_wconf 85' lang='lat' dir='ltr'>auda-</span> 
     </span>
     <span class='ocr_line' id='line_1_38' title="bbox 208 2773 1104 2831; baseline -0.004 -9"><span class='ocrx_word' id='word_1_208' title='bbox 208 2777 309 2822; x_wconf 81' lang='lat' dir='ltr'>cius</span> <span class='ocrx_word' id='word_1_209' title='bbox 350 2783 434 2819; x_wconf 89' lang='lat' dir='ltr'>etc.</span> <span class='ocrx_word' id='word_1_210' title='bbox 507 2773 603 2817; x_wconf 87' lang='lat' dir='ltr'>Hac</span> <span class='ocrx_word' id='word_1_211' title='bbox 637 2773 772 2831; x_wconf 84' lang='lat' dir='ltr'>Lipsii</span> <span class='ocrx_word' id='word_1_212' title='bbox 817 2781 861 2816; x_wconf 89' lang='lat' dir='ltr'>et</span> <span class='ocrx_word' id='word_1_213' title='bbox 897 2773 1104 2818; x_wconf 86' lang='lat' dir='ltr'>Rhenani</span> 
     </span>
     <span class='ocr_line' id='line_1_39' title="bbox 209 2829 1102 2879; baseline 0 -4"><span class='ocrx_word' id='word_1_214' title='bbox 209 2833 469 2879; x_wconf 84' lang='lat' dir='ltr'>coniectura</span> <span class='ocrx_word' id='word_1_215' title='bbox 505 2829 747 2875; x_wconf 83' lang='lat' dir='ltr'>coniuncta</span> <span class='ocrx_word' id='word_1_216' title='bbox 780 2831 992 2876; x_wconf 77' lang='lat' dir='ltr'>Pithoeus</span> <span class='ocrx_word' id='word_1_217' title='bbox 1028 2849 1102 2875; x_wconf 89' lang='lat' dir='ltr'>re-</span> 
     </span>
     <span class='ocr_line' id='line_1_40' title="bbox 209 2888 1104 2946; baseline -0.001 -11"><span class='ocrx_word' id='word_1_218' title='bbox 209 2888 353 2935; x_wconf 80' lang='lat' dir='ltr'>stituit</span> <span class='ocrx_word' id='word_1_219' title='bbox 384 2888 561 2937; x_wconf 80' lang='lat' dir='ltr'>locum.</span> <span class='ocrx_word' id='word_1_220' title='bbox 610 2889 674 2931; x_wconf 87' lang='lat' dir='ltr'>uti</span> <span class='ocrx_word' id='word_1_221' title='bbox 711 2904 837 2933; x_wconf 85' lang='lat' dir='ltr'>nunc</span> <span class='ocrx_word' id='word_1_222' title='bbox 869 2888 1104 2946; x_wconf 82' lang='lat' dir='ltr'>vulgatur:</span> 
     </span>
     <span class='ocr_line' id='line_1_41' title="bbox 209 2947 1102 3004; baseline 0.001 -15"><span class='ocrx_word' id='word_1_223' title='bbox 209 2956 350 3004; x_wconf 82' lang='lat' dir='ltr'>atque</span> <span class='ocrx_word' id='word_1_224' title='bbox 401 2947 448 2988; x_wconf 79' lang='lat' dir='ltr'>id</span> <span class='ocrx_word' id='word_1_225' title='bbox 499 2963 576 3000; x_wconf 88' lang='lat' dir='ltr'>eo,</span> <span class='ocrx_word' id='word_1_226' title='bbox 638 2949 801 2994; x_wconf 77' lang='lat' dir='ltr'>oredo,</span> <span class='ocrx_word' id='word_1_227' title='bbox 859 2949 1102 3003; x_wconf 81' lang='lat' dir='ltr'>audacius,</span> 
     </span>
     <span class='ocr_line' id='line_1_42' title="bbox 212 3003 1104 3063; baseline -0.001 -15"><span class='ocrx_word' id='word_1_228' title='bbox 212 3007 335 3063; x_wconf 81' lang='lat' dir='ltr'>quod</span> <span class='ocrx_word' id='word_1_229' title='bbox 368 3004 678 3059; x_wconf 77' lang='lat' dir='ltr'>malignitatis</span> <span class='ocrx_word' id='word_1_230' title='bbox 709 3003 976 3057; x_wconf 82' lang='lat' dir='ltr'>opinionem</span> <span class='ocrx_word' id='word_1_231' title='bbox 1010 3020 1104 3048; x_wconf 88' lang='lat' dir='ltr'>non</span> 
     </span>
     <span class='ocr_line' id='line_1_43' title="bbox 209 3061 1103 3117; baseline -0.002 -10"><span class='ocrx_word' id='word_1_232' title='bbox 209 3061 465 3114; x_wconf 73' lang='lat' dir='ltr'>verebaris.</span> <span class='ocrx_word' id='word_1_233' title='bbox 527 3061 839 3114; x_wconf 77' lang='lat' dir='ltr'>malignitatis</span> <span class='ocrx_word' id='word_1_234' title='bbox 883 3061 1103 3117; x_wconf 83' lang='lat' dir='ltr'>imprimis</span> 
     </span>
     <span class='ocr_line' id='line_1_44' title="bbox 213 3118 1103 3190; baseline -0.003 -25"><span class='ocrx_word' id='word_1_235' title='bbox 213 3119 379 3190; x_wconf 80' lang='lat' dir='ltr'>placuit</span> <span class='ocrx_word' id='word_1_236' title='bbox 411 3134 592 3162; x_wconf 87' lang='lat' dir='ltr'>summo</span> <span class='ocrx_word' id='word_1_237' title='bbox 625 3119 727 3163; x_wconf 86' lang='lat' dir='ltr'>viro</span> <span class='ocrx_word' id='word_1_238' title='bbox 759 3118 808 3162; x_wconf 86' lang='lat' dir='ltr'>F.</span> <span class='ocrx_word' id='word_1_239' title='bbox 835 3119 888 3163; x_wconf 87' lang='lat' dir='ltr'>A.</span> <span class='ocrx_word' id='word_1_240' title='bbox 914 3118 1103 3163; x_wconf 82' lang='lat' dir='ltr'>Wolfio</span> 
     </span>
     <span class='ocr_line' id='line_1_45' title="bbox 213 3175 1106 3234; baseline -0.003 -11"><span class='ocrx_word' id='word_1_241' title='bbox 213 3195 290 3224; x_wconf 83' lang='lat' dir='ltr'>m:</span> <span class='ocrx_word' id='word_1_242' title='bbox 335 3176 623 3220; x_wconf 63' lang='lat' dir='ltr'>Ver-maome</span> <span class='ocrx_word' id='word_1_243' title='bbox 656 3176 893 3232; x_wconf 70' lang='lat' dir='ltr'>Schriften</span> <span class='ocrx_word' id='word_1_244' title='bbox 926 3194 967 3234; x_wconf 87' lang='lat' dir='ltr'>p.</span> <span class='ocrx_word' id='word_1_245' title='bbox 998 3175 1106 3228; x_wconf 68' lang='lat'>163„</span> 
     </span>
     <span class='ocr_line' id='line_1_46' title="bbox 214 3232 1113 3291; baseline -0.006 -10"><span class='ocrx_word' id='word_1_246' title='bbox 214 3235 343 3281; x_wconf 87' lang='lat' dir='ltr'>cuius</span> <span class='ocrx_word' id='word_1_247' title='bbox 357 3234 495 3280; x_wconf 81' lang='lat' dir='ltr'>verba</span> <span class='ocrx_word' id='word_1_248' title='bbox 510 3232 742 3277; x_wconf 69' lang='lat' dir='ltr'>adscribot</span> <span class='ocrx_word' id='word_1_249' title='bbox 769 3265 796 3283; x_wconf 90' lang='lat'>,‚</span> <span class='ocrx_word' id='word_1_250' title='bbox 808 3250 890 3291; x_wconf 82' lang='lat' dir='ltr'>pro</span> <span class='ocrx_word' id='word_1_251' title='bbox 913 3235 1113 3288; x_wconf 78' lang='lat' dir='ltr'>maligni</span> 
     </span>
     <span class='ocr_line' id='line_1_47' title="bbox 211 3290 1108 3337; baseline -0.004 0"><span class='ocrx_word' id='word_1_252' title='bbox 211 3296 260 3337; x_wconf 83' lang='lat' dir='ltr'>in</span> <span class='ocrx_word' id='word_1_253' title='bbox 288 3295 345 3336; x_wconf 71' lang='lat' dir='ltr'>iis</span> <span class='ocrx_word' id='word_1_254' title='bbox 368 3290 598 3337; x_wconf 86' lang='lat' dir='ltr'>Acidalius</span> <span class='ocrx_word' id='word_1_255' title='bbox 629 3290 822 3334; x_wconf 83' lang='lat' dir='ltr'>coniecit</span> <span class='ocrx_word' id='word_1_256' title='bbox 849 3307 913 3334; x_wconf 90' lang='lat' dir='ltr'>m.</span> <span class='ocrx_word' id='word_1_257' title='bbox 945 3293 1108 3334; x_wconf 77' lang='lat' dir='ltr'>iudicis</span> 
     </span>
     <span class='ocr_line' id='line_1_48' title="bbox 216 3347 1105 3407; baseline -0.002 -14"><span class='ocrx_word' id='word_1_258' title='bbox 216 3349 357 3407; x_wconf 82' lang='lat' dir='ltr'>(quod</span> <span class='ocrx_word' id='word_1_259' title='bbox 375 3351 613 3407; x_wconf 86' lang='lat' dir='ltr'>probatum</span> <span class='ocrx_word' id='word_1_260' title='bbox 634 3355 699 3389; x_wconf 88' lang='lat' dir='ltr'>est</span> <span class='ocrx_word' id='word_1_261' title='bbox 715 3348 769 3389; x_wconf 88' lang='lat' dir='ltr'>ab</span> <span class='ocrx_word' id='word_1_262' title='bbox 784 3347 1048 3391; x_wconf 80' lang='lat' dir='ltr'>Heumanno</span> <span class='ocrx_word' id='word_1_263' title='bbox 1062 3356 1105 3391; x_wconf 86' lang='lat' dir='ltr'>et</span> 
     </span>
     <span class='ocr_line' id='line_1_49' title="bbox 212 3403 1108 3457; baseline -0.007 -5"><span class='ocrx_word' id='word_1_264' title='bbox 212 3407 472 3457; x_wconf 73' lang='lat' dir='ltr'>schulzio),</span> <span class='ocrx_word' id='word_1_265' title='bbox 507 3403 821 3449; x_wconf 84' lang='lat' dir='ltr'>emendatione</span> <span class='ocrx_word' id='word_1_266' title='bbox 845 3406 948 3448; x_wconf 84' lang='lat' dir='ltr'>satis</span> <span class='ocrx_word' id='word_1_267' title='bbox 971 3405 1108 3455; x_wconf 83' lang='lat' dir='ltr'>facili,</span> 
     </span>
     <span class='ocr_line' id='line_1_50' title="bbox 212 3460 1110 3523; baseline -0.003 -14"><span class='ocrx_word' id='word_1_268' title='bbox 212 3475 264 3509; x_wconf 83' lang='lat' dir='ltr'>ut</span> <span class='ocrx_word' id='word_1_269' title='bbox 297 3466 392 3523; x_wconf 87' lang='lat' dir='ltr'>ipse</span> <span class='ocrx_word' id='word_1_270' title='bbox 420 3471 571 3506; x_wconf 88' lang='lat' dir='ltr'>autem</span> <span class='ocrx_word' id='word_1_271' title='bbox 601 3460 876 3520; x_wconf 85' lang='lat' dir='ltr'>appellabat,</span> <span class='ocrx_word' id='word_1_272' title='bbox 907 3462 1110 3519; x_wconf 79' lang='lat' dir='ltr'>eleganti.</span> 
     </span>
     <span class='ocr_line' id='line_1_51' title="bbox 214 3517 1110 3578; baseline -0.006 -11"><span class='ocrx_word' id='word_1_273' title='bbox 214 3521 302 3567; x_wconf 80' lang='lat' dir='ltr'>Sed</span> <span class='ocrx_word' id='word_1_274' title='bbox 343 3521 613 3578; x_wconf 77' lang='lat' dir='ltr'>elegantiam</span> <span class='ocrx_word' id='word_1_275' title='bbox 654 3517 838 3577; x_wconf 81' lang='lat' dir='ltr'>quidem</span> <span class='ocrx_word' id='word_1_276' title='bbox 878 3521 1110 3563; x_wconf 80' lang='lat' dir='ltr'>mallemus</span> 
     </span>
     <span class='ocr_line' id='line_1_52' title="bbox 215 3576 1111 3639; baseline -0.004 -15"><span class='ocrx_word' id='word_1_277' title='bbox 215 3578 470 3639; x_wconf 74' lang='lat' dir='ltr'>cuiuspiam</span> <span class='ocrx_word' id='word_1_278' title='bbox 515 3578 620 3623; x_wconf 86' lang='lat' dir='ltr'>honi</span> <span class='ocrx_word' id='word_1_279' title='bbox 666 3578 863 3621; x_wconf 74' lang='lat' dir='ltr'>auctoris</span> <span class='ocrx_word' id='word_1_280' title='bbox 906 3576 1111 3635; x_wconf 79' lang='lat' dir='ltr'>exemplo</span> 
     </span>
    </p>
   </div>
   <div class='ocr_carea' id='block_1_7' title="bbox 862 1005 2048 1085">
    <p class='ocr_par' dir='ltr' id='par_1_7' title="bbox 862 1005 2048 1085">
     <span class='ocr_line' id='line_1_53' title="bbox 862 1005 2048 1085; baseline 0.003 -24"><span class='ocrx_word' id='word_1_281' title='bbox 862 1026 928 1062; x_wconf 89' lang='lat' dir='ltr'>ac</span> <span class='ocrx_word' id='word_1_282' title='bbox 965 1005 1142 1062; x_wconf 88' lang='lat' dir='ltr'>velim</span> <span class='ocrx_word' id='word_1_283' title='bbox 1179 1005 1557 1082; x_wconf 87' lang='lat' dir='ltr'>impetratum</span> <span class='ocrx_word' id='word_1_284' title='bbox 1594 1007 1669 1065; x_wconf 90' lang='lat' dir='ltr'>ab</span> <span class='ocrx_word' id='word_1_285' title='bbox 1709 1007 1908 1085; x_wconf 89' lang='lat' dir='ltr'>aliquo</span> <span class='ocrx_word' id='word_1_286' title='bbox 1945 1028 2048 1065; x_wconf 82' lang='lat' dir='ltr'>ve-</span> 
     </span>
    </p>
   </div>
   <div class='ocr_carea' id='block_1_8' title="bbox 1162 1220 2056 1910">
    <p class='ocr_par' dir='ltr' id='par_1_8' title="bbox 1162 1220 2056 1910">
     <span class='ocr_line' id='line_1_54' title="bbox 1162 1220 2052 1281; baseline 0.007 -18"><span class='ocrx_word' id='word_1_287' title='bbox 1162 1236 1296 1278; x_wconf 87' lang='lat' dir='ltr'>quam</span> <span class='ocrx_word' id='word_1_288' title='bbox 1347 1220 1421 1264; x_wconf 83' lang='lat' dir='ltr'>tali</span> <span class='ocrx_word' id='word_1_289' title='bbox 1469 1221 1713 1279; x_wconf 85' lang='lat' dir='ltr'>praeconio</span> <span class='ocrx_word' id='word_1_290' title='bbox 1752 1221 2052 1281; x_wconf 78' lang='lat' dir='ltr'>probavisset.</span> 
     </span>
     <span class='ocr_line' id='line_1_55' title="bbox 1163 1279 2051 1337; baseline 0.006 -15"><span class='ocrx_word' id='word_1_291' title='bbox 1163 1279 1304 1322; x_wconf 88' lang='lat' dir='ltr'>Nobis</span> <span class='ocrx_word' id='word_1_292' title='bbox 1339 1280 1393 1322; x_wconf 91' lang='lat' dir='ltr'>de</span> <span class='ocrx_word' id='word_1_293' title='bbox 1423 1279 1638 1337; x_wconf 84' lang='lat' dir='ltr'>elegantia</span> <span class='ocrx_word' id='word_1_294' title='bbox 1675 1289 1834 1325; x_wconf 85' lang='lat' dir='ltr'>contra</span> <span class='ocrx_word' id='word_1_295' title='bbox 1862 1283 2051 1327; x_wconf 83' lang='lat' dir='ltr'>videtur.</span> 
     </span>
     <span class='ocr_line' id='line_1_56' title="bbox 1164 1335 2049 1393; baseline 0.005 -13"><span class='ocrx_word' id='word_1_296' title='bbox 1164 1337 1431 1393; x_wconf 87' lang='lat' dir='ltr'>Propiorem</span> <span class='ocrx_word' id='word_1_297' title='bbox 1469 1345 1512 1380; x_wconf 89' lang='lat' dir='ltr'>et</span> <span class='ocrx_word' id='word_1_298' title='bbox 1538 1353 1642 1383; x_wconf 89' lang='lat' dir='ltr'>vere</span> <span class='ocrx_word' id='word_1_299' title='bbox 1674 1335 1856 1382; x_wconf 83' lang='lat' dir='ltr'>latinam</span> <span class='ocrx_word' id='word_1_300' title='bbox 1887 1340 2049 1384; x_wconf 83' lang='lat' dir='ltr'>lectio-</span> 
     </span>
     <span class='ocr_line' id='line_1_57' title="bbox 1166 1394 2054 1453; baseline 0.006 -16"><span class='ocrx_word' id='word_1_301' title='bbox 1166 1409 1269 1437; x_wconf 88' lang='lat' dir='ltr'>nem</span> <span class='ocrx_word' id='word_1_302' title='bbox 1327 1402 1509 1438; x_wconf 79' lang='lat' dir='ltr'>servant</span> <span class='ocrx_word' id='word_1_303' title='bbox 1558 1394 1710 1453; x_wconf 88' lang='lat' dir='ltr'>plures</span> <span class='ocrx_word' id='word_1_304' title='bbox 1753 1402 1857 1441; x_wconf 76' lang='lat' dir='ltr'>vett.</span> <span class='ocrx_word' id='word_1_305' title='bbox 1907 1399 2054 1447; x_wconf 74' lang='lat' dir='ltr'>editt„</span> 
     </span>
     <span class='ocr_line' id='line_1_58' title="bbox 1167 1451 2052 1517; baseline 0.01 -25"><span class='ocrx_word' id='word_1_306' title='bbox 1167 1459 1318 1517; x_wconf 78' lang='lat' dir='ltr'>postea</span> <span class='ocrx_word' id='word_1_307' title='bbox 1365 1452 1591 1496; x_wconf 84' lang='lat' dir='ltr'>diductam</span> <span class='ocrx_word' id='word_1_308' title='bbox 1631 1451 1921 1512; x_wconf 86' lang='lat' dir='ltr'>vitiatamque</span> <span class='ocrx_word' id='word_1_309' title='bbox 1957 1457 2052 1501; x_wconf 80' lang='lat' dir='ltr'>sola</span> 
     </span>
     <span class='ocr_line' id='line_1_59' title="bbox 1163 1509 2051 1569; baseline 0.007 -18"><span class='ocrx_word' id='word_1_310' title='bbox 1163 1511 1354 1552; x_wconf 65' lang='lat' dir='ltr'>tortasse</span> <span class='ocrx_word' id='word_1_311' title='bbox 1378 1509 1508 1567; x_wconf 90' lang='lat' dir='ltr'>culpa</span> <span class='ocrx_word' id='word_1_312' title='bbox 1533 1525 1772 1567; x_wconf 88' lang='lat' dir='ltr'>operarum</span> <span class='ocrx_word' id='word_1_313' title='bbox 1789 1545 1799 1563; x_wconf 93' lang='lat'>,</span> <span class='ocrx_word' id='word_1_314' title='bbox 1831 1517 2051 1569; x_wconf 75' lang='lat' dir='ltr'>maligni-</span> 
     </span>
     <span class='ocr_line' id='line_1_60' title="bbox 1165 1567 2055 1626; baseline 0.008 -17"><span class='ocrx_word' id='word_1_315' title='bbox 1165 1568 1276 1609; x_wconf 83' lang='lat' dir='ltr'>tatis</span> <span class='ocrx_word' id='word_1_316' title='bbox 1301 1567 1576 1621; x_wconf 84' lang='lat' dir='ltr'>opinionem.</span> <span class='ocrx_word' id='word_1_317' title='bbox 1635 1568 1687 1611; x_wconf 86' lang='lat' dir='ltr'>ld</span> <span class='ocrx_word' id='word_1_318' title='bbox 1714 1569 1911 1626; x_wconf 88' lang='lat' dir='ltr'>primum</span> <span class='ocrx_word' id='word_1_319' title='bbox 1937 1588 2055 1615; x_wconf 74' lang='lat' dir='ltr'>cou-</span> 
     </span>
     <span class='ocr_line' id='line_1_61' title="bbox 1165 1627 2055 1679; baseline 0.007 -12"><span class='ocrx_word' id='word_1_320' title='bbox 1165 1632 1367 1679; x_wconf 82' lang='lat' dir='ltr'>spectum</span> <span class='ocrx_word' id='word_1_321' title='bbox 1402 1639 1536 1666; x_wconf 89' lang='lat' dir='ltr'>nemo</span> <span class='ocrx_word' id='word_1_322' title='bbox 1571 1640 1666 1668; x_wconf 87' lang='lat' dir='ltr'>non</span> <span class='ocrx_word' id='word_1_323' title='bbox 1701 1627 1837 1670; x_wconf 88' lang='lat' dir='ltr'>simul</span> <span class='ocrx_word' id='word_1_324' title='bbox 1869 1627 2055 1673; x_wconf 84' lang='lat' dir='ltr'>verissi-</span> 
     </span>
     <span class='ocr_line' id='line_1_62' title="bbox 1167 1679 2055 1730; baseline 0.006 -6"><span class='ocrx_word' id='word_1_325' title='bbox 1167 1697 1290 1724; x_wconf 82' lang='lat' dir='ltr'>mum</span> <span class='ocrx_word' id='word_1_326' title='bbox 1316 1681 1592 1725; x_wconf 78' lang='lat' dir='ltr'>iudicaverit.</span> <span class='ocrx_word' id='word_1_327' title='bbox 1606 1682 1633 1698; x_wconf 86' lang='lat'>’‘</span> <span class='ocrx_word' id='word_1_328' title='bbox 1691 1681 1764 1727; x_wconf 86' lang='lat' dir='ltr'>Cf.</span> <span class='ocrx_word' id='word_1_329' title='bbox 1788 1699 1830 1728; x_wconf 89' lang='lat' dir='ltr'>c.</span> <span class='ocrx_word' id='word_1_330' title='bbox 1857 1679 1926 1728; x_wconf 72' lang='lat' dir='ltr'>s8.</span> <span class='ocrx_word' id='word_1_331' title='bbox 1943 1688 2055 1730; x_wconf 76' lang='lat' dir='ltr'>vitia</span> 
     </span>
     <span class='ocr_line' id='line_1_63' title="bbox 1166 1739 2055 1792; baseline 0.004 -10"><span class='ocrx_word' id='word_1_332' title='bbox 1166 1747 1326 1782; x_wconf 88' lang='lat' dir='ltr'>autem</span> <span class='ocrx_word' id='word_1_333' title='bbox 1357 1739 1674 1792; x_wconf 80' lang='lat' dir='ltr'>malignitatis</span> <span class='ocrx_word' id='word_1_334' title='bbox 1701 1743 1942 1786; x_wconf 71' lang='lat' dir='ltr'>humanae</span> <span class='ocrx_word' id='word_1_335' title='bbox 1974 1760 2055 1788; x_wconf 83' lang='lat' dir='ltr'>ve-</span> 
     </span>
     <span class='ocr_line' id='line_1_64' title="bbox 1168 1797 2056 1856; baseline 0.01 -18"><span class='ocrx_word' id='word_1_336' title='bbox 1168 1805 1276 1838; x_wconf 79' lang='lat' dir='ltr'>tera</span> <span class='ocrx_word' id='word_1_337' title='bbox 1296 1811 1481 1849; x_wconf 82' lang='lat' dir='ltr'>semper</span> <span class='ocrx_word' id='word_1_338' title='bbox 1503 1797 1552 1839; x_wconf 88' lang='lat' dir='ltr'>in</span> <span class='ocrx_word' id='word_1_339' title='bbox 1577 1800 1746 1856; x_wconf 84' lang='lat' dir='ltr'>laude,</span> <span class='ocrx_word' id='word_1_340' title='bbox 1781 1803 2056 1855; x_wconf 82' lang='lat' dir='ltr'>praesentia</span> 
     </span>
     <span class='ocr_line' id='line_1_65' title="bbox 1167 1852 1579 1910; baseline 0.007 -15"><span class='ocrx_word' id='word_1_341' title='bbox 1167 1855 1217 1896; x_wconf 84' lang='lat' dir='ltr'>in</span> <span class='ocrx_word' id='word_1_342' title='bbox 1230 1852 1437 1910; x_wconf 74' lang='lat' dir='ltr'>fastidio</span> <span class='ocrx_word' id='word_1_343' title='bbox 1462 1868 1579 1898; x_wconf 83' lang='lat' dir='ltr'>esse.</span> 
     </span>
    </p>
   </div>
   <div class='ocr_carea' id='block_1_9' title="bbox 1168 1963 2060 2137">
    <p class='ocr_par' dir='ltr' id='par_1_9' title="bbox 1168 1963 2060 2137">
     <span class='ocr_line' id='line_1_66' title="bbox 1226 1963 2058 2025; baseline 0.013 -20"><span class='ocrx_word' id='word_1_344' title='bbox 1226 1966 1319 2019; x_wconf 66' lang='lat' dir='ltr'>ipse</span> <span class='ocrx_word' id='word_1_345' title='bbox 1340 1965 1432 2007; x_wconf 84' lang='lat' dir='ltr'>tibi.</span> <span class='ocrx_word' id='word_1_346' title='bbox 1491 1963 1608 2009; x_wconf 80' lang='lat' dir='ltr'>Edd.</span> <span class='ocrx_word' id='word_1_347' title='bbox 1632 1966 1838 2025; x_wconf 88' lang='lat' dir='ltr'>antiquae</span> <span class='ocrx_word' id='word_1_348' title='bbox 1862 1970 1952 2025; x_wconf 81' lang='lat' dir='ltr'>ipsi</span> <span class='ocrx_word' id='word_1_349' title='bbox 1966 1973 2058 2024; x_wconf 82' lang='lat' dir='ltr'>tibi,</span> 
     </span>
     <span class='ocr_line' id='line_1_67' title="bbox 1168 2022 2060 2083; baseline 0.007 -16"><span class='ocrx_word' id='word_1_350' title='bbox 1168 2024 1280 2067; x_wconf 84' lang='lat' dir='ltr'>vitio</span> <span class='ocrx_word' id='word_1_351' title='bbox 1303 2022 1549 2079; x_wconf 81' lang='lat' dir='ltr'>frequenti,</span> <span class='ocrx_word' id='word_1_352' title='bbox 1579 2024 1698 2082; x_wconf 87' lang='lat' dir='ltr'>quod</span> <span class='ocrx_word' id='word_1_353' title='bbox 1721 2025 1892 2083; x_wconf 87' lang='lat' dir='ltr'>primus</span> <span class='ocrx_word' id='word_1_354' title='bbox 1914 2039 2060 2073; x_wconf 80' lang='lat' dir='ltr'>sustu·</span> 
     </span>
     <span class='ocr_line' id='line_1_68' title="bbox 1170 2078 1437 2137; baseline 0.004 -14"><span class='ocrx_word' id='word_1_355' title='bbox 1170 2080 1221 2124; x_wconf 87' lang='lat' dir='ltr'>lit</span> <span class='ocrx_word' id='word_1_356' title='bbox 1244 2078 1437 2137; x_wconf 78' lang='lat' dir='ltr'>Lipsius.</span> 
     </span>
    </p>
   </div>
   <div class='ocr_carea' id='block_1_10' title="bbox 1170 2195 2072 2541">
    <p class='ocr_par' dir='ltr' id='par_1_10' title="bbox 1170 2195 2072 2541">
     <span class='ocr_line' id='line_1_69' title="bbox 1229 2195 2060 2261; baseline 0.012 -26"><span class='ocrx_word' id='word_1_357' title='bbox 1229 2208 1503 2251; x_wconf 81' lang='lat' dir='ltr'>quanquam</span> <span class='ocrx_word' id='word_1_358' title='bbox 1521 2224 1531 2237; x_wconf 93' lang='lat'>.</span> <span class='ocrx_word' id='word_1_359' title='bbox 1547 2224 1560 2238; x_wconf 91' lang='lat'>.</span> <span class='ocrx_word' id='word_1_360' title='bbox 1574 2225 1586 2238; x_wconf 87' lang='lat'>.</span> <span class='ocrx_word' id='word_1_361' title='bbox 1605 2195 1828 2261; x_wconf 51' lang='lat' dir='ltr'>disputes.</span> <span class='ocrx_word' id='word_1_362' title='bbox 1890 2198 2060 2258; x_wconf 80' lang='lat' dir='ltr'>Quan-</span> 
     </span>
     <span class='ocr_line' id='line_1_70' title="bbox 1173 2254 2072 2308; baseline 0.013 -16"><span class='ocrx_word' id='word_1_363' title='bbox 1173 2267 1316 2308; x_wconf 86' lang='lat' dir='ltr'>quam</span> <span class='ocrx_word' id='word_1_364' title='bbox 1361 2267 1465 2294; x_wconf 89' lang='lat' dir='ltr'>cum</span> <span class='ocrx_word' id='word_1_365' title='bbox 1513 2254 1809 2299; x_wconf 79' lang='lat' dir='ltr'>coniunctivo</span> <span class='ocrx_word' id='word_1_366' title='bbox 1855 2256 2072 2303; x_wconf 84' lang='lat' dir='ltr'>iunctum·</span> 
     </span>
     <span class='ocr_line' id='line_1_71' title="bbox 1171 2308 2062 2369; baseline 0.01 -17"><span class='ocrx_word' id='word_1_367' title='bbox 1171 2308 1293 2352; x_wconf 85' lang='lat' dir='ltr'>infra</span> <span class='ocrx_word' id='word_1_368' title='bbox 1327 2323 1507 2366; x_wconf 89' lang='lat' dir='ltr'>quoque</span> <span class='ocrx_word' id='word_1_369' title='bbox 1541 2325 1639 2369; x_wconf 84' lang='lat' dir='ltr'>cap.</span> <span class='ocrx_word' id='word_1_370' title='bbox 1669 2311 1742 2355; x_wconf 76' lang='lat'>26.</span> <span class='ocrx_word' id='word_1_371' title='bbox 1773 2321 1816 2356; x_wconf 84' lang='lat' dir='ltr'>et</span> <span class='ocrx_word' id='word_1_372' title='bbox 1850 2312 1941 2358; x_wconf 69' lang='lat'>34.</span> <span class='ocrx_word' id='word_1_373' title='bbox 1991 2315 2062 2361; x_wconf 83' lang='lat' dir='ltr'>Cf.</span> 
     </span>
     <span class='ocr_line' id='line_1_72' title="bbox 1172 2365 2061 2432; baseline 0.009 -22"><span class='ocrx_word' id='word_1_374' title='bbox 1172 2376 1270 2410; x_wconf 82' lang='lat' dir='ltr'>not.</span> <span class='ocrx_word' id='word_1_375' title='bbox 1291 2365 1345 2410; x_wconf 86' lang='lat' dir='ltr'>ad</span> <span class='ocrx_word' id='word_1_376' title='bbox 1370 2366 1457 2408; x_wconf 84' lang='lat' dir='ltr'>An.</span> <span class='ocrx_word' id='word_1_377' title='bbox 1478 2366 1520 2418; x_wconf 82' lang='grc'>3,</span> <span class='ocrx_word' id='word_1_378' title='bbox 1541 2367 1638 2418; x_wconf 84' lang='grc'><strong>55.,</strong></span> <span class='ocrx_word' id='word_1_379' title='bbox 1678 2367 1753 2412; x_wconf 85' lang='lat' dir='ltr'>ubi</span> <span class='ocrx_word' id='word_1_380' title='bbox 1787 2369 1900 2415; x_wconf 87' lang='lat' dir='ltr'>adde</span> <span class='ocrx_word' id='word_1_381' title='bbox 1927 2371 2061 2432; x_wconf 80' lang='lat' dir='ltr'>Spal-</span> 
     </span>
     <span class='ocr_line' id='line_1_73' title="bbox 1176 2422 2059 2488; baseline 0.011 -22"><span class='ocrx_word' id='word_1_382' title='bbox 1176 2424 1254 2466; x_wconf 88' lang='lat' dir='ltr'>din</span> <span class='ocrx_word' id='word_1_383' title='bbox 1287 2456 1298 2466; x_wconf 86' lang='lat'>.</span> <span class='ocrx_word' id='word_1_384' title='bbox 1321 2423 1375 2466; x_wconf 87' lang='lat' dir='ltr'>ad</span> <span class='ocrx_word' id='word_1_385' title='bbox 1394 2422 1557 2478; x_wconf 80' lang='lat' dir='ltr'>Quint.</span> <span class='ocrx_word' id='word_1_386' title='bbox 1574 2424 1681 2470; x_wconf 83' lang='lat' dir='ltr'>lust.</span> <span class='ocrx_word' id='word_1_387' title='bbox 1704 2442 1771 2471; x_wconf 89' lang='lat' dir='ltr'>or.</span> <span class='ocrx_word' id='word_1_388' title='bbox 1788 2429 1828 2471; x_wconf 88' lang='lat'>1.</span> <span class='ocrx_word' id='word_1_389' title='bbox 1852 2445 2059 2488; x_wconf 78' lang='lat' dir='ltr'>prooem.</span> 
     </span>
     <span class='ocr_line' id='line_1_74' title="bbox 1170 2481 1758 2541; baseline 0.009 -17"><span class='ocrx_word' id='word_1_390' title='bbox 1170 2486 1198 2538; x_wconf 85' lang='lat'>§</span> <span class='ocrx_word' id='word_1_391' title='bbox 1227 2484 1248 2524; x_wconf 91' lang='lat'>1</span> <span class='ocrx_word' id='word_1_392' title='bbox 1282 2513 1295 2525; x_wconf 89' lang='lat'>.</span> <span class='ocrx_word' id='word_1_393' title='bbox 1330 2483 1371 2535; x_wconf 87' lang='lat'>1,</span> <span class='ocrx_word' id='word_1_394' title='bbox 1393 2481 1463 2534; x_wconf 80' lang='lat'>21,</span> <span class='ocrx_word' id='word_1_395' title='bbox 1485 2483 1525 2526; x_wconf 84' lang='lat'>5.</span> <span class='ocrx_word' id='word_1_396' title='bbox 1555 2483 1596 2532; x_wconf 88' lang='grc'>6,</span> <span class='ocrx_word' id='word_1_397' title='bbox 1619 2482 1661 2541; x_wconf 81' lang='grc'>3,</span> <span class='ocrx_word' id='word_1_398' title='bbox 1689 2484 1758 2528; x_wconf 84' lang='grc'>18.</span> 
     </span>
    </p>
   </div>
   <div class='ocr_carea' id='block_1_11' title="bbox 1173 2595 2072 3617">
    <p class='ocr_par' dir='ltr' id='par_1_11' title="bbox 1173 2595 2072 3617">
     <span class='ocr_line' id='line_1_75' title="bbox 1230 2595 2063 2663; baseline 0.01 -23"><span class='ocrx_word' id='word_1_399' title='bbox 1230 2612 1286 2640; x_wconf 81' lang='lat' dir='ltr'>ac</span> <span class='ocrx_word' id='word_1_400' title='bbox 1306 2597 1465 2640; x_wconf 82' lang='lat' dir='ltr'>velim.</span> <span class='ocrx_word' id='word_1_401' title='bbox 1525 2595 1604 2639; x_wconf 84' lang='lat' dir='ltr'>Sic</span> <span class='ocrx_word' id='word_1_402' title='bbox 1629 2596 1731 2641; x_wconf 82' lang='lat' dir='ltr'>libri</span> <span class='ocrx_word' id='word_1_403' title='bbox 1760 2615 1916 2647; x_wconf 87' lang='lat' dir='ltr'>omnes</span> <span class='ocrx_word' id='word_1_404' title='bbox 1937 2619 2063 2663; x_wconf 85' lang='lat' dir='ltr'>prae-</span> 
     </span>
     <span class='ocr_line' id='line_1_76' title="bbox 1173 2653 2062 2713; baseline 0.007 -13"><span class='ocrx_word' id='word_1_405' title='bbox 1173 2666 1241 2700; x_wconf 86' lang='lat' dir='ltr'>ter</span> <span class='ocrx_word' id='word_1_406' title='bbox 1264 2654 1332 2697; x_wconf 89' lang='lat' dir='ltr'>ed.</span> <span class='ocrx_word' id='word_1_407' title='bbox 1359 2653 1505 2713; x_wconf 62' lang='lat' dir='ltr'>Spin,</span> <span class='ocrx_word' id='word_1_408' title='bbox 1542 2655 1587 2698; x_wconf 88' lang='lat' dir='ltr'>in</span> <span class='ocrx_word' id='word_1_409' title='bbox 1617 2671 1705 2713; x_wconf 91' lang='lat' dir='ltr'>qua</span> <span class='ocrx_word' id='word_1_410' title='bbox 1737 2664 1789 2699; x_wconf 75' lang='lat' dir='ltr'>at</span> <span class='ocrx_word' id='word_1_411' title='bbox 1817 2662 1955 2704; x_wconf 77' lang='lat' dir='ltr'>velim</span> <span class='ocrx_word' id='word_1_412' title='bbox 1985 2679 2062 2706; x_wconf 85' lang='lat' dir='ltr'>ex-</span> 
     </span>
     <span class='ocr_line' id='line_1_77' title="bbox 1175 2711 2064 2772; baseline 0.012 -18"><span class='ocrx_word' id='word_1_413' title='bbox 1175 2727 1379 2772; x_wconf 86' lang='lat' dir='ltr'>pressum</span> <span class='ocrx_word' id='word_1_414' title='bbox 1413 2720 1502 2760; x_wconf 88' lang='lat' dir='ltr'>est,</span> <span class='ocrx_word' id='word_1_415' title='bbox 1541 2711 1662 2770; x_wconf 88' lang='lat' dir='ltr'>quod</span> <span class='ocrx_word' id='word_1_416' title='bbox 1689 2713 1868 2760; x_wconf 76' lang='lat' dir='ltr'>Dronlt.</span> <span class='ocrx_word' id='word_1_417' title='bbox 1891 2717 2064 2765; x_wconf 81' lang='lat' dir='ltr'>Osann.</span> 
     </span>
     <span class='ocr_line' id='line_1_78' title="bbox 1176 2767 2062 2827; baseline 0.014 -16"><span class='ocrx_word' id='word_1_418' title='bbox 1176 2781 1221 2815; x_wconf 82' lang='lat' dir='ltr'>et</span> <span class='ocrx_word' id='word_1_419' title='bbox 1246 2767 1391 2813; x_wconf 89' lang='lat' dir='ltr'>Orell.</span> <span class='ocrx_word' id='word_1_420' title='bbox 1415 2776 1707 2827; x_wconf 78' lang='lat' dir='ltr'>receperunt3</span> <span class='ocrx_word' id='word_1_421' title='bbox 1741 2771 1815 2816; x_wconf 89' lang='lat' dir='ltr'>ille</span> <span class='ocrx_word' id='word_1_422' title='bbox 1844 2773 1952 2820; x_wconf 80' lang='lat' dir='ltr'>falsa</span> <span class='ocrx_word' id='word_1_423' title='bbox 1980 2778 2062 2822; x_wconf 88' lang='lat' dir='ltr'>de-</span> 
     </span>
     <span class='ocr_line' id='line_1_79' title="bbox 1177 2826 2063 2886; baseline 0.008 -14"><span class='ocrx_word' id='word_1_424' title='bbox 1177 2836 1332 2886; x_wconf 83' lang='lat' dir='ltr'>eeptus</span> <span class='ocrx_word' id='word_1_425' title='bbox 1389 2826 1623 2883; x_wconf 85' lang='lat' dir='ltr'>opinione,</span> <span class='ocrx_word' id='word_1_426' title='bbox 1693 2828 2063 2879; x_wconf 86' lang='lat' dir='ltr'>coniunctionem</span> 
     </span>
     <span class='ocr_line' id='line_1_80' title="bbox 1175 2881 2067 2936; baseline 0.011 -8"><span class='ocrx_word' id='word_1_427' title='bbox 1175 2881 1499 2929; x_wconf 80' lang='lat' dir='ltr'>adversativam</span> <span class='ocrx_word' id='word_1_428' title='bbox 1526 2883 1581 2927; x_wconf 90' lang='lat' dir='ltr'>ad</span> <span class='ocrx_word' id='word_1_429' title='bbox 1604 2886 1842 2932; x_wconf 84' lang='lat' dir='ltr'>transitum</span> <span class='ocrx_word' id='word_1_430' title='bbox 1866 2889 2067 2936; x_wconf 87' lang='lat' dir='ltr'>indicau-</span> 
     </span>
     <span class='ocr_line' id='line_1_81' title="bbox 1177 2941 2065 3007; baseline 0.009 -22"><span class='ocrx_word' id='word_1_431' title='bbox 1177 2943 1284 2985; x_wconf 88' lang='lat' dir='ltr'>dum</span> <span class='ocrx_word' id='word_1_432' title='bbox 1313 2941 1366 2984; x_wconf 89' lang='lat' dir='ltr'>ab</span> <span class='ocrx_word' id='word_1_433' title='bbox 1401 2941 1582 2998; x_wconf 87' lang='lat' dir='ltr'>optimis</span> <span class='ocrx_word' id='word_1_434' title='bbox 1615 2956 1793 3002; x_wconf 90' lang='lat' dir='ltr'>quoque</span> <span class='ocrx_word' id='word_1_435' title='bbox 1826 2946 2065 3007; x_wconf 57' lang='lat' dir='ltr'>scriptori,-</span> 
     </span>
     <span class='ocr_line' id='line_1_82' title="bbox 1175 3000 2068 3054; baseline 0.01 -12"><span class='ocrx_word' id='word_1_436' title='bbox 1175 3000 1258 3042; x_wconf 86' lang='lat' dir='ltr'>bus</span> <span class='ocrx_word' id='word_1_437' title='bbox 1280 3009 1534 3054; x_wconf 83' lang='lat' dir='ltr'>usurpatam</span> <span class='ocrx_word' id='word_1_438' title='bbox 1558 3014 1676 3051; x_wconf 83' lang='lat' dir='ltr'>esse3</span> <span class='ocrx_word' id='word_1_439' title='bbox 1715 3001 1789 3046; x_wconf 86' lang='lat' dir='ltr'>hic</span> <span class='ocrx_word' id='word_1_440' title='bbox 1811 3005 1924 3048; x_wconf 83' lang='lat' dir='ltr'>vero</span> <span class='ocrx_word' id='word_1_441' title='bbox 1948 3005 2068 3050; x_wconf 81' lang='lat' dir='ltr'>Pro-</span> 
     </span>
     <span class='ocr_line' id='line_1_83' title="bbox 1177 3055 2065 3121; baseline 0.011 -23"><span class='ocrx_word' id='word_1_442' title='bbox 1177 3057 1263 3114; x_wconf 85' lang='lat' dir='ltr'>leg.</span> <span class='ocrx_word' id='word_1_443' title='bbox 1288 3072 1333 3114; x_wconf 91' lang='lat' dir='ltr'>p.</span> <span class='ocrx_word' id='word_1_444' title='bbox 1357 3055 1469 3099; x_wconf 81' lang='lat' dir='ltr'>Lv1.</span> <span class='ocrx_word' id='word_1_445' title='bbox 1492 3055 1677 3100; x_wconf 87' lang='lat' dir='ltr'>calidius</span> <span class='ocrx_word' id='word_1_446' title='bbox 1701 3066 1741 3102; x_wconf 82' lang='lat' dir='ltr'>et</span> <span class='ocrx_word' id='word_1_447' title='bbox 1763 3062 1911 3106; x_wconf 84' lang='lat' dir='ltr'>acrius</span> <span class='ocrx_word' id='word_1_448' title='bbox 1933 3079 2065 3121; x_wconf 84' lang='lat' dir='ltr'>quam</span> 
     </span>
     <span class='ocr_line' id='line_1_84' title="bbox 1175 3113 2068 3173; baseline 0.012 -18"><span class='ocrx_word' id='word_1_449' title='bbox 1175 3113 1325 3159; x_wconf 80' lang='lat' dir='ltr'>verius</span> <span class='ocrx_word' id='word_1_450' title='bbox 1350 3113 1654 3166; x_wconf 81' lang='lat' dir='ltr'>contendens,</span> <span class='ocrx_word' id='word_1_451' title='bbox 1698 3117 1965 3173; x_wconf 85' lang='lat' dir='ltr'>particulam</span> <span class='ocrx_word' id='word_1_452' title='bbox 1983 3122 2068 3166; x_wconf 88' lang='lat' dir='ltr'>ad-</span> 
     </span>
     <span class='ocr_line' id='line_1_85' title="bbox 1176 3170 2067 3244; baseline 0.011 -32"><span class='ocrx_word' id='word_1_453' title='bbox 1176 3170 1438 3214; x_wconf 76' lang='lat' dir='ltr'>versativam</span> <span class='ocrx_word' id='word_1_454' title='bbox 1461 3171 1552 3228; x_wconf 87' lang='lat' dir='ltr'>ipsa</span> <span class='ocrx_word' id='word_1_455' title='bbox 1576 3173 1794 3217; x_wconf 85' lang='lat' dir='ltr'>sententia</span> <span class='ocrx_word' id='word_1_456' title='bbox 1829 3176 2067 3244; x_wconf 87' lang='lat' dir='ltr'>imperiose</span> 
     </span>
     <span class='ocr_line' id='line_1_86' title="bbox 1177 3228 2069 3292; baseline 0.01 -22"><span class='ocrx_word' id='word_1_457' title='bbox 1177 3228 1369 3286; x_wconf 88' lang='lat' dir='ltr'>requiri,</span> <span class='ocrx_word' id='word_1_458' title='bbox 1426 3237 1473 3270; x_wconf 88' lang='lat' dir='ltr'>ut</span> <span class='ocrx_word' id='word_1_459' title='bbox 1521 3229 1746 3287; x_wconf 88' lang='lat' dir='ltr'>oppositio</span> <span class='ocrx_word' id='word_1_460' title='bbox 1793 3232 2069 3292; x_wconf 77' lang='lat' dir='ltr'>significetur</span> 
     </span>
     <span class='ocr_line' id='line_1_87' title="bbox 1178 3286 2068 3346; baseline 0.009 -18"><span class='ocrx_word' id='word_1_461' title='bbox 1178 3301 1337 3328; x_wconf 86' lang='lat' dir='ltr'>eorum</span> <span class='ocrx_word' id='word_1_462' title='bbox 1352 3316 1364 3334; x_wconf 88' lang='lat'>,</span> <span class='ocrx_word' id='word_1_463' title='bbox 1395 3299 1506 3341; x_wconf 87' lang='lat' dir='ltr'>quae</span> <span class='ocrx_word' id='word_1_464' title='bbox 1529 3286 1679 3330; x_wconf 87' lang='lat' dir='ltr'>verbis</span> <span class='ocrx_word' id='word_1_465' title='bbox 1700 3290 2068 3346; x_wconf 77' lang='lat' dir='ltr'>praecedentibus</span> 
     </span>
     <span class='ocr_line' id='line_1_88' title="bbox 1178 3342 2065 3408; baseline 0.01 -23"><span class='ocrx_word' id='word_1_466' title='bbox 1178 3343 1334 3386; x_wconf 80' lang='lat' dir='ltr'>dixerit</span> <span class='ocrx_word' id='word_1_467' title='bbox 1362 3342 1586 3388; x_wconf 80' lang='lat' dir='ltr'>Messalla.</span> <span class='ocrx_word' id='word_1_468' title='bbox 1645 3344 1912 3404; x_wconf 81' lang='lat' dir='ltr'>Perperam‚;</span> <span class='ocrx_word' id='word_1_469' title='bbox 1954 3365 2065 3408; x_wconf 86' lang='lat' dir='ltr'>pro-</span> 
     </span>
     <span class='ocr_line' id='line_1_89' title="bbox 1180 3399 2071 3458; baseline 0.008 -15"><span class='ocrx_word' id='word_1_470' title='bbox 1180 3399 1381 3458; x_wconf 80' lang='lat' dir='ltr'>greditur</span> <span class='ocrx_word' id='word_1_471' title='bbox 1415 3399 1534 3442; x_wconf 89' lang='lat' dir='ltr'>enim</span> <span class='ocrx_word' id='word_1_472' title='bbox 1567 3400 1867 3447; x_wconf 85' lang='lat' dir='ltr'>interlocutor</span> <span class='ocrx_word' id='word_1_473' title='bbox 1899 3406 1955 3449; x_wconf 86' lang='lat' dir='ltr'>ad</span> <span class='ocrx_word' id='word_1_474' title='bbox 1991 3422 2071 3450; x_wconf 89' lang='lat' dir='ltr'>ex-</span> 
     </span>
     <span class='ocr_line' id='line_1_90' title="bbox 1180 3459 2072 3517; baseline 0.009 -16"><span class='ocrx_word' id='word_1_475' title='bbox 1180 3459 1423 3501; x_wconf 86' lang='lat' dir='ltr'>hortandos</span> <span class='ocrx_word' id='word_1_476' title='bbox 1458 3459 1582 3507; x_wconf 87' lang='lat' dir='ltr'>illos,</span> <span class='ocrx_word' id='word_1_477' title='bbox 1623 3469 1671 3502; x_wconf 90' lang='lat' dir='ltr'>ut</span> <span class='ocrx_word' id='word_1_478' title='bbox 1709 3476 1820 3517; x_wconf 88' lang='lat' dir='ltr'>quae</span> <span class='ocrx_word' id='word_1_479' title='bbox 1852 3464 2072 3509; x_wconf 79' lang='lat' dir='ltr'>senserint</span> 
     </span>
     <span class='ocr_line' id='line_1_91' title="bbox 1183 3515 2067 3580; baseline 0.007 -21"><span class='ocrx_word' id='word_1_480' title='bbox 1183 3516 1239 3559; x_wconf 88' lang='lat' dir='ltr'>de</span> <span class='ocrx_word' id='word_1_481' title='bbox 1282 3515 1576 3574; x_wconf 82' lang='lat' dir='ltr'>discrepantia</span> <span class='ocrx_word' id='word_1_482' title='bbox 1619 3515 1696 3561; x_wconf 84' lang='lat' dir='ltr'>illa</span> <span class='ocrx_word' id='word_1_483' title='bbox 1740 3518 1880 3564; x_wconf 82' lang='lat' dir='ltr'>velint</span> <span class='ocrx_word' id='word_1_484' title='bbox 1929 3536 2067 3580; x_wconf 85' lang='lat' dir='ltr'>expo·</span> 
     </span>
     <span class='ocr_line' id='line_1_92' title="bbox 1185 3588 1308 3617; baseline 0 0"><span class='ocrx_word' id='word_1_485' title='bbox 1185 3588 1308 3617; x_wconf 85' lang='lat' dir='ltr'>nere.</span> 
     </span>
    </p>
   </div>
  </div>
 </body>
</html>
