2150 4022
328 327 330 329 ι
388 240 506 301 DE
564 238 1091 301 GERMANIA
1158 243 1623 305 oAP.29.30.
1849 247 1929 302 69
1973 233 1991 239 “’

79 389 226 436 cent.
312 371 642 438 levissimus
673 370 922 447 quisque
953 368 1266 427 Gallorum
1293 386 1349 431 et
1377 373 1578 448 inopia
1604 374 1793 429 audax
1819 374 1932 430 du·—

74 463 204 520 biae
231 456 632 534 'possessionis
676 456 869 511 solum
915 475 1286 530 occupavere.
1373 478 1511 514 mox
1564 458 1751 514 limite
1801 469 1927 514 acto

73 542 476 623 promotisque
508 540 819 617 praesidiis
856 540 1020 596 sinus
1063 540 1296 615 imperii
1333 554 1389 599 et
1422 562 1558 617 pars
1589 542 1937 617 provinciae

77 629 388 688 habentur.

67 816 81 825 Ι
236 762 428 823 XXX.
482 761 653 822 Ultra
693 758 801 819 hos
836 760 993 820 Catti
1035 762 1275 818 initium
1315 763 1468 818 sedis
1517 766 1590 821 ab
1623 763 1922 843 Hercynio

70 853 221 910 saltu
247 845 532 907 inchoant
557 868 680 903 non
709 848 790 905 ita
819 848 1017 904 effusis
1046 867 1111 903 ac
1136 847 1495 922 palustribus
1522 850 1695 920 lociS,
1737 863 1804 908 ut
1829 873 1923 907 cem

68 952 224 997 terae
250 935 541 1003 civitateS,
584 933 649 988 in
673 953 818 1011 quas
834 930 1154 990 Germania
1180 933 1451 1007 patescit:
1492 935 1708 992 durant
1735 937 1921 1012 siqui-

9 1017 13 1019 ’
66 1026 200 1082 dem
244 1021 448 1088 colleS‚
505 1018 788 1094 paulatim
833 1029 1166 1088 rarescunt,
1237 1029 1293 1074 et
1330 1016 1531 1076 Cattos
1569 1039 1704 1077 suos
1741 1023 1919 1097 saltus

62 1281 187 1320 rant,
236 1283 366 1327 agros
411 1266 523 1310 hosti
566 1273 741 1324 ereptos
781 1273 856 1309 aut
897 1266 951 1309 ab

59 1331 185 1374 hoste
216 1326 395 1369 relictos
426 1325 472 1366 in
507 1339 635 1366 usum
669 1322 853 1367 vertisse
885 1323 949 1367 le-

59 1389 263 1447 gionum.
320 1381 381 1426 cf.
407 1381 496 1424 An.
525 1379 590 1428 13,
612 1380 681 1424 54.
712 1395 855 1434 agros
875 1397 949 1423 va-

58 1459 168 1488 cuos
188 1450 231 1485 ee
252 1441 453 1483 militum
474 1439 584 1482 usui
599 1441 839 1493 sepositos.
887 1437 948 1480 Ex

60 1517 153 1563 quo
193 1501 296 1553 loco
339 1496 472 1540 etiam
511 1503 693 1553 apparet
732 1495 951 1539 eiusmodi

59 1574 189 1617 agros
210 1571 303 1599 esse
326 1553 450 1596 datos
472 1553 536 1597 vel
562 1561 743 1611 negatos
796 1551 950 1596 etenti·

58 1619 157 1662 bus.
214 1612 450 1656 Dabantur
480 1618 634 1654 autemv
662 1609 748 1652 hau
816 1609 949 1652 dubie

58 1675 140 1718 sub
174 1668 438 1716 conditione
459 1668 775 1718 decumarum,
816 1674 866 1710 ut
889 1665 950 1710 ita

58 1721 316 1775 decumates
336 1724 429 1782 agri
451 1724 538 1767 dici
561 1726 804 1782 potuerint.
851 1723 945 1766 lam

57 1803 151 1832 non
182 1784 264 1829 erit
294 1781 623 1840 quaerendum,
672 1781 720 1823 in
752 1795 945 1839 quanam

56 1841 322 1888 Germaniae
344 1847 467 1896 parte
491 1837 562 1881 siti
586 1837 767 1882 fuerint.
827 1836 944 1880 Nam

52 1917 124 1947 res
146 1898 323 1947 suadet,
359 1903 410 1939 ut
432 1910 528 1938 non
545 1910 729 1954 quaeras
748 1895 795 1938 in
816 1901 942 1939 certo

84 1957 248 2002 nodam
260 1953 529 1997 Germaniae
547 1951 712 2010 angulo
726 1984 740 2004 ,
765 1952 842 1994 sed
864 1967 942 2010 po-

49 2025 138 2061 tius
179 2026 326 2058 sumas
365 2009 584 2053 eiusmodi
630 2025 760 2067 agros
805 2008 942 2052 fuisse

50 2072 180 2117 variis
199 2071 245 2114 in
266 2066 525 2125 regionibus
547 2074 590 2110 et
610 2067 657 2110 in
679 2066 803 2109 omni
822 2065 940 2110 Ger-

50 2129 226 2175 maniae
266 2125 519 2175 latitudine,
568 2136 655 2180 qua
691 2124 849 2167 Rheno
898 2131 940 2166 et

48 2185 261 2232 Danubio
345 2181 619 2225 raetenditur
637 2213 649 2232 ,
679 2201 689 2206 ··
719 2190 938 2248 quatenus

47 2243 261 2291 exercitus
291 2199 485 2284 lfomani
528 2238 692 2281 diutius
731 2239 793 2281 1bi
834 2255 855 2281 e
889 2255 937 2281 e-

46 2309 165 2348 rant.
222 2299 458 2343 Debehant
482 2304 629 2340 autem
652 2295 744 2353 agri
770 2295 836 2338 illi
891 2312 937 2337 u·

46 2360 144 2404 biae
184 2373 278 2399 esse
314 2353 629 2414 possessionis,
684 2354 849 2410 quippe
890 2353 937 2396 in

49 2415 246 2461 confinio
269 2410 448 2471 imperii
474 2418 515 2453 et
538 2410 654 2454 inter
686 2410 833 2468 ipsum
867 2427 936 2453 ar-

44 2488 223 2518 morum
247 2470 481 2527 strepitum
503 2466 590 2510 siti.
647 2467 762 2510 Nam
788 2466 935 2510 disce-

5 2558 8 2567 ι
46 2532 179 2575 dente
199 2528 391 2572 exercitu
406 2526 612 2568 Romano
628 2556 640 2573 ,
669 2524 704 2568 si
726 2523 842 2566 forte
866 2539 935 2568 ca-

12 2604 16 2613 ·
45 2587 219 2632 lamitas
274 2584 528 2633 incidisset,
582 2581 731 2625 hostes
782 2580 933 2624 denuo

105 2643 376 2688 ocurrebant
415 2639 463 2682 in
507 2654 638 2697 agros
689 2646 816 2681 antea
863 2654 932 2681 re-

43 2659 190 2747 filnes.
247 2699 306 2742 At
336 2697 475 2742 limite
499 2704 599 2740 acto
626 2695 933 2755 promotisque

43 2756 272 2820 praesidiis
305 2755 396 2814 agri
427 2753 491 2797 illi
518 2754 794 2798 constantius
818 2752 932 2796 Ger-

45 2816 188 2860 manis
221 2815 360 2870 erepti
393 2819 636 2869 coeperunt
667 2826 761 2853 esse
795 2819 933 2853 extre-

44 2888 142 2917 mae
178 2870 351 2928 imperii
387 2869 578 2912 Romani
608 2877 754 2926 partes
782 2868 934 2922 (sinus

42 2928 255 2988 imperii).
311 2926 472 2970 Fusius
504 2927 557 2968 de
590 2925 671 2969 hac
700 2942 746 2967 rc
777 2926 842 2967 dis
877 2942 931 2967 u-

43 2993 255 3035 taverunt,
271 2985 498 3028 Mannert.
512 2982 761 3040 Geograph.
781 2941 934 3024 ΤΗΝ.

43 3062 92 3104 p.
115 3043 198 3086 259
220 3057 288 3100 sq.
311 3050 352 3084 et
371 3039 608 3083 Wilhelm
631 3041 700 3082 in:
728 3041 929 3082 Germa-

44 3104 152 3145 nien
165 3133 177 3152 ,
205 3115 249 3157 p.
270 3099 358 3141 290
377 3113 442 3154 sq.

98 3160 239 3203 sinus.
296 3155 379 3198 Ed.
400 3155 540 3198 Paris.
563 3156 718 3197 simul.

91 3212 243 3258 =limite
265 3220 387 3257 acto.
445 3212 505 3256 ef.
526 3211 728 3254 Frontin.
746 3211 929 3268 Strateg.

49 3274 90 3321 1,
110 3272 150 3318 δέ
176 3274 244 3314 10.
272 3270 492 3314 limitibus
519 3283 605 3323 per
630 3270 796 3311 120000
810 3283 928 3324 pas-

48 3344 184 3373 suum
205 3330 318 3371 actis
332 3361 344 3383 ,
375 3335 418 3370 et
439 3326 588 3384 cap.5‚
604 3328 669 3368 10.
691 3329 750 3368 ab
772 3329 931 3368 altera

49 3386 238 3428 limitem
260 3398 402 3440 agere
427 3384 570 3438 coepit
592 3392 820 3438 tanquam
847 3398 933 3435 per

52 3457 156 3485 eum
168 3451 430 3496 erupturus.
452 3439 611 3497 Virgil.
628 3440 738 3485 Aen.
756 3443 818 3489 10,
833 3440 930 3484 513.

49 3501 286 3554 latumque
309 3513 396 3553 per
427 3512 597 3554 agmen
614 3501 787 3541 ardens
808 3500 930 3541 limi-

51 3563 145 3599 tem
169 3557 263 3610 agit
277 3555 426 3612 jer-ro.
483 3553 616 3617 Ovid.
643 3555 741 3600 Art.
766 3555 869 3600 Am.
893 3554 935 3606 3,

1025 1267 1124 1311 558.
1186 1269 1312 1311 idem
1365 1269 1499 1313 limes
1551 1271 1762 1322 agendus
1815 1271 1917 1314 erit.

1026 1325 1206 1381 Quibus
1228 1325 1415 1384 aliisque
1438 1326 1648 1383 exemplis
1668 1326 1786 1369 LFr.
1800 1327 1916 1369 Gro-

1023 1383 1184 1426 novius
1209 1391 1307 1440 apte
1333 1383 1530 1426 defendit
1555 1391 1754 1426 veterum
1781 1383 1915 1426 libro-

1021 1457 1121 1485 rum
1156 1441 1425 1497 scripturam
1454 1448 1583 1494 acto,
1622 1457 1807 1498 eamque
1839 1451 1919 1484 re-‘

1021 1497 1162 1541 stituit
1174 1497 1417 1549 Ernestius,
1440 1506 1679 1556 postquam
1698 1499 1913 1542 suadente

1019 1554 1171 1613 Lipsio
1244 1554 1444 1599 Pichena
1512 1570 1611 1613 sqq.
1685 1555 1914 1598 ediderant

1019 1619 1177 1654 aucto.

1075 1671 1323 1713 habentur.
1382 1667 1600 1716 Ed.}Iess.
1619 1671 1832 1713 habetur.
1854 1693 1912 1702 -—-

1015 1727 1186 1770 Totum
1224 1726 1312 1769 hoc
1352 1734 1485 1783 caput
1527 1728 1724 1770 tenebris
1767 1726 1913 1771 adhue

1014 1782 1160 1844 premi
1184 1783 1462 1827 accuratiore
1485 1799 1637 1826 rerum
1670 1784 1911 1842 investiga-

1014 1842 1141 1885 tione
1182 1838 1467 1897 dispellendis
1542 1850 1690 1884 uestus
1736 1849 1800 1885 est
1838 1841 1908 1885 vir

1014 1898 1175 1942 doetus
1212 1897 1258 1940 in
1293 1898 1486 1941 Seebod.

1046 1988 1056 1998 .
1082 1957 1182 1999 210.
1240 1954 1365 1997 Idem
1388 1972 1518 2012 opem
1542 1972 1666 1998 suam
1690 1955 1908 2014 peculiari

1009 1971 1165 2058 libello
1186 2013 1493 2071 praestandam
1519 2013 1741 2071 promisit.

1068 2083 1181 2128 CAP.
1205 2083 1277 2129 30.
1322 2082 1461 2125 Ultra
1485 2084 1584 2126 hos.
1645 2081 1789 2126 Intell.
1817 2099 1906 2141 po—

1009 2142 1164 2201 pulos,
1203 2155 1316 2198 quos
1344 2139 1576 2196 hucusque
1607 2140 1733 2185 dixit.
1802 2141 1907 2200 Egit

1008 2199 1128 2242 enim
1156 2197 1210 2240 de
1232 2198 1410 2256 populis
1431 2198 1484 2240 ad
1506 2198 1714 2240 Rhenum
1746 2197 1905 2242 colen-

1006 2257 1126 2300 tibus
1141 2272 1153 2308 ;
1171 2254 1258 2299 iam
1279 2254 1436 2298 transit
1454 2255 1510 2298 ad
1532 2256 1778 2298 ulteriores.
1821 2255 1905 2298 Vir

1010 2314 1171 2358 doctus
1207 2313 1256 2355 in
1291 2312 1485 2355 Seebod.
1517 2312 1641 2356 Bibl..
1671 2329 1735 2355 cr.
1771 2313 1899 2357 1825.

1009 2388 1053 2430 p.
1081 2371 1180 2414 210.
1211 2372 1296 2412 hos
1329 2369 1384 2412 ad
1420 2386 1496 2412 eos
1535 2377 1706 2411 tantum
1748 2370 1900 2422 refert,

1007 2428 1083 2488 qui
1107 2442 1238 2486 agros
1262 2427 1516 2470 decumates
1539 2435 1764 2472 tenerent.

1061 2498 1296 2540 inchoant.
1353 2496 1438 2538 Ed.
1463 2496 1669 2539 Norimb.
1689 2497 1897 2541 incoant.

1004 2554 1064 2598 cf.
1088 2563 1182 2598 not.
1202 2554 1257 2597 ad
1273 2552 1521 2602 Hist.4,41.
1560 2552 1716 2598 Germ.
1743 2570 1783 2598 c.
1799 2555 1865 2598 10.

1060 2626 1234 2682 effusis.
1291 2624 1347 2668 Η.
1363 2642 1400 2668 e.
1427 2624 1655 2684 spatiosis,
1684 2627 1802 2672 latis.
1838 2628 1899 2674 cf.

1003 2684 1123 2728 Plin.
1164 2699 1234 2740 ep.
1278 2683 1320 2733 2,
1364 2683 1430 2726 17.
1478 2686 1594 2726 cella
1633 2685 1898 2741 frigidaria

1004 2743 1210 2798 spatiosa
1244 2749 1291 2782 et
1322 2741 1484 2795 effusa.
1544 2741 1660 2785 lbid.
1687 2743 1726 2794 8,
1746 2744 1790 2786 6.
1816 2746 1894 2787 in-

1003 2801 1113 2842 veni
1137 2807 1238 2840 tom
1261 2801 1491 2853 copiosum
1513 2806 1558 2840 et
1582 2799 1780 2853 effusum
1810 2802 1892 2857 (in-

1001 2856 1096 2900 tell.
1121 2864 1298 2898 senatus
1322 2855 1618 2905 consultum).

1057 2917 1278 2982 patescit}
1306 2929 1480 2969 durant
1496 2928 1719 2983 siquidem
1739 2931 1892 2979 colles,

997 2985 1233 3040 paulatim
1254 2992 1497 3026 rarescunt
1521 2992 1604 3028 etc.
1645 2985 1712 3028 Ita
1737 2985 1891 3030 locum

1003 3041 1280 3096 distinguunt
1309 3041 1408 3084 edd.
1433 3040 1572 3086 Rhen.
1598 3041 1762 3099 (1533.)
1786 3044 1893 3087 Ald.

999 3115 1099 3156 sqq.
1126 3108 1168 3141 et
1190 3114 1332 3156 nuper
1347 3097 1742 3151 Bekker.Walch.
1766 3101 1894 3144 aliae-

1002 3171 1112 3213 que:
1154 3155 1231 3212 qui
1254 3156 1351 3199 libri
1376 3156 1560 3212 insuper
1580 3156 1731 3200 invitis
1757 3158 1890 3201 codd.

999 3213 1174 3256 Msstis
1205 3221 1247 3256 et
1280 3222 1389 3257 vett.
1413 3213 1679 3257 editionibus
1701 3215 1892 3260 voculae

995 3271 1228 3325 paulatim
1261 3270 1431 3313 addunt
1467 3285 1580 3326 que,
1627 3287 1722 3313 non
1752 3271 1889 3317 video

1002 3344 1087 3384 qua
1122 3329 1394 3370 necessitate.
1444 3351 1495 3360 —-
1553 3328 1735 3373 Passov.
1758 3328 1888 3372 Hess.

999 3383 1187 3440 Dilthej.
1203 3384 1364 3443 aliique
1382 3385 1637 3428 maluerunt
1653 3384 1892 3444 interpun-

1002 3457 1129 3499 gere:
1165 3443 1387 3497 putescit,
1416 3446 1609 3484 durant.
1665 3443 1891 3498 siquidem

1002 3501 1140 3541 colles
1171 3500 1405 3554 paulatim
1435 3505 1679 3542 rarescunt
1710 3507 1796 3543 etc.
1828 3517 1892 3544 se·

1002 3556 1201 3600 cundum
1225 3556 1359 3600 MSS.
1383 3556 1490 3600 Tur.
1514 3556 1702 3614 Longol.
1729 3557 1900 3617 stuttg.

1563 1897 1640 1941 ibl.
1679 1913 1743 1942 cr.
1778 1898 1906 1942 1825.
1971 1931 1975 1940 ,
