<?xml version="1.0" encoding="UTF-8"?>
<!DOCTYPE html PUBLIC "-//W3C//DTD XHTML 1.0 Transitional//EN"
    "http://www.w3.org/TR/xhtml1/DTD/xhtml1-transitional.dtd">
<html xmlns="http://www.w3.org/1999/xhtml" xml:lang="en" lang="en">
 <head>
  <title>
</title>
<meta http-equiv="Content-Type" content="text/html;charset=utf-8" />
  <meta name='ocr-system' content='tesseract 3.04.00' />
  <meta name='ocr-capabilities' content='ocr_page ocr_carea ocr_par ocr_line ocrx_word'/>
</head>
<body>
  <div class='ocr_page' id='page_1' title='image "./operarecensuitet04taciuoft/operarecensuitet04taciuoft_0138.png"; bbox 0 0 2150 4022; ppageno 0'>
   <div class='ocr_carea' id='block_1_1' title="bbox 153 216 188 239">
    <p class='ocr_par' dir='ltr' id='par_1_1' title="bbox 153 216 188 239">
     <span class='ocr_line' id='line_1_1' title="bbox 153 216 188 239; baseline 0 -10"><span class='ocrx_word' id='word_1_1' title='bbox 153 216 171 239; x_wconf 63' lang='lat'><strong>,</strong></span> <span class='ocrx_word' id='word_1_2' title='bbox 184 222 188 229; x_wconf 95' lang='lat'><strong>.</strong></span> 
     </span>
    </p>
   </div>
   <div class='ocr_carea' id='block_1_2' title="bbox 198 230 1796 327">
    <p class='ocr_par' dir='ltr' id='par_1_2' title="bbox 198 230 1796 327">
     <span class='ocr_line' id='line_1_2' title="bbox 198 230 1796 327; baseline 0.001 -6"><span class='ocrx_word' id='word_1_3' title='bbox 198 230 696 327; x_wconf 60' lang='lat' dir='ltr'><strong>1224·1n1.11</strong></span> <span class='ocrx_word' id='word_1_4' title='bbox 741 256 1067 321; x_wconf 65' lang='lat' dir='ltr'><strong>AGR‘IC.</strong></span> <span class='ocrx_word' id='word_1_5' title='bbox 1111 261 1350 324; x_wconf 80' lang='lat' dir='ltr'><strong>VITA</strong></span> <span class='ocrx_word' id='word_1_6' title='bbox 1411 260 1610 326; x_wconf 83' lang='lat' dir='ltr'><strong>CAP.</strong></span> <span class='ocrx_word' id='word_1_7' title='bbox 1648 262 1707 326; x_wconf 86' lang='lat'><strong>5.</strong></span> <span class='ocrx_word' id='word_1_8' title='bbox 1738 265 1796 323; x_wconf 83' lang='lat'><strong>6.</strong></span> 
     </span>
    </p>
   </div>
   <div class='ocr_carea' id='block_1_3' title="bbox 190 380 2053 640">
    <p class='ocr_par' dir='ltr' id='par_1_3' title="bbox 190 380 2053 640">
     <span class='ocr_line' id='line_1_3' title="bbox 192 380 2052 470; baseline 0.003 -23"><span class='ocrx_word' id='word_1_9' title='bbox 192 391 389 449; x_wconf 92' lang='lat' dir='ltr'><strong>mulos</strong></span> <span class='ocrx_word' id='word_1_10' title='bbox 432 391 715 448; x_wconf 78' lang='lat' dir='ltr'>addidere</span> <span class='ocrx_word' id='word_1_11' title='bbox 763 391 991 449; x_wconf 88' lang='lat' dir='ltr'><strong>iuveni:</strong></span> <span class='ocrx_word' id='word_1_12' title='bbox 1059 380 1420 470; x_wconf 80' lang='lat' dir='ltr'><strong>intravitque</strong></span> <span class='ocrx_word' id='word_1_13' title='bbox 1453 393 1735 452; x_wconf 78' lang='lat' dir='ltr'><strong>&#39;animum</strong></span> <span class='ocrx_word' id='word_1_14' title='bbox 1776 393 2052 452; x_wconf 86' lang='lat' dir='ltr'><strong>militaris</strong></span> 
     </span>
     <span class='ocr_line' id='line_1_4' title="bbox 192 476 2053 555; baseline 0.003 -23"><span class='ocrx_word' id='word_1_15' title='bbox 192 476 413 551; x_wconf 87' lang='lat' dir='ltr'><strong>gloriae</strong></span> <span class='ocrx_word' id='word_1_16' title='bbox 445 477 662 552; x_wconf 89' lang='lat' dir='ltr'><strong>cupido</strong></span> <span class='ocrx_word' id='word_1_17' title='bbox 690 476 918 551; x_wconf 82' lang='lat' dir='ltr'><strong>ingrata</strong></span> <span class='ocrx_word' id='word_1_18' title='bbox 947 479 1343 553; x_wconf 60' lang='lat' dir='ltr'><strong>tempor-ihm,</strong></span> <span class='ocrx_word' id='word_1_19' title='bbox 1399 478 1617 555; x_wconf 90' lang='lat' dir='ltr'><strong>quibus</strong></span> <span class='ocrx_word' id='word_1_20' title='bbox 1649 480 1885 537; x_wconf 89' lang='lat' dir='ltr'><strong>sinistra</strong></span> <span class='ocrx_word' id='word_1_21' title='bbox 1915 492 2053 554; x_wconf 79' lang='lat' dir='ltr'><strong>erga</strong></span> 
     </span>
     <span class='ocr_line' id='line_1_5' title="bbox 190 561 2051 640; baseline 0.004 -24"><span class='ocrx_word' id='word_1_22' title='bbox 190 562 517 622; x_wconf 86' lang='lat' dir='ltr'><strong>eminentes</strong></span> <span class='ocrx_word' id='word_1_23' title='bbox 546 561 981 638; x_wconf 81' lang='lat' dir='ltr'><strong>interpretatio,</strong></span> <span class='ocrx_word' id='word_1_24' title='bbox 1023 584 1131 620; x_wconf 89' lang='lat' dir='ltr'><strong>nec</strong></span> <span class='ocrx_word' id='word_1_25' title='bbox 1158 564 1357 620; x_wconf 90' lang='lat' dir='ltr'><strong>minus</strong></span> <span class='ocrx_word' id='word_1_26' title='bbox 1382 564 1716 639; x_wconf 88' lang='lat' dir='ltr'><strong>periculum</strong></span> <span class='ocrx_word' id='word_1_27' title='bbox 1741 584 1810 622; x_wconf 82' lang='lat' dir='ltr'><strong>ex</strong></span> <span class='ocrx_word' id='word_1_28' title='bbox 1836 584 2051 640; x_wconf 81' lang='lat' dir='ltr'><strong>magna</strong></span> 
     </span>
    </p>
   </div>
   <div class='ocr_carea' id='block_1_4' title="bbox 135 640 867 724">
    <p class='ocr_par' dir='ltr' id='par_1_4' title="bbox 135 640 867 724">
     <span class='ocr_line' id='line_1_6' title="bbox 135 640 867 724; baseline 0.005 -21"><span class='ocrx_word' id='word_1_29' title='bbox 135 677 137 680; x_wconf 44' lang='lat'><strong>⁴</strong></span> <span class='ocrx_word' id='word_1_30' title='bbox 186 647 343 704; x_wconf 85' lang='lat' dir='ltr'><strong>fama</strong></span> <span class='ocrx_word' id='word_1_31' title='bbox 370 640 548 724; x_wconf 85' lang='lat' dir='ltr'><strong>quam</strong></span> <span class='ocrx_word' id='word_1_32' title='bbox 573 667 638 703; x_wconf 86' lang='lat' dir='ltr'><strong>ex</strong></span> <span class='ocrx_word' id='word_1_33' title='bbox 664 648 838 708; x_wconf 87' lang='lat' dir='ltr'><strong>mala.</strong></span> <span class='ocrx_word' id='word_1_34' title='bbox 863 710 867 714; x_wconf 14' lang='grc' dir='ltr'><em>Α</em></span> 
     </span>
    </p>
   </div>
   <div class='ocr_carea' id='block_1_5' title="bbox 185 766 2049 948">
    <p class='ocr_par' dir='ltr' id='par_1_5' title="bbox 185 766 2049 948">
     <span class='ocr_line' id='line_1_7' title="bbox 356 766 2049 862; baseline 0.004 -21"><span class='ocrx_word' id='word_1_35' title='bbox 356 782 464 841; x_wconf 87' lang='lat' dir='ltr'><strong>VI.</strong></span> <span class='ocrx_word' id='word_1_36' title='bbox 506 783 666 843; x_wconf 90' lang='lat' dir='ltr'><strong>Hinc</strong></span> <span class='ocrx_word' id='word_1_37' title='bbox 700 788 776 853; x_wconf 91' lang='lat' dir='ltr'><strong>ad</strong></span> <span class='ocrx_word' id='word_1_38' title='bbox 811 766 1195 862; x_wconf 82' lang='lat' dir='ltr'><strong>capessendos</strong></span> <span class='ocrx_word' id='word_1_39' title='bbox 1220 789 1594 861; x_wconf 78' lang='lat' dir='ltr'><strong>magistratus</strong></span> <span class='ocrx_word' id='word_1_40' title='bbox 1621 787 1687 844; x_wconf 90' lang='lat' dir='ltr'><strong>in</strong></span> <span class='ocrx_word' id='word_1_41' title='bbox 1710 788 1920 845; x_wconf 86' lang='lat' dir='ltr'><strong>urbem</strong></span> <span class='ocrx_word' id='word_1_42' title='bbox 1953 788 2049 847; x_wconf 89' lang='lat' dir='ltr'><strong>di-</strong></span> 
     </span>
     <span class='ocr_line' id='line_1_8' title="bbox 185 869 2049 948; baseline 0.003 -23"><span class='ocrx_word' id='word_1_43' title='bbox 185 888 414 945; x_wconf 83' lang='lat' dir='ltr'><strong>gressus</strong></span> <span class='ocrx_word' id='word_1_44' title='bbox 431 869 757 930; x_wconf 88' lang='lat' dir='ltr'><strong>Domitiam</strong></span> <span class='ocrx_word' id='word_1_45' title='bbox 772 869 1160 930; x_wconf 89' lang='lat' dir='ltr'><strong>Decidianam</strong></span> <span class='ocrx_word' id='word_1_46' title='bbox 1186 873 1509 948; x_wconf 88' lang='lat' dir='ltr'><strong>splendidis</strong></span> <span class='ocrx_word' id='word_1_47' title='bbox 1535 873 1833 931; x_wconf 87' lang='lat' dir='ltr'><strong>natalibus</strong></span> <span class='ocrx_word' id='word_1_48' title='bbox 1857 885 2049 930; x_wconf 87' lang='lat' dir='ltr'><strong>ortam</strong></span> 
     </span>
    </p>
   </div>
   <div class='ocr_carea' id='block_1_6' title="bbox 185 954 809 1103">
    <p class='ocr_par' dir='ltr' id='par_1_6' title="bbox 185 954 809 1103">
     <span class='ocr_line' id='line_1_9' title="bbox 186 954 548 1017; baseline 0.011 -6"><span class='ocrx_word' id='word_1_49' title='bbox 186 954 305 1012; x_wconf 89' lang='lat' dir='ltr'><strong>sibi</strong></span> <span class='ocrx_word' id='word_1_50' title='bbox 337 955 548 1017; x_wconf 87' lang='lat' dir='ltr'><strong>iunxit.</strong></span> 
     </span>
     <span class='ocr_line' id='line_1_10' title="bbox 185 1043 809 1103; baseline 0.01 -6"><span class='ocrx_word' id='word_1_51' title='bbox 185 1060 288 1097; x_wconf 86' lang='lat' dir='ltr'><strong>eus</strong></span> <span class='ocrx_word' id='word_1_52' title='bbox 333 1061 398 1098; x_wconf 87' lang='lat' dir='ltr'><strong>ac</strong></span> <span class='ocrx_word' id='word_1_53' title='bbox 443 1043 630 1100; x_wconf 91' lang='lat' dir='ltr'><strong>robur</strong></span> <span class='ocrx_word' id='word_1_54' title='bbox 674 1043 809 1103; x_wconf 86' lang='lat' dir='ltr'><strong>fuit.</strong></span> 
     </span>
    </p>
   </div>
   <div class='ocr_carea' id='block_1_7' title="bbox 633 957 2048 1120">
    <p class='ocr_par' dir='ltr' id='par_1_7' title="bbox 633 957 2048 1120">
     <span class='ocr_line' id='line_1_11' title="bbox 633 957 2048 1035; baseline 0.001 -22"><span class='ocrx_word' id='word_1_55' title='bbox 633 957 813 1035; x_wconf 87' lang='lat' dir='ltr'><strong>idque</strong></span> <span class='ocrx_word' id='word_1_56' title='bbox 853 957 1300 1015; x_wconf 85' lang='lat' dir='ltr'><strong>matrimonium</strong></span> <span class='ocrx_word' id='word_1_57' title='bbox 1337 959 1412 1015; x_wconf 89' lang='lat' dir='ltr'><strong>ad</strong></span> <span class='ocrx_word' id='word_1_58' title='bbox 1442 959 1669 1016; x_wconf 87' lang='lat' dir='ltr'><strong>maiora</strong></span> <span class='ocrx_word' id='word_1_59' title='bbox 1697 958 1914 1017; x_wconf 88' lang='lat' dir='ltr'><strong>nitenti</strong></span> <span class='ocrx_word' id='word_1_60' title='bbox 1943 960 2048 1016; x_wconf 84' lang='lat' dir='ltr'><strong>de-</strong></span> 
     </span>
     <span class='ocr_line' id='line_1_12' title="bbox 901 1043 2047 1120; baseline 0.001 -22"><span class='ocrx_word' id='word_1_61' title='bbox 901 1043 1292 1120; x_wconf 82' lang='lat' dir='ltr'><strong>vixeruntque</strong></span> <span class='ocrx_word' id='word_1_62' title='bbox 1338 1045 1490 1100; x_wconf 90' lang='lat' dir='ltr'><strong>mira</strong></span> <span class='ocrx_word' id='word_1_63' title='bbox 1534 1045 1879 1114; x_wconf 89' lang='lat' dir='ltr'><strong>concordia,</strong></span> <span class='ocrx_word' id='word_1_64' title='bbox 1940 1063 2047 1120; x_wconf 92' lang='lat' dir='ltr'><strong>per</strong></span> 
     </span>
    </p>
   </div>
   <div class='ocr_carea' id='block_1_8' title="bbox 181 1128 2046 1378">
    <p class='ocr_par' dir='ltr' id='par_1_8' title="bbox 181 1128 2046 1378">
     <span class='ocr_line' id='line_1_13' title="bbox 182 1128 2044 1206; baseline 0.001 -23"><span class='ocrx_word' id='word_1_65' title='bbox 182 1137 451 1184; x_wconf 88' lang='lat' dir='ltr'><strong>mutuam</strong></span> <span class='ocrx_word' id='word_1_66' title='bbox 481 1129 780 1187; x_wconf 87' lang='lat' dir='ltr'><strong>caritatem</strong></span> <span class='ocrx_word' id='word_1_67' title='bbox 807 1139 863 1185; x_wconf 89' lang='lat' dir='ltr'><strong>et</strong></span> <span class='ocrx_word' id='word_1_68' title='bbox 885 1128 1141 1185; x_wconf 87' lang='lat' dir='ltr'><strong>invicem</strong></span> <span class='ocrx_word' id='word_1_69' title='bbox 1167 1148 1227 1185; x_wconf 91' lang='lat' dir='ltr'><strong>se</strong></span> <span class='ocrx_word' id='word_1_70' title='bbox 1253 1130 1695 1205; x_wconf 86' lang='lat' dir='ltr'><strong>anteponendo:</strong></span> <span class='ocrx_word' id='word_1_71' title='bbox 1739 1130 1859 1185; x_wconf 88' lang='lat' dir='ltr'><strong>nisi</strong></span> <span class='ocrx_word' id='word_1_72' title='bbox 1883 1130 2044 1206; x_wconf 86' lang='lat' dir='ltr'><strong>quod</strong></span> 
     </span>
     <span class='ocr_line' id='line_1_14' title="bbox 182 1211 2046 1292; baseline 0.001 -24"><span class='ocrx_word' id='word_1_73' title='bbox 182 1211 250 1268; x_wconf 87' lang='lat' dir='ltr'><strong>in</strong></span> <span class='ocrx_word' id='word_1_74' title='bbox 286 1213 446 1270; x_wconf 90' lang='lat' dir='ltr'><strong>bona</strong></span> <span class='ocrx_word' id='word_1_75' title='bbox 484 1233 668 1271; x_wconf 85' lang='lat' dir='ltr'><strong>uxore</strong></span> <span class='ocrx_word' id='word_1_76' title='bbox 704 1225 869 1271; x_wconf 89' lang='lat' dir='ltr'><strong>tanto</strong></span> <span class='ocrx_word' id='word_1_77' title='bbox 904 1215 1097 1271; x_wconf 88' lang='lat' dir='ltr'><strong>maior</strong></span> <span class='ocrx_word' id='word_1_78' title='bbox 1133 1215 1296 1290; x_wconf 69' lang='lat' dir='ltr'><strong>lam,</strong></span> <span class='ocrx_word' id='word_1_79' title='bbox 1354 1227 1575 1292; x_wconf 90' lang='lat' dir='ltr'><strong>quanto</strong></span> <span class='ocrx_word' id='word_1_80' title='bbox 1616 1215 1683 1271; x_wconf 89' lang='lat' dir='ltr'><strong>in</strong></span> <span class='ocrx_word' id='word_1_81' title='bbox 1721 1215 1877 1271; x_wconf 89' lang='lat' dir='ltr'><strong>mala</strong></span> <span class='ocrx_word' id='word_1_82' title='bbox 1910 1215 2046 1290; x_wconf 88' lang='lat' dir='ltr'><strong>plus</strong></span> 
     </span>
     <span class='ocr_line' id='line_1_15' title="bbox 181 1296 2045 1378; baseline 0.001 -24"><span class='ocrx_word' id='word_1_83' title='bbox 181 1298 388 1375; x_wconf 88' lang='lat' dir='ltr'><strong>culpae</strong></span> <span class='ocrx_word' id='word_1_84' title='bbox 434 1310 537 1360; x_wconf 87' lang='lat' dir='ltr'><strong>est.</strong></span> <span class='ocrx_word' id='word_1_85' title='bbox 635 1299 779 1359; x_wconf 89' lang='lat' dir='ltr'><strong>Sors</strong></span> <span class='ocrx_word' id='word_1_86' title='bbox 819 1311 1164 1378; x_wconf 88' lang='lat' dir='ltr'><strong>quaesturae</strong></span> <span class='ocrx_word' id='word_1_87' title='bbox 1203 1301 1573 1377; x_wconf 86' lang='lat' dir='ltr'><strong>provinciam</strong></span> <span class='ocrx_word' id='word_1_88' title='bbox 1612 1296 1853 1371; x_wconf 88' lang='lat' dir='ltr'><strong>Asiam,</strong></span> <span class='ocrx_word' id='word_1_89' title='bbox 1901 1311 2045 1375; x_wconf 71' lang='lat' dir='ltr'><strong>pro-‘</strong></span> 
     </span>
    </p>
   </div>
   <div class='ocr_carea' id='block_1_9' title="bbox 167 1519 1077 1914">
    <p class='ocr_par' dir='ltr' id='par_1_9' title="bbox 167 1519 1077 1914">
     <span class='ocr_line' id='line_1_16' title="bbox 179 1519 1075 1580; baseline 0.004 -18"><span class='ocrx_word' id='word_1_90' title='bbox 179 1519 720 1579; x_wconf 77' lang='lat' dir='ltr'><strong>(Kriegswz&#39;ssenschafl)</strong></span> <span class='ocrx_word' id='word_1_91' title='bbox 743 1538 849 1566; x_wconf 89' lang='lat' dir='ltr'><strong>cum</strong></span> <span class='ocrx_word' id='word_1_92' title='bbox 872 1539 956 1566; x_wconf 92' lang='lat' dir='ltr'><strong>usu</strong></span> <span class='ocrx_word' id='word_1_93' title='bbox 972 1523 1075 1580; x_wconf 85' lang='lat' dir='ltr'><strong>(Er-</strong></span> 
     </span>
     <span class='ocr_line' id='line_1_17' title="bbox 167 1577 1075 1637; baseline 0.004 -18"><span class='ocrx_word' id='word_1_94' title='bbox 167 1577 414 1634; x_wconf 77' lang='lat' dir='ltr'><strong>fahrung,</strong></span> <span class='ocrx_word' id='word_1_95' title='bbox 448 1579 639 1636; x_wconf 77' lang='lat' dir='ltr'><strong>Praxis)</strong></span> <span class='ocrx_word' id='word_1_96' title='bbox 665 1589 707 1622; x_wconf 87' lang='lat' dir='ltr'><strong>et</strong></span> <span class='ocrx_word' id='word_1_97' title='bbox 732 1581 925 1624; x_wconf 85' lang='lat' dir='ltr'><strong>stimulis</strong></span> <span class='ocrx_word' id='word_1_98' title='bbox 956 1582 1075 1637; x_wconf 78' lang='lat' dir='ltr'><strong>(Be-</strong></span> 
     </span>
     <span class='ocr_line' id='line_1_18' title="bbox 177 1637 1077 1695; baseline 0.006 -18"><span class='ocrx_word' id='word_1_99' title='bbox 177 1637 458 1692; x_wconf 78' lang='lat' dir='ltr'><strong>gez&#39;sterung)</strong></span> <span class='ocrx_word' id='word_1_100' title='bbox 501 1638 717 1695; x_wconf 86' lang='lat' dir='ltr'><strong>Agricola</strong></span> <span class='ocrx_word' id='word_1_101' title='bbox 761 1639 867 1681; x_wconf 88' lang='lat' dir='ltr'><strong>inde</strong></span> <span class='ocrx_word' id='word_1_102' title='bbox 919 1638 1077 1682; x_wconf 85' lang='lat' dir='ltr'><strong>debuit</strong></span> 
     </span>
     <span class='ocr_line' id='line_1_19' title="bbox 176 1693 1076 1740; baseline 0.002 -4"><span class='ocrx_word' id='word_1_103' title='bbox 176 1693 364 1738; x_wconf 81' lang='lat' dir='ltr'><strong>referre.</strong></span> <span class='ocrx_word' id='word_1_104' title='bbox 424 1695 608 1737; x_wconf 75' lang='lat' dir='ltr'><strong>Tamen</strong></span> <span class='ocrx_word' id='word_1_105' title='bbox 633 1695 681 1738; x_wconf 87' lang='lat' dir='ltr'><strong>in</strong></span> <span class='ocrx_word' id='word_1_106' title='bbox 708 1695 929 1740; x_wconf 88' lang='lat' dir='ltr'><strong>eiusmodi</strong></span> <span class='ocrx_word' id='word_1_107' title='bbox 961 1696 1076 1739; x_wconf 85' lang='lat' dir='ltr'><strong>locis</strong></span> 
     </span>
     <span class='ocr_line' id='line_1_20' title="bbox 176 1751 1075 1811; baseline 0.004 -18"><span class='ocrx_word' id='word_1_108' title='bbox 176 1751 352 1809; x_wconf 89' lang='lat' dir='ltr'><strong>saepius</strong></span> <span class='ocrx_word' id='word_1_109' title='bbox 375 1752 611 1801; x_wconf 86' lang='lat' dir='ltr'><strong>omittitur,</strong></span> <span class='ocrx_word' id='word_1_110' title='bbox 643 1769 778 1811; x_wconf 88' lang='lat' dir='ltr'><strong>quam</strong></span> <span class='ocrx_word' id='word_1_111' title='bbox 802 1763 850 1797; x_wconf 88' lang='lat' dir='ltr'><strong>ut</strong></span> <span class='ocrx_word' id='word_1_112' title='bbox 872 1771 918 1797; x_wconf 88' lang='lat' dir='ltr'><strong>ea</strong></span> <span class='ocrx_word' id='word_1_113' title='bbox 942 1754 1075 1797; x_wconf 88' lang='lat' dir='ltr'><strong>omis-</strong></span> 
     </span>
     <span class='ocr_line' id='line_1_21' title="bbox 177 1808 1074 1868; baseline 0.004 -18"><span class='ocrx_word' id='word_1_114' title='bbox 177 1808 244 1851; x_wconf 77' lang='lat' dir='ltr'><strong>sio</strong></span> <span class='ocrx_word' id='word_1_115' title='bbox 266 1809 496 1852; x_wconf 85' lang='lat' dir='ltr'><strong>offendere</strong></span> <span class='ocrx_word' id='word_1_116' title='bbox 520 1826 604 1853; x_wconf 91' lang='lat' dir='ltr'><strong>nos</strong></span> <span class='ocrx_word' id='word_1_117' title='bbox 624 1811 780 1868; x_wconf 83' lang='lat' dir='ltr'><strong>possit.</strong></span> <span class='ocrx_word' id='word_1_118' title='bbox 809 1812 896 1854; x_wconf 83' lang='lat' dir='ltr'><strong>Sed</strong></span> <span class='ocrx_word' id='word_1_119' title='bbox 924 1820 1074 1855; x_wconf 82' lang='lat' dir='ltr'><strong>tamen</strong></span> 
     </span>
     <span class='ocr_line' id='line_1_22' title="bbox 176 1865 1071 1914; baseline 0.003 -5"><span class='ocrx_word' id='word_1_120' title='bbox 176 1865 426 1910; x_wconf 89' lang='lat' dir='ltr'><strong>Seebodius</strong></span> <span class='ocrx_word' id='word_1_121' title='bbox 448 1867 632 1911; x_wconf 85' lang='lat' dir='ltr'><strong>maluit:</strong></span> <span class='ocrx_word' id='word_1_122' title='bbox 658 1877 821 1911; x_wconf 84' lang='lat' dir='ltr'><strong>tamen</strong></span> <span class='ocrx_word' id='word_1_123' title='bbox 846 1878 889 1911; x_wconf 81' lang='lat' dir='ltr'><strong>et</strong></span> <span class='ocrx_word' id='word_1_124' title='bbox 911 1884 1071 1914; x_wconf 78' lang='lat' dir='ltr'><strong>usum.</strong></span> 
     </span>
    </p>
   </div>
   <div class='ocr_carea' id='block_1_10' title="bbox 171 1950 1072 2299">
    <p class='ocr_par' dir='ltr' id='par_1_10' title="bbox 171 1950 1072 2299">
     <span class='ocr_line' id='line_1_23' title="bbox 230 1950 1071 2010; baseline 0.004 -18"><span class='ocrx_word' id='word_1_125' title='bbox 230 1951 474 1994; x_wconf 82' lang='lat' dir='ltr'><strong>addidere.</strong></span> <span class='ocrx_word' id='word_1_126' title='bbox 535 1951 592 1996; x_wconf 89' lang='lat' dir='ltr'><strong>cf.</strong></span> <span class='ocrx_word' id='word_1_127' title='bbox 618 1950 709 1995; x_wconf 89' lang='lat' dir='ltr'><strong>An.</strong></span> <span class='ocrx_word' id='word_1_128' title='bbox 731 1951 774 2007; x_wconf 82' lang='lat'><strong>3,</strong></span> <span class='ocrx_word' id='word_1_129' title='bbox 804 1953 874 1995; x_wconf 72' lang='lat'><strong>22.</strong></span> <span class='ocrx_word' id='word_1_130' title='bbox 901 1970 1071 2010; x_wconf 86' lang='lat' dir='ltr'><strong>quam-</strong></span> 
     </span>
     <span class='ocr_line' id='line_1_24' title="bbox 174 2010 1072 2069; baseline 0.002 -18"><span class='ocrx_word' id='word_1_131' title='bbox 174 2010 247 2052; x_wconf 87' lang='lat' dir='ltr'><strong>vis</strong></span> <span class='ocrx_word' id='word_1_132' title='bbox 280 2010 453 2069; x_wconf 39' lang='lat' dir='ltr'><strong>infa&#39;mi</strong></span> <span class='ocrx_word' id='word_1_133' title='bbox 484 2024 539 2051; x_wconf 82' lang='lat' dir='ltr'><strong>ac</strong></span> <span class='ocrx_word' id='word_1_134' title='bbox 575 2011 760 2052; x_wconf 81' lang='lat' dir='ltr'><strong>nocenti</strong></span> <span class='ocrx_word' id='word_1_135' title='bbox 796 2011 1072 2054; x_wconf 79' lang='lat' dir='ltr'><strong>miseratio-</strong></span> 
     </span>
     <span class='ocr_line' id='line_1_25' title="bbox 175 2067 1071 2124; baseline 0.003 -15"><span class='ocrx_word' id='word_1_136' title='bbox 175 2081 289 2111; x_wconf 72' lang='lat' dir='ltr'><strong>nem</strong></span> <span class='ocrx_word' id='word_1_137' title='bbox 314 2068 595 2118; x_wconf 78' lang='lat' dir='ltr'><strong>addz&#39;derat‚·</strong></span> <span class='ocrx_word' id='word_1_138' title='bbox 633 2068 675 2116; x_wconf 86' lang='lat'><strong>4,</strong></span> <span class='ocrx_word' id='word_1_139' title='bbox 696 2067 766 2110; x_wconf 81' lang='lat'><strong>73.</strong></span> <span class='ocrx_word' id='word_1_140' title='bbox 789 2083 933 2124; x_wconf 85' lang='lat' dir='ltr'><strong>neque</strong></span> <span class='ocrx_word' id='word_1_141' title='bbox 959 2085 1071 2112; x_wconf 86' lang='lat' dir='ltr'><strong>con-</strong></span> 
     </span>
     <span class='ocr_line' id='line_1_26' title="bbox 172 2125 1070 2170; baseline 0.004 -4"><span class='ocrx_word' id='word_1_142' title='bbox 172 2125 402 2170; x_wconf 73' lang='lat' dir='ltr'><strong>stantiam</strong></span> <span class='ocrx_word' id='word_1_143' title='bbox 418 2126 705 2167; x_wconf 81' lang='lat' dir='ltr'><strong>addiderant</strong></span> <span class='ocrx_word' id='word_1_144' title='bbox 722 2127 934 2170; x_wconf 81' lang='lat' dir='ltr'><strong>turbatis.</strong></span> <span class='ocrx_word' id='word_1_145' title='bbox 965 2126 1006 2169; x_wconf 90' lang='lat' dir='ltr'>N</span> <span class='ocrx_word' id='word_1_146' title='bbox 1010 2143 1070 2170; x_wconf 91' lang='lat' dir='ltr'><strong>on</strong></span> 
     </span>
     <span class='ocr_line' id='line_1_27' title="bbox 171 2181 1070 2240; baseline 0.007 -17"><span class='ocrx_word' id='word_1_147' title='bbox 171 2181 310 2239; x_wconf 87' lang='lat' dir='ltr'><strong>igitur</strong></span> <span class='ocrx_word' id='word_1_148' title='bbox 346 2197 459 2240; x_wconf 91' lang='lat' dir='ltr'><strong>opus</strong></span> <span class='ocrx_word' id='word_1_149' title='bbox 491 2191 581 2231; x_wconf 86' lang='lat' dir='ltr'><strong>est,</strong></span> <span class='ocrx_word' id='word_1_150' title='bbox 619 2191 670 2226; x_wconf 86' lang='lat' dir='ltr'><strong>ut</strong></span> <span class='ocrx_word' id='word_1_151' title='bbox 702 2199 806 2227; x_wconf 86' lang='lat' dir='ltr'><strong>cum</strong></span> <span class='ocrx_word' id='word_1_152' title='bbox 837 2183 1070 2229; x_wconf 84' lang='lat' dir='ltr'><strong>Walehio</strong></span> 
     </span>
     <span class='ocr_line' id='line_1_28' title="bbox 175 2240 698 2299; baseline 0.004 -16"><span class='ocrx_word' id='word_1_153' title='bbox 175 2240 231 2283; x_wconf 84' lang='lat' dir='ltr'><strong>de</strong></span> <span class='ocrx_word' id='word_1_154' title='bbox 255 2247 489 2298; x_wconf 83' lang='lat' dir='ltr'><strong>zeugmate</strong></span> <span class='ocrx_word' id='word_1_155' title='bbox 512 2242 698 2299; x_wconf 84' lang='lat' dir='ltr'><strong>cogites.</strong></span> 
     </span>
    </p>
   </div>
   <div class='ocr_carea' id='block_1_11' title="bbox 168 2323 1069 3651">
    <p class='ocr_par' dir='ltr' id='par_1_11' title="bbox 169 2323 1069 2830">
     <span class='ocr_line' id='line_1_29' title="bbox 232 2323 1069 2382; baseline 0.005 -16"><span class='ocrx_word' id='word_1_156' title='bbox 232 2323 347 2370; x_wconf 75' lang='lat' dir='ltr'><strong>CAP.</strong></span> <span class='ocrx_word' id='word_1_157' title='bbox 371 2323 414 2366; x_wconf 86' lang='lat'><strong>6.</strong></span> <span class='ocrx_word' id='word_1_158' title='bbox 475 2324 572 2367; x_wconf 85' lang='lat' dir='ltr'><strong>nisi</strong></span> <span class='ocrx_word' id='word_1_159' title='bbox 601 2327 724 2380; x_wconf 85' lang='lat' dir='ltr'><strong>quod</strong></span> <span class='ocrx_word' id='word_1_160' title='bbox 760 2357 772 2370; x_wconf 93' lang='lat'><strong>.</strong></span> <span class='ocrx_word' id='word_1_161' title='bbox 794 2359 809 2373; x_wconf 85' lang='lat'><strong>.</strong></span> <span class='ocrx_word' id='word_1_162' title='bbox 830 2357 843 2370; x_wconf 83' lang='lat'><strong>.</strong></span> <span class='ocrx_word' id='word_1_163' title='bbox 864 2357 876 2369; x_wconf 90' lang='lat'><strong>.</strong></span> <span class='ocrx_word' id='word_1_164' title='bbox 906 2329 1069 2382; x_wconf 81' lang='lat' dir='ltr'><strong>culpae</strong></span> 
     </span>
     <span class='ocr_line' id='line_1_30' title="bbox 172 2382 1068 2440; baseline 0 -12"><span class='ocrx_word' id='word_1_165' title='bbox 172 2390 260 2428; x_wconf 78' lang='lat' dir='ltr'><strong>est.</strong></span> <span class='ocrx_word' id='word_1_166' title='bbox 306 2382 521 2426; x_wconf 87' lang='lat' dir='ltr'><strong>Priorum</strong></span> <span class='ocrx_word' id='word_1_167' title='bbox 543 2382 752 2440; x_wconf 85' lang='lat' dir='ltr'><strong>quidam,</strong></span> <span class='ocrx_word' id='word_1_168' title='bbox 775 2399 879 2427; x_wconf 89' lang='lat' dir='ltr'><strong>cum</strong></span> <span class='ocrx_word' id='word_1_169' title='bbox 900 2383 1068 2428; x_wconf 80' lang='lat' dir='ltr'><strong>frustra</strong></span> 
     </span>
     <span class='ocr_line' id='line_1_31' title="bbox 172 2440 1068 2498; baseline 0 -14"><span class='ocrx_word' id='word_1_170' title='bbox 172 2440 420 2484; x_wconf 82' lang='lat' dir='ltr'><strong>verborum</strong></span> <span class='ocrx_word' id='word_1_171' title='bbox 441 2440 709 2483; x_wconf 82' lang='lat' dir='ltr'><strong>sententiam</strong></span> <span class='ocrx_word' id='word_1_172' title='bbox 730 2442 1068 2498; x_wconf 84' lang='lat' dir='ltr'><strong>quaesivissent,</strong></span> 
     </span>
     <span class='ocr_line' id='line_1_32' title="bbox 172 2496 1066 2556; baseline 0.002 -13"><span class='ocrx_word' id='word_1_173' title='bbox 172 2496 478 2556; x_wconf 81' lang='lat' dir='ltr'><strong>corruptelam</strong></span> <span class='ocrx_word' id='word_1_174' title='bbox 506 2497 686 2541; x_wconf 89' lang='lat' dir='ltr'><strong>subesse</strong></span> <span class='ocrx_word' id='word_1_175' title='bbox 709 2499 920 2556; x_wconf 87' lang='lat' dir='ltr'><strong>suspicati</strong></span> <span class='ocrx_word' id='word_1_176' title='bbox 945 2509 1066 2545; x_wconf 87' lang='lat' dir='ltr'><strong>sunt.</strong></span> 
     </span>
     <span class='ocr_line' id='line_1_33' title="bbox 173 2554 1068 2614; baseline 0 -15"><span class='ocrx_word' id='word_1_177' title='bbox 173 2554 330 2614; x_wconf 87' lang='lat' dir='ltr'><strong>Quare</strong></span> <span class='ocrx_word' id='word_1_178' title='bbox 363 2554 559 2599; x_wconf 86' lang='lat' dir='ltr'><strong>Pichena</strong></span> <span class='ocrx_word' id='word_1_179' title='bbox 592 2557 881 2600; x_wconf 87' lang='lat' dir='ltr'><strong>emendabat:</strong></span> <span class='ocrx_word' id='word_1_180' title='bbox 933 2566 1068 2600; x_wconf 81' lang='lat' dir='ltr'><strong>tanto</strong></span> 
     </span>
     <span class='ocr_line' id='line_1_34' title="bbox 171 2612 1067 2672; baseline 0.002 -16"><span class='ocrx_word' id='word_1_181' title='bbox 171 2615 329 2656; x_wconf 77' lang='lat' dir='ltr'><strong>minor</strong></span> <span class='ocrx_word' id='word_1_182' title='bbox 354 2615 483 2665; x_wconf 82' lang='lat' dir='ltr'><strong>laus,</strong></span> <span class='ocrx_word' id='word_1_183' title='bbox 525 2612 880 2670; x_wconf 84' lang='lat' dir='ltr'><strong>adprobantibus</strong></span> <span class='ocrx_word' id='word_1_184' title='bbox 900 2615 1067 2672; x_wconf 90' lang='lat' dir='ltr'><strong>Lipsio‚</strong></span> 
     </span>
     <span class='ocr_line' id='line_1_35' title="bbox 171 2669 1066 2730; baseline 0.002 -16"><span class='ocrx_word' id='word_1_185' title='bbox 171 2669 483 2715; x_wconf 85' lang='lat' dir='ltr'><strong>Freinshemio</strong></span> <span class='ocrx_word' id='word_1_186' title='bbox 509 2679 552 2713; x_wconf 90' lang='lat' dir='ltr'><strong>et</strong></span> <span class='ocrx_word' id='word_1_187' title='bbox 575 2671 865 2724; x_wconf 84' lang='lat' dir='ltr'><strong>Boxhornio,</strong></span> <span class='ocrx_word' id='word_1_188' title='bbox 897 2673 973 2730; x_wconf 87' lang='lat' dir='ltr'><strong>qui</strong></span> <span class='ocrx_word' id='word_1_189' title='bbox 1001 2690 1066 2716; x_wconf 89' lang='lat' dir='ltr'><strong>ex-</strong></span> 
     </span>
     <span class='ocr_line' id='line_1_36' title="bbox 169 2727 1064 2830; baseline 0.002 -58"><span class='ocrx_word' id='word_1_190' title='bbox 169 2727 426 2830; x_wconf 67' lang='lat' dir='ltr'><strong>plicationis</strong></span> <span class='ocrx_word' id='word_1_191' title='bbox 462 2742 593 2789; x_wconf 86' lang='lat' dir='ltr'><strong>causa</strong></span> <span class='ocrx_word' id='word_1_192' title='bbox 631 2729 778 2772; x_wconf 85' lang='lat' dir='ltr'><strong>addit:</strong></span> <span class='ocrx_word' id='word_1_193' title='bbox 827 2730 1064 2782; x_wconf 83' lang='lat' dir='ltr'><strong>„Laudem</strong></span> 
     </span>
    </p>

    <p class='ocr_par' dir='ltr' id='par_1_12' title="bbox 168 2788 1064 3651">
     <span class='ocr_line' id='line_1_37' title="bbox 205 2788 1064 2846; baseline 0 -16"><span class='ocrx_word' id='word_1_194' title='bbox 205 2801 292 2830; x_wconf 88' lang='lat' dir='ltr'><strong>ona</strong></span> <span class='ocrx_word' id='word_1_195' title='bbox 311 2800 423 2828; x_wconf 89' lang='lat' dir='ltr'><strong>uxor</strong></span> <span class='ocrx_word' id='word_1_196' title='bbox 443 2801 537 2828; x_wconf 92' lang='lat' dir='ltr'><strong>non</strong></span> <span class='ocrx_word' id='word_1_197' title='bbox 557 2796 782 2837; x_wconf 89' lang='lat' dir='ltr'><strong>meretur,</strong></span> <span class='ocrx_word' id='word_1_198' title='bbox 819 2788 984 2846; x_wconf 86' lang='lat' dir='ltr'><strong>quippe</strong></span> <span class='ocrx_word' id='word_1_199' title='bbox 1002 2797 1064 2832; x_wconf 91' lang='lat' dir='ltr'><strong>ta·</strong></span> 
     </span>
     <span class='ocr_line' id='line_1_38' title="bbox 170 2841 1064 2899; baseline 0.001 -12"><span class='ocrx_word' id='word_1_200' title='bbox 170 2844 224 2888; x_wconf 84' lang='lat' dir='ltr'><strong>lis</strong></span> <span class='ocrx_word' id='word_1_201' title='bbox 245 2841 386 2886; x_wconf 89' lang='lat' dir='ltr'><strong>modo</strong></span> <span class='ocrx_word' id='word_1_202' title='bbox 410 2850 496 2895; x_wconf 88' lang='lat' dir='ltr'><strong>est,</strong></span> <span class='ocrx_word' id='word_1_203' title='bbox 521 2844 661 2899; x_wconf 90' lang='lat' dir='ltr'><strong>qualis</strong></span> <span class='ocrx_word' id='word_1_204' title='bbox 683 2860 776 2887; x_wconf 91' lang='lat' dir='ltr'><strong>esse</strong></span> <span class='ocrx_word' id='word_1_205' title='bbox 797 2845 943 2890; x_wconf 84' lang='lat' dir='ltr'><strong>debet.</strong></span> <span class='ocrx_word' id='word_1_206' title='bbox 986 2845 1064 2888; x_wconf 89' lang='lat' dir='ltr'><strong>sed</strong></span> 
     </span>
     <span class='ocr_line' id='line_1_39' title="bbox 170 2898 1063 2962; baseline -0.002 -16"><span class='ocrx_word' id='word_1_207' title='bbox 170 2909 215 2946; x_wconf 83' lang='lat' dir='ltr'><strong>et</strong></span> <span class='ocrx_word' id='word_1_208' title='bbox 233 2900 336 2944; x_wconf 88' lang='lat' dir='ltr'><strong>ideo</strong></span> <span class='ocrx_word' id='word_1_209' title='bbox 358 2898 461 2958; x_wconf 88' lang='lat' dir='ltr'><strong>plus</strong></span> <span class='ocrx_word' id='word_1_210' title='bbox 482 2900 641 2958; x_wconf 87' lang='lat' dir='ltr'><strong>cnlpae</strong></span> <span class='ocrx_word' id='word_1_211' title='bbox 665 2902 711 2945; x_wconf 90' lang='lat' dir='ltr'><strong>in</strong></span> <span class='ocrx_word' id='word_1_212' title='bbox 733 2903 871 2954; x_wconf 89' lang='lat' dir='ltr'><strong>mala,</strong></span> <span class='ocrx_word' id='word_1_213' title='bbox 898 2902 1063 2962; x_wconf 87' lang='lat' dir='ltr'><strong>quippe</strong></span> 
     </span>
     <span class='ocr_line' id='line_1_40' title="bbox 168 2958 1063 3014; baseline -0.001 -12"><span class='ocrx_word' id='word_1_214' title='bbox 168 2958 271 3002; x_wconf 85' lang='lat' dir='ltr'><strong>talis</strong></span> <span class='ocrx_word' id='word_1_215' title='bbox 306 2973 400 3000; x_wconf 90' lang='lat' dir='ltr'><strong>non</strong></span> <span class='ocrx_word' id='word_1_216' title='bbox 435 2965 521 3009; x_wconf 87' lang='lat' dir='ltr'><strong>est,</strong></span> <span class='ocrx_word' id='word_1_217' title='bbox 563 2958 707 3014; x_wconf 87' lang='lat' dir='ltr'><strong>qualis</strong></span> <span class='ocrx_word' id='word_1_218' title='bbox 740 2975 835 3003; x_wconf 89' lang='lat' dir='ltr'><strong>esse</strong></span> <span class='ocrx_word' id='word_1_219' title='bbox 873 2959 1063 3004; x_wconf 78' lang='lat' dir='ltr'><strong>debet.&#39;&#39;</strong></span> 
     </span>
     <span class='ocr_line' id='line_1_41' title="bbox 172 3014 1061 3072; baseline 0.002 -13"><span class='ocrx_word' id='word_1_220' title='bbox 172 3015 304 3072; x_wconf 85' lang='lat' dir='ltr'><strong>Quae</strong></span> <span class='ocrx_word' id='word_1_221' title='bbox 328 3014 514 3058; x_wconf 83' lang='lat' dir='ltr'><strong>Tacitus</strong></span> <span class='ocrx_word' id='word_1_222' title='bbox 542 3017 612 3059; x_wconf 80' lang='lat' dir='ltr'><strong>vel</strong></span> <span class='ocrx_word' id='word_1_223' title='bbox 641 3017 706 3059; x_wconf 84' lang='lat' dir='ltr'><strong>his</strong></span> <span class='ocrx_word' id='word_1_224' title='bbox 731 3018 890 3060; x_wconf 87' lang='lat' dir='ltr'><strong>similia</strong></span> <span class='ocrx_word' id='word_1_225' title='bbox 920 3018 955 3061; x_wconf 91' lang='lat' dir='ltr'><strong>si</strong></span> <span class='ocrx_word' id='word_1_226' title='bbox 991 3019 1061 3061; x_wconf 90' lang='lat' dir='ltr'><strong>di-</strong></span> 
     </span>
     <span class='ocr_line' id='line_1_42' title="bbox 171 3072 1058 3141; baseline 0.001 -24"><span class='ocrx_word' id='word_1_227' title='bbox 171 3075 253 3124; x_wconf 82' lang='lat' dir='ltr'><strong>xit,</strong></span> <span class='ocrx_word' id='word_1_228' title='bbox 292 3088 507 3141; x_wconf 70' lang='lat' dir='ltr'><strong>generum</strong></span> <span class='ocrx_word' id='word_1_229' title='bbox 533 3072 651 3116; x_wconf 88' lang='lat' dir='ltr'><strong>haud</strong></span> <span class='ocrx_word' id='word_1_230' title='bbox 677 3075 780 3117; x_wconf 85' lang='lat' dir='ltr'><strong>satis</strong></span> <span class='ocrx_word' id='word_1_231' title='bbox 805 3076 1058 3122; x_wconf 86' lang='lat' dir='ltr'><strong>modestum</strong></span> 
     </span>
     <span class='ocr_line' id='line_1_43' title="bbox 171 3131 1058 3192; baseline 0 -16"><span class='ocrx_word' id='word_1_232' title='bbox 171 3132 261 3190; x_wconf 82' lang='lat' dir='ltr'><strong>egit</strong></span> <span class='ocrx_word' id='word_1_233' title='bbox 292 3146 340 3174; x_wconf 75' lang='lat' dir='ltr'><strong>ln</strong></span> <span class='ocrx_word' id='word_1_234' title='bbox 384 3145 586 3173; x_wconf 84' lang='lat' dir='ltr'><strong>soceram</strong></span> <span class='ocrx_word' id='word_1_235' title='bbox 628 3131 861 3175; x_wconf 86' lang='lat' dir='ltr'><strong>etiamtum</strong></span> <span class='ocrx_word' id='word_1_236' title='bbox 900 3149 1058 3192; x_wconf 86' lang='lat' dir='ltr'><strong>super-</strong></span> 
     </span>
     <span class='ocr_line' id='line_1_44' title="bbox 170 3186 1060 3247; baseline -0.001 -13"><span class='ocrx_word' id='word_1_237' title='bbox 170 3190 335 3235; x_wconf 85' lang='lat' dir='ltr'><strong>stitem.</strong></span> <span class='ocrx_word' id='word_1_238' title='bbox 393 3186 626 3231; x_wconf 82' lang='lat' dir='ltr'><strong>Acidalius</strong></span> <span class='ocrx_word' id='word_1_239' title='bbox 663 3189 941 3247; x_wconf 81' lang='lat' dir='ltr'><strong>corrigebat:</strong></span> <span class='ocrx_word' id='word_1_240' title='bbox 982 3193 1060 3235; x_wconf 87' lang='lat' dir='ltr'><strong>in-</strong></span> 
     </span>
     <span class='ocr_line' id='line_1_45' title="bbox 170 3249 1062 3305; baseline 0.001 -14"><span class='ocrx_word' id='word_1_241' title='bbox 170 3251 318 3291; x_wconf 84' lang='lat' dir='ltr'><strong>vicem</strong></span> <span class='ocrx_word' id='word_1_242' title='bbox 351 3259 403 3288; x_wconf 84' lang='lat' dir='ltr'><strong>se</strong></span> <span class='ocrx_word' id='word_1_243' title='bbox 432 3249 755 3299; x_wconf 81' lang='lat' dir='ltr'><strong>anteponendo</strong></span> <span class='ocrx_word' id='word_1_244' title='bbox 786 3249 897 3299; x_wconf 70' lang='lat' dir='ltr'><strong>sibi,</strong></span> <span class='ocrx_word' id='word_1_245' title='bbox 938 3253 1062 3305; x_wconf 82' lang='lat' dir='ltr'><strong>quod</strong></span> 
     </span>
     <span class='ocr_line' id='line_1_46' title="bbox 170 3302 1059 3364; baseline 0.004 -19"><span class='ocrx_word' id='word_1_246' title='bbox 170 3314 259 3350; x_wconf 84' lang='lat' dir='ltr'><strong>etc.</strong></span> <span class='ocrx_word' id='word_1_247' title='bbox 318 3302 609 3346; x_wconf 85' lang='lat' dir='ltr'><strong>Recentiores</strong></span> <span class='ocrx_word' id='word_1_248' title='bbox 644 3318 803 3346; x_wconf 87' lang='lat' dir='ltr'><strong>omnes</strong></span> <span class='ocrx_word' id='word_1_249' title='bbox 836 3307 1059 3364; x_wconf 78' lang='lat' dir='ltr'><strong>vulgatam</strong></span> 
     </span>
     <span class='ocr_line' id='line_1_47' title="bbox 169 3359 1059 3420; baseline -0.001 -13"><span class='ocrx_word' id='word_1_250' title='bbox 169 3362 437 3420; x_wconf 84' lang='lat' dir='ltr'><strong>scripturam</strong></span> <span class='ocrx_word' id='word_1_251' title='bbox 479 3359 780 3403; x_wconf 88' lang='lat' dir='ltr'><strong>defenderunt</strong></span> <span class='ocrx_word' id='word_1_252' title='bbox 816 3373 947 3420; x_wconf 82' lang='lat' dir='ltr'><strong>atque</strong></span> <span class='ocrx_word' id='word_1_253' title='bbox 983 3381 1059 3406; x_wconf 84' lang='lat' dir='ltr'><strong>ex-</strong></span> 
     </span>
     <span class='ocr_line' id='line_1_48' title="bbox 168 3417 1061 3480; baseline 0.003 -18"><span class='ocrx_word' id='word_1_254' title='bbox 168 3419 338 3480; x_wconf 85' lang='lat' dir='ltr'><strong>plicare</strong></span> <span class='ocrx_word' id='word_1_255' title='bbox 406 3417 689 3470; x_wconf 79' lang='lat' dir='ltr'><strong>studuerunt.</strong></span> <span class='ocrx_word' id='word_1_256' title='bbox 781 3420 1061 3465; x_wconf 75' lang='lat' dir='ltr'><strong>Schefferusz</strong></span> 
     </span>
     <span class='ocr_line' id='line_1_49' title="bbox 171 3473 1060 3528; baseline 0.003 -9"><span class='ocrx_word' id='word_1_257' title='bbox 171 3484 333 3528; x_wconf 83' lang='lat' dir='ltr'><strong>„tanto</strong></span> <span class='ocrx_word' id='word_1_258' title='bbox 367 3475 513 3518; x_wconf 86' lang='lat' dir='ltr'><strong>maior</strong></span> <span class='ocrx_word' id='word_1_259' title='bbox 545 3473 639 3519; x_wconf 88' lang='lat' dir='ltr'><strong>laus</strong></span> <span class='ocrx_word' id='word_1_260' title='bbox 674 3483 764 3525; x_wconf 78' lang='lat' dir='ltr'><strong>est,</strong></span> <span class='ocrx_word' id='word_1_261' title='bbox 805 3477 839 3519; x_wconf 92' lang='lat' dir='ltr'><strong>si</strong></span> <span class='ocrx_word' id='word_1_262' title='bbox 874 3480 1060 3522; x_wconf 80' lang='lat' dir='ltr'><strong>maritus</strong></span> 
     </span>
     <span class='ocr_line' id='line_1_50' title="bbox 168 3531 1056 3594; baseline 0.001 -16"><span class='ocrx_word' id='word_1_263' title='bbox 168 3536 335 3580; x_wconf 89' lang='lat' dir='ltr'><strong>bonam</strong></span> <span class='ocrx_word' id='word_1_264' title='bbox 368 3549 548 3576; x_wconf 83' lang='lat' dir='ltr'><strong>uxorem</strong></span> <span class='ocrx_word' id='word_1_265' title='bbox 578 3531 712 3584; x_wconf 77' lang='lat' dir='ltr'><strong>colit,</strong></span> <span class='ocrx_word' id='word_1_266' title='bbox 751 3533 834 3578; x_wconf 89' lang='lat' dir='ltr'><strong>sibi</strong></span> <span class='ocrx_word' id='word_1_267' title='bbox 869 3544 1056 3594; x_wconf 83' lang='lat' dir='ltr'><strong>antepo-</strong></span> 
     </span>
     <span class='ocr_line' id='line_1_51' title="bbox 169 3589 1056 3651; baseline 0.001 -14"><span class='ocrx_word' id='word_1_268' title='bbox 169 3591 261 3642; x_wconf 81' lang='lat' dir='ltr'><strong>nit.</strong></span> <span class='ocrx_word' id='word_1_269' title='bbox 304 3600 472 3651; x_wconf 88' lang='lat' dir='ltr'><strong>quanto</strong></span> <span class='ocrx_word' id='word_1_270' title='bbox 495 3589 668 3650; x_wconf 81' lang='lat' dir='ltr'><strong>turpius</strong></span> <span class='ocrx_word' id='word_1_271' title='bbox 690 3600 755 3637; x_wconf 80' lang='lat' dir='ltr'><strong>est</strong></span> <span class='ocrx_word' id='word_1_272' title='bbox 775 3591 820 3636; x_wconf 89' lang='lat' dir='ltr'><strong>id</strong></span> <span class='ocrx_word' id='word_1_273' title='bbox 841 3590 988 3636; x_wconf 59' lang='lat' dir='ltr'><strong>faeere</strong></span> <span class='ocrx_word' id='word_1_274' title='bbox 1010 3594 1056 3638; x_wconf 87' lang='lat' dir='ltr'><strong>in</strong></span> 
     </span>
    </p>
   </div>
   <div class='ocr_carea' id='block_1_12' title="bbox 1132 1521 2040 3653">
    <p class='ocr_par' dir='ltr' id='par_1_13' title="bbox 1132 1521 2040 3653">
     <span class='ocr_line' id='line_1_52' title="bbox 1146 1521 2040 1578; baseline -0.003 -11"><span class='ocrx_word' id='word_1_275' title='bbox 1146 1522 1289 1578; x_wconf 86' lang='lat' dir='ltr'><strong>mala,</strong></span> <span class='ocrx_word' id='word_1_276' title='bbox 1338 1540 1444 1569; x_wconf 88' lang='lat' dir='ltr'><strong>cum</strong></span> <span class='ocrx_word' id='word_1_277' title='bbox 1476 1524 1708 1568; x_wconf 82' lang='lat' dir='ltr'><strong>hominem</strong></span> <span class='ocrx_word' id='word_1_278' title='bbox 1741 1521 2040 1572; x_wconf 82' lang='lat' dir='ltr'><strong>mulierosum</strong></span> 
     </span>
     <span class='ocr_line' id='line_1_53' title="bbox 1147 1579 2038 1641; baseline -0.001 -18"><span class='ocrx_word' id='word_1_279' title='bbox 1147 1580 1317 1624; x_wconf 87' lang='lat' dir='ltr'><strong>indicet</strong></span> <span class='ocrx_word' id='word_1_280' title='bbox 1340 1590 1384 1625; x_wconf 88' lang='lat' dir='ltr'><strong>et</strong></span> <span class='ocrx_word' id='word_1_281' title='bbox 1416 1583 1709 1641; x_wconf 87' lang='lat' dir='ltr'><strong>imperiosam</strong></span> <span class='ocrx_word' id='word_1_282' title='bbox 1739 1579 2038 1626; x_wconf 79' lang='lat' dir='ltr'><strong>mulierem.’&#39;</strong></span> 
     </span>
     <span class='ocr_line' id='line_1_54' title="bbox 1146 1637 2039 1683; baseline -0.002 -3"><span class='ocrx_word' id='word_1_283' title='bbox 1146 1638 1312 1681; x_wconf 86' lang='lat' dir='ltr'><strong>Eadem</strong></span> <span class='ocrx_word' id='word_1_284' title='bbox 1357 1640 1452 1682; x_wconf 82' lang='lat' dir='ltr'><strong>fere</strong></span> <span class='ocrx_word' id='word_1_285' title='bbox 1493 1638 1668 1683; x_wconf 85' lang='lat' dir='ltr'><strong>rettulit</strong></span> <span class='ocrx_word' id='word_1_286' title='bbox 1707 1638 1951 1682; x_wconf 81' lang='lat' dir='ltr'><strong>Steuberus</strong></span> <span class='ocrx_word' id='word_1_287' title='bbox 1991 1637 2039 1679; x_wconf 89' lang='lat' dir='ltr'><strong>in</strong></span> 
     </span>
     <span class='ocr_line' id='line_1_55' title="bbox 1148 1694 2036 1752; baseline -0.002 -14"><span class='ocrx_word' id='word_1_288' title='bbox 1148 1695 1345 1744; x_wconf 89' lang='lat' dir='ltr'><strong>Seebod.</strong></span> <span class='ocrx_word' id='word_1_289' title='bbox 1389 1696 1507 1740; x_wconf 85' lang='lat' dir='ltr'><strong>Bibl.</strong></span> <span class='ocrx_word' id='word_1_290' title='bbox 1553 1696 1653 1740; x_wconf 82' lang='lat' dir='ltr'><strong>erit.</strong></span> <span class='ocrx_word' id='word_1_291' title='bbox 1689 1696 1815 1739; x_wconf 71' lang='lat'><strong>1822.</strong></span> <span class='ocrx_word' id='word_1_292' title='bbox 1861 1710 1906 1752; x_wconf 87' lang='lat' dir='ltr'><strong>p.</strong></span> <span class='ocrx_word' id='word_1_293' title='bbox 1940 1694 2036 1737; x_wconf 89' lang='grc'><strong>176.</strong></span> 
     </span>
     <span class='ocr_line' id='line_1_56' title="bbox 1151 1751 2039 1808; baseline -0.002 -12"><span class='ocrx_word' id='word_1_294' title='bbox 1151 1754 1423 1797; x_wconf 87' lang='lat' dir='ltr'><strong>Oberlinus:</strong></span> <span class='ocrx_word' id='word_1_295' title='bbox 1463 1753 1754 1806; x_wconf 88' lang='lat' dir='ltr'><strong>„concordia</strong></span> <span class='ocrx_word' id='word_1_296' title='bbox 1787 1751 2039 1808; x_wconf 82' lang='lat' dir='ltr'><strong>coniugalis</strong></span> 
     </span>
     <span class='ocr_line' id='line_1_57' title="bbox 1146 1809 2038 1864; baseline 0 -10"><span class='ocrx_word' id='word_1_297' title='bbox 1146 1812 1267 1854; x_wconf 89' lang='lat' dir='ltr'><strong>inter</strong></span> <span class='ocrx_word' id='word_1_298' title='bbox 1302 1814 1449 1855; x_wconf 90' lang='lat' dir='ltr'><strong>bonos</strong></span> <span class='ocrx_word' id='word_1_299' title='bbox 1485 1811 1688 1864; x_wconf 86' lang='lat' dir='ltr'><strong>laudem,</strong></span> <span class='ocrx_word' id='word_1_300' title='bbox 1735 1811 1854 1856; x_wconf 74' lang='lat' dir='ltr'><strong>inter</strong></span> <span class='ocrx_word' id='word_1_301' title='bbox 1894 1809 2038 1854; x_wconf 77' lang='lat' dir='ltr'><strong>malos</strong></span> 
     </span>
     <span class='ocr_line' id='line_1_58' title="bbox 1146 1868 2036 1926; baseline -0.002 -14"><span class='ocrx_word' id='word_1_302' title='bbox 1146 1868 1322 1912; x_wconf 86' lang='lat' dir='ltr'><strong>crimen</strong></span> <span class='ocrx_word' id='word_1_303' title='bbox 1357 1870 1510 1919; x_wconf 87' lang='lat' dir='ltr'><strong>habet,</strong></span> <span class='ocrx_word' id='word_1_304' title='bbox 1535 1870 1685 1926; x_wconf 81' lang='lat' dir='ltr'><strong>&#39;idque</strong></span> <span class='ocrx_word' id='word_1_305' title='bbox 1706 1868 1753 1912; x_wconf 83' lang='lat' dir='ltr'><strong>in</strong></span> <span class='ocrx_word' id='word_1_306' title='bbox 1775 1883 1915 1911; x_wconf 84' lang='lat' dir='ltr'><strong>uxore</strong></span> <span class='ocrx_word' id='word_1_307' title='bbox 1936 1882 2036 1910; x_wconf 84' lang='lat' dir='ltr'><strong>ma·</strong></span> 
     </span>
     <span class='ocr_line' id='line_1_59' title="bbox 1146 1923 2036 1985; baseline -0.002 -17"><span class='ocrx_word' id='word_1_308' title='bbox 1146 1926 1211 1985; x_wconf 79' lang='lat' dir='ltr'><strong>gis</strong></span> <span class='ocrx_word' id='word_1_309' title='bbox 1245 1943 1379 1985; x_wconf 90' lang='lat' dir='ltr'><strong>quam</strong></span> <span class='ocrx_word' id='word_1_310' title='bbox 1412 1929 1460 1970; x_wconf 90' lang='lat' dir='ltr'><strong>in</strong></span> <span class='ocrx_word' id='word_1_311' title='bbox 1496 1926 1716 1971; x_wconf 79' lang='lat' dir='ltr'><strong>marito.’&#39;</strong></span> <span class='ocrx_word' id='word_1_312' title='bbox 1775 1923 2036 1969; x_wconf 72' lang='lat' dir='ltr'><strong>Dronkiuss</strong></span> 
     </span>
     <span class='ocr_line' id='line_1_60' title="bbox 1141 1981 2038 2042; baseline 0 -16"><span class='ocrx_word' id='word_1_313' title='bbox 1141 2017 1167 2037; x_wconf 88' lang='lat'><strong>‚,</strong></span> <span class='ocrx_word' id='word_1_314' title='bbox 1182 1984 1320 2033; x_wconf 88' lang='lat' dir='ltr'><strong>Laus,</strong></span> <span class='ocrx_word' id='word_1_315' title='bbox 1348 2001 1463 2042; x_wconf 91' lang='lat' dir='ltr'><strong>quae</strong></span> <span class='ocrx_word' id='word_1_316' title='bbox 1485 2001 1534 2028; x_wconf 84' lang='lat' dir='ltr'><strong>ex</strong></span> <span class='ocrx_word' id='word_1_317' title='bbox 1556 1984 1671 2028; x_wconf 88' lang='lat' dir='ltr'><strong>mira</strong></span> <span class='ocrx_word' id='word_1_318' title='bbox 1691 1981 1768 2028; x_wconf 81' lang='lat' dir='ltr'><strong>illa</strong></span> <span class='ocrx_word' id='word_1_319' title='bbox 1789 1981 2038 2027; x_wconf 82' lang='lat' dir='ltr'><strong>concordia</strong></span> 
     </span>
     <span class='ocr_line' id='line_1_61' title="bbox 1148 2039 2037 2090; baseline -0.004 -5"><span class='ocrx_word' id='word_1_320' title='bbox 1148 2050 1190 2085; x_wconf 88' lang='lat' dir='ltr'><strong>et</strong></span> <span class='ocrx_word' id='word_1_321' title='bbox 1215 2050 1370 2085; x_wconf 86' lang='lat' dir='ltr'><strong>mutua</strong></span> <span class='ocrx_word' id='word_1_322' title='bbox 1399 2043 1582 2086; x_wconf 84' lang='lat' dir='ltr'><strong>caritate</strong></span> <span class='ocrx_word' id='word_1_323' title='bbox 1607 2041 1899 2090; x_wconf 83' lang='lat' dir='ltr'><strong>nascebatur,</strong></span> <span class='ocrx_word' id='word_1_324' title='bbox 1926 2039 2037 2082; x_wconf 84' lang='lat' dir='ltr'><strong>utri·</strong></span> 
     </span>
     <span class='ocr_line' id='line_1_62' title="bbox 1146 2095 2034 2158; baseline 0 -17"><span class='ocrx_word' id='word_1_325' title='bbox 1146 2115 1232 2158; x_wconf 89' lang='lat' dir='ltr'><strong>que</strong></span> <span class='ocrx_word' id='word_1_326' title='bbox 1267 2100 1434 2158; x_wconf 85' lang='lat' dir='ltr'><strong>pariter</strong></span> <span class='ocrx_word' id='word_1_327' title='bbox 1467 2116 1655 2158; x_wconf 82' lang='lat' dir='ltr'><strong>magna,</strong></span> <span class='ocrx_word' id='word_1_328' title='bbox 1708 2096 1794 2142; x_wconf 78' lang='lat' dir='ltr'><strong>nisi</strong></span> <span class='ocrx_word' id='word_1_329' title='bbox 1830 2095 1952 2155; x_wconf 90' lang='lat' dir='ltr'><strong>quod</strong></span> <span class='ocrx_word' id='word_1_330' title='bbox 1985 2096 2034 2141; x_wconf 84' lang='lat' dir='ltr'><strong>in</strong></span> 
     </span>
     <span class='ocr_line' id='line_1_63' title="bbox 1144 2155 2036 2205; baseline -0.003 -5"><span class='ocrx_word' id='word_1_331' title='bbox 1144 2158 1265 2201; x_wconf 85' lang='lat' dir='ltr'><strong>bona</strong></span> <span class='ocrx_word' id='word_1_332' title='bbox 1298 2174 1433 2200; x_wconf 87' lang='lat' dir='ltr'><strong>uxore</strong></span> <span class='ocrx_word' id='word_1_333' title='bbox 1457 2159 1604 2200; x_wconf 87' lang='lat' dir='ltr'><strong>maior</strong></span> <span class='ocrx_word' id='word_1_334' title='bbox 1627 2156 1723 2200; x_wconf 87' lang='lat' dir='ltr'><strong>laus</strong></span> <span class='ocrx_word' id='word_1_335' title='bbox 1751 2155 1930 2200; x_wconf 81' lang='lat' dir='ltr'><strong>virtutis</strong></span> <span class='ocrx_word' id='word_1_336' title='bbox 1956 2163 2036 2205; x_wconf 86' lang='lat' dir='ltr'><strong>est,</strong></span> 
     </span>
     <span class='ocr_line' id='line_1_64' title="bbox 1144 2213 2035 2272; baseline -0.002 -15"><span class='ocrx_word' id='word_1_337' title='bbox 1144 2231 1279 2272; x_wconf 85' lang='lat' dir='ltr'><strong>quam</strong></span> <span class='ocrx_word' id='word_1_338' title='bbox 1313 2216 1359 2257; x_wconf 92' lang='lat' dir='ltr'><strong>in</strong></span> <span class='ocrx_word' id='word_1_339' title='bbox 1386 2217 1508 2259; x_wconf 87' lang='lat' dir='ltr'><strong>bono</strong></span> <span class='ocrx_word' id='word_1_340' title='bbox 1533 2216 1657 2266; x_wconf 81' lang='lat' dir='ltr'><strong>viro,</strong></span> <span class='ocrx_word' id='word_1_341' title='bbox 1695 2222 1739 2258; x_wconf 81' lang='lat' dir='ltr'><strong>et</strong></span> <span class='ocrx_word' id='word_1_342' title='bbox 1770 2220 1896 2256; x_wconf 77' lang='lat' dir='ltr'><strong>tanto</strong></span> <span class='ocrx_word' id='word_1_343' title='bbox 1927 2213 2035 2270; x_wconf 87' lang='lat' dir='ltr'><strong>qui-</strong></span> 
     </span>
     <span class='ocr_line' id='line_1_65' title="bbox 1142 2270 2036 2332; baseline -0.003 -17"><span class='ocrx_word' id='word_1_344' title='bbox 1142 2274 1244 2315; x_wconf 91' lang='lat' dir='ltr'><strong>dem</strong></span> <span class='ocrx_word' id='word_1_345' title='bbox 1267 2271 1435 2322; x_wconf 85' lang='lat' dir='ltr'><strong>maior,</strong></span> <span class='ocrx_word' id='word_1_346' title='bbox 1469 2280 1639 2332; x_wconf 82' lang='lat' dir='ltr'><strong>quanto</strong></span> <span class='ocrx_word' id='word_1_347' title='bbox 1662 2272 1708 2315; x_wconf 91' lang='lat' dir='ltr'><strong>in</strong></span> <span class='ocrx_word' id='word_1_348' title='bbox 1732 2271 1847 2314; x_wconf 89' lang='lat' dir='ltr'><strong>mala</strong></span> <span class='ocrx_word' id='word_1_349' title='bbox 1868 2270 2036 2313; x_wconf 83' lang='lat' dir='ltr'><strong>semina</strong></span> 
     </span>
     <span class='ocr_line' id='line_1_66' title="bbox 1139 2327 2034 2388; baseline -0.001 -16"><span class='ocrx_word' id='word_1_350' title='bbox 1139 2330 1238 2387; x_wconf 87' lang='lat' dir='ltr'><strong>plus</strong></span> <span class='ocrx_word' id='word_1_351' title='bbox 1259 2330 1416 2388; x_wconf 84' lang='lat' dir='ltr'><strong>culpae</strong></span> <span class='ocrx_word' id='word_1_352' title='bbox 1438 2340 1526 2379; x_wconf 85' lang='lat' dir='ltr'><strong>est,</strong></span> <span class='ocrx_word' id='word_1_353' title='bbox 1548 2346 1680 2388; x_wconf 87' lang='lat' dir='ltr'><strong>quam</strong></span> <span class='ocrx_word' id='word_1_354' title='bbox 1704 2329 1752 2371; x_wconf 90' lang='lat' dir='ltr'><strong>in</strong></span> <span class='ocrx_word' id='word_1_355' title='bbox 1776 2327 1878 2372; x_wconf 69' lang='lat' dir='ltr'><strong>vim</strong></span> <span class='ocrx_word' id='word_1_356' title='bbox 1897 2327 2034 2371; x_wconf 81' lang='lat' dir='ltr'><strong>malo.</strong></span> 
     </span>
     <span class='ocr_line' id='line_1_67' title="bbox 1138 2386 2035 2446; baseline -0.004 -15"><span class='ocrx_word' id='word_1_357' title='bbox 1138 2387 1336 2431; x_wconf 85' lang='lat' dir='ltr'><strong>Feminis</strong></span> <span class='ocrx_word' id='word_1_358' title='bbox 1372 2387 1494 2430; x_wconf 88' lang='lat' dir='ltr'><strong>enim</strong></span> <span class='ocrx_word' id='word_1_359' title='bbox 1530 2386 1827 2446; x_wconf 85' lang='lat' dir='ltr'><strong>peccantibus·</strong></span> <span class='ocrx_word' id='word_1_360' title='bbox 1856 2400 2035 2442; x_wconf 82' lang='lat' dir='ltr'><strong>semper</strong></span> 
     </span>
     <span class='ocr_line' id='line_1_68' title="bbox 1138 2443 2034 2504; baseline -0.004 -15"><span class='ocrx_word' id='word_1_361' title='bbox 1138 2446 1236 2503; x_wconf 91' lang='lat' dir='ltr'><strong>plus</strong></span> <span class='ocrx_word' id='word_1_362' title='bbox 1259 2445 1415 2503; x_wconf 88' lang='lat' dir='ltr'><strong>culpae</strong></span> <span class='ocrx_word' id='word_1_363' title='bbox 1437 2446 1709 2504; x_wconf 78' lang='lat' dir='ltr'><strong>imputatur,</strong></span> <span class='ocrx_word' id='word_1_364' title='bbox 1741 2459 1876 2502; x_wconf 88' lang='lat' dir='ltr'><strong>quam</strong></span> <span class='ocrx_word' id='word_1_365' title='bbox 1900 2443 2034 2494; x_wconf 78' lang='lat' dir='ltr'><strong>viris;</strong></span> 
     </span>
     <span class='ocr_line' id='line_1_69' title="bbox 1141 2500 2031 2560; baseline -0.004 -14"><span class='ocrx_word' id='word_1_366' title='bbox 1141 2519 1279 2560; x_wconf 89' lang='lat' dir='ltr'><strong>quare</strong></span> <span class='ocrx_word' id='word_1_367' title='bbox 1300 2503 1432 2547; x_wconf 90' lang='lat' dir='ltr'><strong>bonis</strong></span> <span class='ocrx_word' id='word_1_368' title='bbox 1454 2503 1633 2546; x_wconf 87' lang='lat' dir='ltr'><strong>seminis</strong></span> <span class='ocrx_word' id='word_1_369' title='bbox 1659 2502 1803 2546; x_wconf 86' lang='lat' dir='ltr'><strong>maior</strong></span> <span class='ocrx_word' id='word_1_370' title='bbox 1826 2500 1899 2546; x_wconf 89' lang='lat' dir='ltr'><strong>lau</strong></span> <span class='ocrx_word' id='word_1_371' title='bbox 1944 2501 2031 2560; x_wconf 60' lang='lat'><strong>¹¹⁸3}</strong></span> 
     </span>
     <span class='ocr_line' id='line_1_70' title="bbox 1139 2558 2032 2619; baseline -0.004 -15"><span class='ocrx_word' id='word_1_372' title='bbox 1139 2561 1317 2604; x_wconf 88' lang='lat' dir='ltr'><strong>buenda</strong></span> <span class='ocrx_word' id='word_1_373' title='bbox 1358 2569 1445 2612; x_wconf 86' lang='lat' dir='ltr'><strong>est,</strong></span> <span class='ocrx_word' id='word_1_374' title='bbox 1496 2576 1630 2619; x_wconf 89' lang='lat' dir='ltr'><strong>quam</strong></span> <span class='ocrx_word' id='word_1_375' title='bbox 1672 2558 1839 2606; x_wconf 74' lang='lat' dir='ltr'><strong>viris-⁰</strong></span> <span class='ocrx_word' id='word_1_376' title='bbox 1954 2574 2032 2602; x_wconf 83' lang='lat' dir='ltr'><strong>um</strong></span> 
     </span>
     <span class='ocr_line' id='line_1_71' title="bbox 1137 2616 2029 2662; baseline -0.003 -1"><span class='ocrx_word' id='word_1_377' title='bbox 1137 2617 1346 2662; x_wconf 82' lang='lat' dir='ltr'><strong>Dronkio</strong></span> <span class='ocrx_word' id='word_1_378' title='bbox 1375 2619 1430 2661; x_wconf 91' lang='lat' dir='ltr'><strong>de</strong></span> <span class='ocrx_word' id='word_1_379' title='bbox 1462 2617 1552 2661; x_wconf 91' lang='lat' dir='ltr'><strong>loci</strong></span> <span class='ocrx_word' id='word_1_380' title='bbox 1581 2616 1799 2660; x_wconf 86' lang='lat' dir='ltr'><strong>sententia</strong></span> <span class='ocrx_word' id='word_1_381' title='bbox 1831 2631 2029 2660; x_wconf 83' lang='lat' dir='ltr'><strong>consen·</strong></span> 
     </span>
     <span class='ocr_line' id='line_1_72' title="bbox 1137 2673 2029 2733; baseline 0 -15"><span class='ocrx_word' id='word_1_382' title='bbox 1137 2677 1256 2718; x_wconf 89' lang='lat' dir='ltr'><strong>tiunt</strong></span> <span class='ocrx_word' id='word_1_383' title='bbox 1279 2676 1460 2733; x_wconf 80' lang='lat' dir='ltr'><strong>Selling.</strong></span> <span class='ocrx_word' id='word_1_384' title='bbox 1483 2677 1530 2717; x_wconf 90' lang='lat' dir='ltr'><strong>in</strong></span> <span class='ocrx_word' id='word_1_385' title='bbox 1557 2673 1784 2720; x_wconf 86' lang='lat' dir='ltr'><strong>Observv.</strong></span> <span class='ocrx_word' id='word_1_386' title='bbox 1809 2690 1857 2732; x_wconf 89' lang='lat' dir='ltr'><strong>p.</strong></span> <span class='ocrx_word' id='word_1_387' title='bbox 1881 2674 1911 2715; x_wconf 80' lang='lat'>4</span> <span class='ocrx_word' id='word_1_388' title='bbox 1930 2689 2029 2731; x_wconf 88' lang='lat' dir='ltr'><strong>sqq.</strong></span> 
     </span>
     <span class='ocr_line' id='line_1_73' title="bbox 1135 2730 2031 2794; baseline 0 -18"><span class='ocrx_word' id='word_1_389' title='bbox 1135 2733 1273 2776; x_wconf 88' lang='lat' dir='ltr'><strong>Roth.</strong></span> <span class='ocrx_word' id='word_1_390' title='bbox 1309 2733 1356 2775; x_wconf 89' lang='lat' dir='ltr'><strong>in</strong></span> <span class='ocrx_word' id='word_1_391' title='bbox 1387 2734 1563 2794; x_wconf 85' lang='lat' dir='ltr'><strong>Synon.</strong></span> <span class='ocrx_word' id='word_1_392' title='bbox 1610 2748 1655 2790; x_wconf 87' lang='lat' dir='ltr'><strong>p.</strong></span> <span class='ocrx_word' id='word_1_393' title='bbox 1684 2732 1761 2777; x_wconf 87' lang='lat'><strong>40.</strong></span> <span class='ocrx_word' id='word_1_394' title='bbox 1828 2730 2031 2776; x_wconf 79' lang='lat' dir='ltr'><strong>Walch.</strong></span> 
     </span>
     <span class='ocr_line' id='line_1_74' title="bbox 1137 2788 2030 2851; baseline 0 -19"><span class='ocrx_word' id='word_1_395' title='bbox 1137 2791 1192 2833; x_wconf 90' lang='lat' dir='ltr'><strong>ad</strong></span> <span class='ocrx_word' id='word_1_396' title='bbox 1219 2790 1263 2834; x_wconf 88' lang='lat' dir='ltr'><strong>h.</strong></span> <span class='ocrx_word' id='word_1_397' title='bbox 1285 2790 1314 2836; x_wconf 89' lang='lat' dir='ltr'><strong>l.</strong></span> <span class='ocrx_word' id='word_1_398' title='bbox 1345 2813 1404 2824; x_wconf 94' lang='lat'><em>-</em></span> <span class='ocrx_word' id='word_1_399' title='bbox 1460 2789 1709 2834; x_wconf 78' lang='lat' dir='ltr'><strong>Beckerus=</strong></span> <span class='ocrx_word' id='word_1_400' title='bbox 1739 2789 1912 2851; x_wconf 83' lang='lat' dir='ltr'><strong>„Apud</strong></span> <span class='ocrx_word' id='word_1_401' title='bbox 1932 2788 2030 2832; x_wconf 83' lang='lat' dir='ltr'><strong>Ro-</strong></span> 
     </span>
     <span class='ocr_line' id='line_1_75' title="bbox 1137 2837 2030 2907; baseline 0.001 -18"><span class='ocrx_word' id='word_1_402' title='bbox 1137 2863 1294 2891; x_wconf 85' lang='lat' dir='ltr'><strong>manos</strong></span> <span class='ocrx_word' id='word_1_403' title='bbox 1318 2857 1445 2907; x_wconf 85' lang='lat' dir='ltr'><strong>pater</strong></span> <span class='ocrx_word' id='word_1_404' title='bbox 1469 2847 1664 2891; x_wconf 82' lang='lat' dir='ltr'><strong>familias</strong></span> <span class='ocrx_word' id='word_1_405' title='bbox 1687 2863 1870 2891; x_wconf 81' lang='lat' dir='ltr'><strong>uxorem</strong></span> <span class='ocrx_word' id='word_1_406' title='bbox 1897 2854 1942 2890; x_wconf 83' lang='lat' dir='ltr'><strong>et</strong></span> <span class='ocrx_word' id='word_1_407' title='bbox 1969 2837 2030 2890; x_wconf 89' lang='lat' dir='ltr'><strong>li-</strong></span> 
     </span>
     <span class='ocr_line' id='line_1_76' title="bbox 1136 2904 2031 2962; baseline -0.002 -13"><span class='ocrx_word' id='word_1_408' title='bbox 1136 2906 1267 2949; x_wconf 86' lang='lat' dir='ltr'><strong>beros</strong></span> <span class='ocrx_word' id='word_1_409' title='bbox 1304 2915 1346 2950; x_wconf 90' lang='lat' dir='ltr'><strong>et</strong></span> <span class='ocrx_word' id='word_1_410' title='bbox 1386 2922 1567 2948; x_wconf 91' lang='lat' dir='ltr'><strong>omnem</strong></span> <span class='ocrx_word' id='word_1_411' title='bbox 1605 2904 1797 2948; x_wconf 89' lang='lat' dir='ltr'><strong>domum</strong></span> <span class='ocrx_word' id='word_1_412' title='bbox 1829 2905 2031 2962; x_wconf 20' lang='lat' dir='ltr'><strong>regebat..</strong></span> 
     </span>
     <span class='ocr_line' id='line_1_77' title="bbox 1136 2961 2030 3025; baseline 0 -19"><span class='ocrx_word' id='word_1_413' title='bbox 1136 2962 1323 3007; x_wconf 88' lang='lat' dir='ltr'><strong>Summa</strong></span> <span class='ocrx_word' id='word_1_414' title='bbox 1361 2963 1497 3021; x_wconf 78' lang='lat' dir='ltr'><strong>igitur</strong></span> <span class='ocrx_word' id='word_1_415' title='bbox 1534 2963 1619 3025; x_wconf 71' lang='lat' dir='ltr'><strong>vjri</strong></span> <span class='ocrx_word' id='word_1_416' title='bbox 1655 2961 1814 3021; x_wconf 85' lang='lat' dir='ltr'><strong>culpae</strong></span> <span class='ocrx_word' id='word_1_417' title='bbox 1851 2968 1943 3007; x_wconf 78' lang='lat' dir='ltr'><strong>erat</strong></span> <span class='ocrx_word' id='word_1_418' title='bbox 1978 2961 2030 3009; x_wconf 70' lang='lat' dir='ltr'><strong>iu,</strong></span> 
     </span>
     <span class='ocr_line' id='line_1_78' title="bbox 1137 3020 2025 3078; baseline 0 -17"><span class='ocrx_word' id='word_1_419' title='bbox 1137 3036 1272 3063; x_wconf 84' lang='lat' dir='ltr'><strong>uxore</strong></span> <span class='ocrx_word' id='word_1_420' title='bbox 1299 3022 1435 3073; x_wconf 88' lang='lat' dir='ltr'><strong>mala,</strong></span> <span class='ocrx_word' id='word_1_421' title='bbox 1478 3022 1606 3064; x_wconf 68' lang='lat' dir='ltr'><strong>cutus</strong></span> <span class='ocrx_word' id='word_1_422' title='bbox 1638 3020 1858 3078; x_wconf 82' lang='lat' dir='ltr'><strong>regendae</strong></span> <span class='ocrx_word' id='word_1_423' title='bbox 1881 3028 1924 3063; x_wconf 85' lang='lat' dir='ltr'><strong>et</strong></span> <span class='ocrx_word' id='word_1_424' title='bbox 1947 3034 2025 3062; x_wconf 85' lang='lat' dir='ltr'><strong>ar-</strong></span> 
     </span>
     <span class='ocr_line' id='line_1_79' title="bbox 1133 3075 2022 3122; baseline 0 -3"><span class='ocrx_word' id='word_1_425' title='bbox 1133 3077 1268 3120; x_wconf 89' lang='lat' dir='ltr'><strong>bitrio</strong></span> <span class='ocrx_word' id='word_1_426' title='bbox 1302 3095 1384 3121; x_wconf 89' lang='lat' dir='ltr'><strong>suo</strong></span> <span class='ocrx_word' id='word_1_427' title='bbox 1418 3078 1720 3122; x_wconf 88' lang='lat' dir='ltr'><strong>subiiciendae</strong></span> <span class='ocrx_word' id='word_1_428' title='bbox 1753 3093 1845 3120; x_wconf 91' lang='lat' dir='ltr'><strong>non</strong></span> <span class='ocrx_word' id='word_1_429' title='bbox 1876 3075 2022 3120; x_wconf 88' lang='lat' dir='ltr'><strong>solum</strong></span> 
     </span>
     <span class='ocr_line' id='line_1_80' title="bbox 1133 3134 2024 3194; baseline -0.002 -17"><span class='ocrx_word' id='word_1_430' title='bbox 1133 3143 1326 3191; x_wconf 83' lang='lat' dir='ltr'><strong>potestas</strong></span> <span class='ocrx_word' id='word_1_431' title='bbox 1360 3136 1424 3179; x_wconf 88' lang='lat' dir='ltr'><strong>illi</strong></span> <span class='ocrx_word' id='word_1_432' title='bbox 1460 3136 1631 3193; x_wconf 83' lang='lat' dir='ltr'><strong>legibus</strong></span> <span class='ocrx_word' id='word_1_433' title='bbox 1666 3134 1881 3194; x_wconf 83' lang='lat' dir='ltr'><strong>permissa</strong></span> <span class='ocrx_word' id='word_1_434' title='bbox 1914 3141 2024 3184; x_wconf 77' lang='lat' dir='ltr'><strong>erat,</strong></span> 
     </span>
     <span class='ocr_line' id='line_1_81' title="bbox 1132 3190 2022 3251; baseline -0.002 -16"><span class='ocrx_word' id='word_1_435' title='bbox 1132 3192 1209 3235; x_wconf 88' lang='lat' dir='ltr'><strong>sed</strong></span> <span class='ocrx_word' id='word_1_436' title='bbox 1232 3193 1364 3236; x_wconf 85' lang='lat' dir='ltr'><strong>etiam</strong></span> <span class='ocrx_word' id='word_1_437' title='bbox 1389 3194 1626 3237; x_wconf 83' lang='lat' dir='ltr'><strong>necessitas</strong></span> <span class='ocrx_word' id='word_1_438' title='bbox 1649 3192 1872 3251; x_wconf 76' lang='lat' dir='ltr'><strong>imposita.</strong></span> <span class='ocrx_word' id='word_1_439' title='bbox 1932 3190 2022 3234; x_wconf 79' lang='lat' dir='ltr'><strong>Sed</strong></span> 
     </span>
     <span class='ocr_line' id='line_1_82' title="bbox 1133 3248 2020 3305; baseline -0.001 -13"><span class='ocrx_word' id='word_1_440' title='bbox 1133 3258 1176 3294; x_wconf 82' lang='lat' dir='ltr'><strong>et</strong></span> <span class='ocrx_word' id='word_1_441' title='bbox 1211 3266 1264 3292; x_wconf 84' lang='lat' dir='ltr'><strong>eo</strong></span> <span class='ocrx_word' id='word_1_442' title='bbox 1299 3250 1446 3294; x_wconf 88' lang='lat' dir='ltr'><strong>maior</strong></span> <span class='ocrx_word' id='word_1_443' title='bbox 1479 3251 1667 3305; x_wconf 83' lang='lat' dir='ltr'><strong>(iudicio</strong></span> <span class='ocrx_word' id='word_1_444' title='bbox 1699 3249 1895 3295; x_wconf 85' lang='lat' dir='ltr'><strong>hominis</strong></span> <span class='ocrx_word' id='word_1_445' title='bbox 1922 3248 2020 3291; x_wconf 86' lang='lat' dir='ltr'><strong>Ro-</strong></span> 
     </span>
     <span class='ocr_line' id='line_1_83' title="bbox 1133 3307 2021 3367; baseline 0.002 -19"><span class='ocrx_word' id='word_1_446' title='bbox 1133 3309 1272 3362; x_wconf 89' lang='lat' dir='ltr'><strong>mani)</strong></span> <span class='ocrx_word' id='word_1_447' title='bbox 1306 3308 1448 3367; x_wconf 85' lang='lat' dir='ltr'><strong>gloria</strong></span> <span class='ocrx_word' id='word_1_448' title='bbox 1475 3316 1570 3351; x_wconf 85' lang='lat' dir='ltr'><strong>erat</strong></span> <span class='ocrx_word' id='word_1_449' title='bbox 1596 3309 1718 3360; x_wconf 79' lang='lat' dir='ltr'><strong>viro,</strong></span> <span class='ocrx_word' id='word_1_450' title='bbox 1765 3307 1803 3352; x_wconf 86' lang='lat' dir='ltr'><strong>si</strong></span> <span class='ocrx_word' id='word_1_451' title='bbox 1838 3321 2021 3350; x_wconf 80' lang='lat' dir='ltr'><strong>uxorem</strong></span> 
     </span>
     <span class='ocr_line' id='line_1_84' title="bbox 1133 3364 2021 3423; baseline 0.001 -17"><span class='ocrx_word' id='word_1_452' title='bbox 1133 3364 1217 3407; x_wconf 88' lang='lat' dir='ltr'><strong>sibi</strong></span> <span class='ocrx_word' id='word_1_453' title='bbox 1240 3366 1422 3408; x_wconf 88' lang='lat' dir='ltr'><strong>finxerat</strong></span> <span class='ocrx_word' id='word_1_454' title='bbox 1441 3366 1633 3417; x_wconf 85' lang='lat' dir='ltr'><strong>bonam,</strong></span> <span class='ocrx_word' id='word_1_455' title='bbox 1659 3364 1873 3423; x_wconf 88' lang='lat' dir='ltr'><strong>quoniam</strong></span> <span class='ocrx_word' id='word_1_456' title='bbox 1895 3379 2021 3408; x_wconf 82' lang='lat' dir='ltr'><strong>sexus</strong></span> 
     </span>
     <span class='ocr_line' id='line_1_85' title="bbox 1134 3421 2023 3469; baseline 0 -5"><span class='ocrx_word' id='word_1_457' title='bbox 1134 3421 1207 3464; x_wconf 87' lang='lat' dir='ltr'><strong>ille</strong></span> <span class='ocrx_word' id='word_1_458' title='bbox 1239 3422 1445 3465; x_wconf 80' lang='lat' dir='ltr'><strong>infirmus</strong></span> <span class='ocrx_word' id='word_1_459' title='bbox 1480 3430 1523 3465; x_wconf 88' lang='lat' dir='ltr'><strong>et</strong></span> <span class='ocrx_word' id='word_1_460' title='bbox 1552 3423 1810 3467; x_wconf 84' lang='lat' dir='ltr'><strong>inconstans</strong></span> <span class='ocrx_word' id='word_1_461' title='bbox 1842 3421 2023 3469; x_wconf 83' lang='lat' dir='ltr'><strong>facilius</strong></span> 
     </span>
     <span class='ocr_line' id='line_1_86' title="bbox 1132 3478 2021 3539; baseline 0 -18"><span class='ocrx_word' id='word_1_462' title='bbox 1132 3479 1249 3523; x_wconf 85' lang='lat' dir='ltr'><strong>intra</strong></span> <span class='ocrx_word' id='word_1_463' title='bbox 1284 3490 1432 3523; x_wconf 82' lang='lat' dir='ltr'><strong>certos</strong></span> <span class='ocrx_word' id='word_1_464' title='bbox 1468 3481 1683 3539; x_wconf 87' lang='lat' dir='ltr'><strong>quosdam</strong></span> <span class='ocrx_word' id='word_1_465' title='bbox 1727 3478 1838 3523; x_wconf 82' lang='lat' dir='ltr'><strong>fines</strong></span> <span class='ocrx_word' id='word_1_466' title='bbox 1860 3485 2021 3524; x_wconf 70' lang='lat' dir='ltr'><strong>‚coer-</strong></span> 
     </span>
     <span class='ocr_line' id='line_1_87' title="bbox 1132 3536 2019 3596; baseline 0.002 -16"><span class='ocrx_word' id='word_1_467' title='bbox 1132 3538 1223 3580; x_wconf 84' lang='lat' dir='ltr'><strong>ceri</strong></span> <span class='ocrx_word' id='word_1_468' title='bbox 1276 3545 1443 3587; x_wconf 77' lang='lat' dir='ltr'><strong>›otest,</strong></span> <span class='ocrx_word' id='word_1_469' title='bbox 1489 3553 1621 3596; x_wconf 85' lang='lat' dir='ltr'><strong>quam</strong></span> <span class='ocrx_word' id='word_1_470' title='bbox 1666 3538 1720 3581; x_wconf 90' lang='lat' dir='ltr'><strong>ad</strong></span> <span class='ocrx_word' id='word_1_471' title='bbox 1759 3536 2019 3582; x_wconf 84' lang='lat' dir='ltr'><strong>firmitatem</strong></span> 
     </span>
     <span class='ocr_line' id='line_1_88' title="bbox 1133 3594 2018 3653; baseline 0.002 -15"><span class='ocrx_word' id='word_1_472' title='bbox 1133 3610 1247 3651; x_wconf 86' lang='lat' dir='ltr'><strong>quan</strong></span> <span class='ocrx_word' id='word_1_473' title='bbox 1283 3611 1353 3638; x_wconf 88' lang='lat' dir='ltr'><strong>am</strong></span> <span class='ocrx_word' id='word_1_474' title='bbox 1380 3604 1422 3641; x_wconf 74' lang='lat' dir='ltr'><strong>et</strong></span> <span class='ocrx_word' id='word_1_475' title='bbox 1445 3595 1755 3640; x_wconf 79' lang='lat' dir='ltr'><strong>soi-titudinem</strong></span> <span class='ocrx_word' id='word_1_476' title='bbox 1780 3594 1891 3653; x_wconf 81' lang='lat' dir='ltr'><strong>erigi</strong></span> <span class='ocrx_word' id='word_1_477' title='bbox 1913 3609 2018 3640; x_wconf 77' lang='lat' dir='ltr'><strong>cor-</strong></span> 
     </span>
    </p>
   </div>
  </div>
 </body>
</html>
