2150 4022
537 224 661 305 DE
708 223 1251 286 GERMANIA
1295 225 1493 287 CAP.
1531 186 1590 289 2.

139 357 427 418 Germani
481 356 676 414 vocati
715 354 853 414 sint.

1880 191 1997 290 '11

975 355 1056 413 ita
1095 357 1356 414 nationis
1387 378 1639 429 nomen,
1697 378 1822 416 non
1858 380 2005 434 gen-

135 446 240 515 tis,
309 442 595 499 evaluisse
643 440 964 516 paulatim,
1031 451 1100 498 ut
1151 461 1355 498 omnes
1393 444 1656 519 primum
1706 465 1741 501 a
1777 445 2000 505 victore

137 690 350 737 chenam,
388 695 432 730 et
470 693 625 744 postea
653 684 874 742 Longol.,
923 680 1029 726 See-

135 748 274 800 bod„
315 745 532 790 Teubert.
574 766 631 774 —
701 757 757 784 ac
791 757 911 785 nunc
943 773 955 785 .
981 772 993 783 .
1019 772 1032 785 .

136 820 263 849 nunc
299 803 400 847 edd.
434 801 538 844 Put.
575 800 645 844 M.
669 807 712 844 et
734 798 790 843 V.
817 798 1028 842 Beroald.

137 863 234 907 Alc.
250 863 451 906 Rhenan.
469 859 657 914 (1519.).
682 882 738 892 -
786 856 1030 900 Pichenam

136 920 296 964 imitati
329 925 432 962 sunt
462 916 650 961 Passov.
681 914 807 958 Hess.
836 912 1028 957 Bekker.

138 976 336 1022 Walch.
362 975 417 1019 al.
490 973 645 1017 Recte.
714 972 829 1016 Nam
862 972 1032 1015 Adua-

137 1042 273 1084 tuna,
309 1031 423 1093 quae
454 1030 633 1076 Caesari
661 1030 714 1074 Β.
739 1029 797 1074 G.
828 1029 870 1081 2,
891 1030 935 1072 4.
968 1036 1034 1072 est

138 1091 476 1136 Germanorum
520 1089 703 1137 civitas,
767 1086 1031 1131 Ptolemaeo

136 1150 255 1200 2,·9.
300 1148 467 1192 dicitur
500 1146 821 1200 Tungrorum,
876 1151 926 1186 ut
972 1143 1033 1186 ita

139 1207 218 1267 qui
248 1207 364 1265 apud
391 1206 627 1249 Caesarem
654 1202 895 1253 Germani,
926 1201 1032 1245 Pto·

139 1267 320 1313 lemaeo,
368 1263 456 1307 sint
499 1260 691 1319 Tungri.
780 1260 853 1303 Ad
899 1259 1035 1305 verba

137 1337 263 1366 nune
289 1319 469 1375 Tungri
497 1336 519 1361 e
556 1335 655 1376 sqq.
702 1317 903 1376 intellige
947 1331 1036 1358 vo-

138 1387 316 1424 centur.
399 1375 568 1420 Similis
609 1378 737 1419 locus
784 1384 847 1418 est
887 1392 928 1418 c.
962 1374 1035 1423 36.

138 1438 221 1481 lta
253 1437 335 1493 qui
363 1436 472 1478 olim
513 1434 622 1476 boni
647 1433 880 1490 aequique
917 1432 1035 1475 Che-

137 1498 284 1544 rusci,
339 1507 462 1536 nunc
499 1493 666 1535 inertes
700 1507 756 1533 ac
787 1492 923 1534 stulti
949 1505 1034 1532 vo-

139 1559 321 1596 cantur.
661 1585 663 1587 .

199 1609 357 1652 vocati
403 1607 514 1651 sint.
604 1606 680 1650 Sic
726 1605 858 1649 codd.
895 1605 1035 1648 MSS.

139 1667 286 1711 Vatic.
306 1666 434 1709 4498.
458 1665 691 1722 stuttgart.
711 1663 900 1721 aliique,
932 1662 1035 1705 edd.

142 1724 260 1784 Spir.
287 1722 463 1766 Puteol.
492 1737 592 1779 sqq.
624 1743 681 1753 —
739 1721 898 1763 uocati
928 1727 1038 1762 sunt

143 1780 279 1826 ceteri
328 1779 463 1824 codd.
514 1777 650 1822 MSS.
694 1776 874 1821 ›Vaticc.
932 1776 1035 1820 edd.

140 1838 281 1896 Rhag.
304 1837 446 1880 Paris.
468 1836 631 1880 Alciat.
692 1833 903 1878 Ceterum
928 1842 1038 1876 tem-

141 1912 226 1955 pus
268 1896 422 1938 vocati
468 1893 565 1937 sint
614 1891 786 1937 indicat
827 1891 928 1934 Tun
964 1907 1037 1934 ros

139 1964 441 2009 transgressos
488 1950 676 1993 demum
720 1965 890 1992 nomen
972 1964 1037 1991 er-

143 2026 384 2055 manorum
425 2009 673 2066 accepisse,
728 2023 877 2064 neque
928 2022 1035 2049 vero

143 2068 341 2112 attulisse
385 2083 410 2110 e
457 2067 643 2123 regione
681 2063 1038 2108 Transrhenana.

142 2125 244 2170 Hoc
267 2133 378 2168 esset
401 2131 698 2166 vocarentur.

202 2184 272 2227 ila
298 2181 504 2225 nationis
528 2195 723 2230 nomen,
751 2194 848 2222 non
869 2180 1037 2234 gentis.

143 2241 224 2288 Sic
253 2240 388 2284 codd.
422 2237 558 2282 MSS.
596 2247 639 2280 et
671 2247 844 2280 veteres
882 2236 1038 2280 editio-

144 2315 224 2343 nes
243 2296 605 2353 recentioresque
628 2311 767 2354 usque
792 2295 846 2337 ad
869 2295 1037 2352 Bipun-

141 2357 265 2404 tinos
304 2362 347 2397 et
379 2353 649 2397 Oberlinum
693 2351 898 2396 unanimi
932 2368 1039 2395 con·

147 2429 304 2462 sensu,
333 2421 376 2454 et
394 2427 457 2453 nu
493 2408 810 2461 erPassovius,
843 2409 1041 2460 Hessius,

146 2467 401 2514 Walchius
426 2485 450 2511 a
473 2499 484 2511 .
506 2491 561 2499 —
609 2467 866 2524 ssipontini‚
896 2467 1041 2511 Ober-

146 2527 292 2574 linus,
347 2534 389 2569 et
425 2526 500 2583 qui
541 2541 616 2568 eos
655 2533 930 2581 sequuntur,
983 2524 1042 2566 le·

148 2592 283 2644 gunt:
324 2583 394 2625 ita
422 2583 634 2626 nationis
663 2596 835 2624 nomen
866 2584 914 2624 in
953 2597 1043 2624 no-

148 2657 256 2686 men
276 2641 441 2696 gentis.
484 2641 666 2684 Frustra
689 2648 732 2682 et
754 2637 875 2682 nulla
898 2655 1043 2682 emen-

150 2699 339 2743 dationis
373 2698 651 2742 necessitate.
723 2695 906 2740 Tacitus
939 2712 1044 2739 cum

151 2754 349 2825 emphasi
380 2755 490 2798 dicit
521 2769 622 2814 non!
642 2754 820 2808 gentis:
858 2769 960 2797 nam
997 2754 1043 2796 id

150 2812 432 2873 potissimum
498 2813 592 2856 vult
649 2812 814 2855 docere
875 2827 1046 2855 nomen

152 2873 485 2916 Germanorum
518 2871 572 2913 ab
603 2869 734 2912 initio
769 2886 859 2912 non
887 2869 1047 2928 gentiS,

151 2929 227 2974 sed
263 2927 458 2971 nationis
491 2927 642 2970 fuisse.
715 2925 906 2971 Brevius
938 2927 1046 2970 scri-

152 2987 218 3031 bit
249 3000 353 3044 pro:
393 2987 460 3027 ita
499 2998 697 3036 nomen,
732 2987 856 3041 quod
886 2984 1047 3028 natio-

150 3045 226 3087 nis
276 3058 448 3086 nomen
483 3041 664 3098 fuerit,
726 3058 822 3085 non
873 3045 1046 3097 gentis,

152 3101 377 3144 evaluisse
410 3108 498 3144 etc.
569 3100 706 3143 More
740 3115 822 3143 suo
858 3108 1043 3154 resecat,

155 3174 268 3216 quae
299 3157 439 3201 intelli
472 3158 486 3200 i
564 3165 753 3201 oterant.
843 3157 1044 3200 Verbum

154 3217 387 3258 evaluisse
418 3173 622 3258 agsofute
655 3214 841 3272 ponitur
872 3223 914 3258 et
945 3214 1047 3257 satis

154 3273 285 3317 habet
309 3288 400 3331 quo
430 3271 672 3324 referatur3
701 3272 893 3329 pertinet
927 3271 1045 3314 enim

155 3329 211 3372 ad
239 3338 303 3373 ut.
374 3329 450 3373 Sic
472 3329 580 3372 infr.
606 3345 646 3372 c.
671 3328 743 3372 28.
770 3337 820 3372 ut
841 3344 1049 3386 quaeque

155 3401 273 3441 gens
300 3389 564 3431 coaluerat.
636 3385 906 3442 Quintilian.
940 3387 981 3439 9,
1007 3386 1050 3435 3,

158 3442 229 3487 18.
272 3453 315 3488 et
354 3445 394 3496 8,
429 3445 471 3495 6,
498 3441 569 3486 33.
623 3452 668 3486 et
708 3442 940 3503 Spalding.
994 3446 1047 3486 ad

161 3500 320 3556 Quint.
344 3504 411 3554 10,
433 3501 475 3551 2,
502 3503 569 3545 10.
596 3525 651 3536 —
710 3501 781 3544 De
808 3517 890 3545 usu
914 3500 1050 3561 parti·

161 3557 284 3603 culae
328 3561 418 3610 ita,
479 3560 553 3618 qui
601 3557 883 3621 hic-valeat,
948 3558 1050 3607 vide

1100 683 1372 728 Ramshorn.
1407 684 1487 730 Gr.
1522 690 1567 742 §.
1601 685 1702 732 203.
1733 704 1777 748 p.
1804 689 1904 736 673.
1937 694 1998 750 1).

1100 741 1181 785 Est
1203 751 1411 785 nostrum
1439 747 1684 790 demnach.
1744 747 1862 791 Sunt
1887 765 2001 794 vero

1102 800 1178 858 qui
1224 800 1295 841 ita
1340 815 1435 843 non
1478 802 1581 844 satis
1618 811 1741 847 recte
1777 806 2002 865 explicent

1102 860 1244 908 adeo,
1272 865 1536 911 tantopere.
1598 860 1656 903 cf.
1676 861 1868 907 Seebod.
1885 864 2003 909 Bibl.

1105 914 1203 957 crit.
1235 915 1362 958 1822.
1395 931 1441 973 p.
1465 914 1564 959 361.
1598 925 1640 960 et
1666 918 1788 965 Hess.
1817 921 1871 964 ad
1900 921 1943 967 h.
1968 923 2001 965 l.

1163 999 1412 1046 evaluisse.
1484 998 1586 1043 MS.
1620 1000 1856 1060 Stuttgart.
1884 1021 2004 1048 eoa·-

1103 1057 1267 1100 luisse.

1164 1147 1215 1182 ut
1241 1154 1404 1182 omnes
1433 1143 1643 1194 primum
1674 1159 1707 1184 a
1736 1145 1914 1190 victore
1947 1151 2005 1192 ob

1104 1206 1307 1248 metum,
1368 1213 1487 1241 mox
1523 1216 1553 1242 a
1587 1216 1636 1243 se
1669 1203 1781 1254 ίμείε
1812 1205 2005 1250 invento

1105 1256 1301 1297 nomine
1328 1255 1565 1299 Germani
1587 1268 1878 1306 vocarentur.
1928 1264 2006 1308 Sic

1108 1313 1241 1357 codd.
1287 1312 1421 1356 MSS.
1470 1322 1512 1356 et
1563 1325 1732 1360 veteres
1783 1319 2004 1365 editiones

1108 1387 1292 1419 omnes,
1325 1371 1407 1413 nisi
1434 1372 1555 1429 quod
1577 1372 1625 1415 in
1648 1376 1878 1420 nonnullis
1902 1387 2006 1435 post

1106 1444 1224 1471 mox
1237 1428 1415 1471 additur
1428 1438 1471 1470 et
1487 1428 1675 1483 (Vaticc.
1690 1432 1811 1476 1518.
1825 1442 1865 1477 et
1877 1436 2005 1481 4498.

1107 1486 1284 1529 Arund.
1309 1485 1711 1544 Stuttg.Hummel.
1740 1491 1843 1536 edd.
1862 1493 2007 1541 Paris.

1105 1543 1317 1599 Vicum),
1347 1545 1393 1585 in
1417 1544 1514 1587 aliis
1541 1549 1684 1589 etiam
1705 1547 1824 1602 (Vat.
1846 1550 2007 1608 1862).

1106 1626 1164 1661 -f
1198 1602 1246 1643 ln
1274 1601 1379 1644 MS.
1405 1602 1631 1660 Bamberg
1681 1605 1904 1650 omittitur
1931 1625 2005 1652 vo-

1108 1657 1318 1702 cabulum
1347 1657 1603 1709 Germani,
1635 1662 1914 1720 adprobante
1936 1665 2006 1710 Li-

1107 1717 1231 1774 psio‚
1271 1715 1345 1773 qui
1380 1716 1532 1768 locum
1567 1719 1773 1778 explicuit
1804 1722 1851 1764 in
1884 1723 2008 1769 hune

1109 1774 1322 1816 modum:
1366 1805 1392 1825 „
1406 1773 1617 1826 Factum,
1643 1784 1691 1818 ut
1714 1794 1896 1832 omnes,
1930 1783 2006 1838 qui

1109 1830 1319 1873 Rhenum
1347 1830 1628 1884 accolerent,x
1653 1850 1821 1878 nomen
1845 1839 1898 1882 ab
1924 1838 2008 1883 ista

1109 1887 1296 1933 victrice
1322 1887 1502 1930 natione
1525 1889 1803 1943 invenirent,
1830 1896 1888 1938 ob
1915 1913 2009 1940 me-

1109 1955 1207 1990 tum
1250 1945 1433 1990 ,scilieet
1477 1956 1708 1992 recentem
1753 1951 2008 2005 Gallorum,

1112 2003 1187 2062 qui
1222 2004 1400 2061 quotics
1435 2003 1488 2046 de
1518 2010 1805 2064 transgressis
1836 2010 1906 2054 vel
1935 2014 2010 2056 ad·

1110 2069 1245 2104 ventu
1266 2061 1436 2103 Transr
1471 2077 1638 2106 enanae
1668 2065 1863 2111 nationis
1886 2069 2011 2113 audi-

1109 2127 1234 2170 rent,
1265 2119 1440 2161 aiebant
1463 2120 1622 2177 trepidi
1646 2123 1883 2169 adventare
1898 2127 2010 2171 Ger·

1110 2193 1294 2220 manos:
1326 2185 1368 2219 at
1392 2177 1461 2218 isti
1489 2181 1670 2236 proprie
1688 2179 1904 2227 Germani
1929 2202 2009 2229 no-

1109 2251 1219 2281 vum
1256 2249 1424 2278 nomen
1456 2233 1716 2280 invenirent
1755 2255 1779 2282 a
1811 2257 1858 2283 se
1890 2243 2011 2302 ipsis,

1111 2291 1450 2336 discriminandi
1498 2292 1716 2338 nimirum
1763 2314 1920 2354 causa,
1966 2310 2012 2344 et

1112 2350 1316 2396 dicerent
1355 2365 1400 2392 se
1432 2349 1660 2408 Tungros.
1675 2353 1702 2370 '⁹
1772 2354 2012 2415 Vulgatam

1113 2409 1382 2467 scripturam
1408 2407 1465 2450 ita
1492 2409 1674 2452 retineri
1700 2428 1830 2469 posse
1857 2431 2011 2460 cense-

1113 2467 1212 2516 bat,
1245 2473 1291 2507 ut
1318 2464 1516 2521 legatur:
1548 2482 1578 2508 a
1603 2482 1653 2510 re
1675 2470 1779 2523 ipsa
1807 2473 2012 2518 invento.

1115 2521 1352 2566 Cluverius
1377 2522 1668 2568 emendabat:
1699 2529 1909 2582 primum
1940 2534 2014 2574 vi-

1115 2589 1264 2624 ctores
1297 2596 1327 2622 a
1357 2580 1487 2621 victis
1521 2582 1576 2622 ob
1603 2592 1784 2627 metum
1807 2586 2013 2641 (Germa-

1116 2637 1213 2692 ni),
1253 2652 1371 2679 mox
1393 2653 1422 2679 a
1447 2652 1496 2679 se
1518 2639 1628 2694 ipsis
1649 2643 1836 2686 invento
1859 2637 2013 2689 nomi-

1358 2751 1372 2764 Υ
1894 2703 2012 2748 Har-

1331 2753 1496 2797 Gallos
1559 2761 1850 2814 expulerint,
1909 2764 2017 2806 hinc

1121 2811 1357 2855 Germani
1384 2813 1541 2855 vocati
1567 2817 1664 2856 sint
1701 2825 1790 2860 etc.
1870 2818 2018 2864 Tum:

1118 2883 1281 2910 omnes
1310 2868 1515 2922 primum
1539 2888 1569 2913 a
1593 2875 1719 2916 victis
1747 2878 1802 2916 ob
1823 2885 2016 2930 metum,

1118 2941 1236 2969 mox
1258 2941 1288 2966 a
1308 2940 1359 2967 re
1382 2925 1485 2981 ipsa
1507 2930 1603 2973 inv.
1623 2946 1671 2974 n.
1699 2932 1756 2974 G.
1782 2949 1822 2976 υ.
1883 2934 1919 2979 Ι.
1938 2936 2015 2980 Fr.

1120 2982 1409 3033 Gronovius:
1450 3002 1481 3027 a
1518 2990 1723 3040 victrice,
1758 2990 1900 3034 intell.
1938 3009 2015 3036 na·

1118 3042 1260 3085 tione.
1335 3041 1435 3084 dein
1487 3060 1593 3086 cum
1634 3048 1736 3090 cod.
1774 3047 2014 3111 Bamberg.

1118 3098 1238 3142 idem
1274 3099 1440 3142 omittit
1467 3101 1725 3147 Germani:
1766 3107 1904 3150 verba
1940 3110 2014 3151 in-

1119 3163 1256 3198 vento
1276 3159 1462 3200 nomine
1495 3159 1631 3203 refert
1665 3163 1717 3205 ad
1743 3163 2017 3218 Suevorum,

1122 3212 1393 3262 Castorum,
1459 3216 1835 3274 Sigambrorum‚
1893 3222 2002 3267 Che-

1120 3286 1360 3332 ruscorum
1386 3280 1471 3316 etc.
1500 3277 1699 3320 nomina.
1745 3278 2016 3325 Leibnitius:

1115 3330 1327 3383 primum
1351 3347 1381 3372 a
1404 3332 1537 3380 victo,
1599 3334 1862 3379 Dithmarus
1878 3353 1893 3379 :¹
1913 3340 2015 3392 pri-

1121 3402 1250 3429 mum
1282 3403 1314 3428 a
1339 3389 1488 3439 victis,
1535 3393 1657 3447 quod
1689 3392 1943 3438 Bredovius
1975 3406 2018 3441 et

1121 3442 1399 3487 Weikertus
1425 3446 1677 3492 ediderunt.
1738 3449 1861 3495 Frid.
1884 3451 2017 3498 Wil-

1122 3500 1228 3545 ken.
1278 3502 1323 3544 in
1362 3503 1526 3547 Annal.
1557 3506 1619 3549 lit.
1655 3506 1862 3550 lieidelb.
1906 3521 2015 3556 sect.

1123 3559 1278 3618 philol.
1319 3561 1443 3606 1808.
1489 3562 1610 3607 Part.
1637 3565 1672 3608 1.
1715 3581 1758 3623 p.
1795 3566 1866 3612 75.
1903 3585 2018 3613 mox

1115 2711 1174 2796 iw
1218 2694 1447 2751 (Tungri)
1498 2708 1802 2745 vocarentur.

1138 2769 1264 2796 aeus:
