2150 4022
526 224 528 226 ’
589 238 1120 312 DlAnoous.
1205 252 1506 320 CAP27.

1784 294 1795 318 x
1836 239 1975 318 247·

114 381 220 458 qui
255 393 377 437 non
411 380 668 436 illustres
708 380 772 436 in
803 381 952 437 urhe
985 381 1175 435 solum
1214 385 1371 456 apud
1405 380 1737 458 negotiosos
1775 396 1832 443 et
1867 406 1960 442 re-

112 468 225 538 bus
258 466 545 533 intentos,
613 466 713 521 sed
758 466 934 522 etiam
975 466 1133 541 apud
1177 465 1418 524 iuvenes
1455 481 1512 527 et
1549 471 1959 541 adolescentes,

111 656 217 698 bere
251 653 456 697 maluisse
491 656 538 697 in
568 655 701 706 albo,
740 664 789 697 ut
820 662 998 712 praeto-

110 728 212 754 rum
254 711 321 755 ius
353 719 483 767 atque
514 711 736 754 formulae
770 711 1000 769 intellige-

110 778 294 819 rentur,
326 767 615 811 Westonum
641 770 688 810 in
711 772 836 824 alto,
874 784 997 827 prae-

109 827 263 869 sertim
297 841 402 868 cuin
437 828 561 868 alius
597 836 638 868 et
673 830 798 869 altus
831 826 998 884 saepis-

109 884 220 926 sime
260 893 532 926 commutata
577 883 662 925 siut
705 884 759 926 ab
805 882 997 927 librariis

110 940 190 993 (cf.
217 940 408 996 interpr.
438 941 490 982 ad
520 939 677 996 Quint.
703 940 812 984 lnst.
839 958 906 983 or.
933 943 998 990 10,

111 999 268 1054 1,44.).
331 996 569 1039 pithoeum
595 998 794 1055 sequitur
813 998 997 1041 Ouden-

108 1056 268 1112 dorp.,
310 1053 389 1112 qui
418 1055 472 1097 nd
498 1056 677 1113 Apulei.
704 1055 892 1098 Edetam.
916 1053 996 1097 111.

107 1114 258 1169 p.227.
287 1113 541 1169 proposuit:
575 1115 695 1168 quod
713 1115 879 1155 scilicet
897 1125 994 1152 non

105 1175 152 1212 m
185 1172 292 1210 alvo
321 1171 487 1213 oritur.
523 1193 578 1201 —-
638 1169 837 1227 Lipsius:
872 1172 997 1225 quod

105 1227 277 1269 Scilicet
323 1241 416 1268 non
465 1228 513 1269 in
553 1229 675 1268 atrio
718 1227 887 1269 oritur.
933 1252 992 1262 —-

105 1283 333 1326 Scheiius:
365 1288 485 1339 ‹Juod
505 1299 604 1326 non
623 1286 672 1326 in
695 1286 811 1325 alios
833 1299 991 1338 conge-

103 1343 227 1382 ritur
251 1343 321 1385 vel
347 1342 602 1396 confertur.
624 1368 682 1376 —-
711 1341 903 1384 Seebod.
921 1341 991 1384 ed.

105 1398 239 1441 altera
257 1413 268 1440 ε
300 1403 424 1454 quod
443 1401 490 1440 si
507 1413 602 1440 non
625 1400 680 1440 in
691 1399 873 1452 ingenio
893 1399 992 1439 ori-

103 1462 207 1505 tur,
239 1471 372 1512 quam
396 1457 701 1499 coniecturam
727 1472 851 1499 suam
875 1455 990 1498 fece-

102 1521 209 1554 runt
247 1513 418 1560 ssloser.
467 1512 514 1555 in
549 1512 766 1555 Annalib.
805 1513 992 1556 Heidel-

103 1571 226 1627 berg.
269 1587 310 1613 a.
349 1570 472 1615 1831.
514 1586 560 1628 p.
596 1569 696 1613 303.
747 1572 810 1625 [et
851 1571 990 1612 Boet-

100 1626 283 1675 ticher„
329 1628 435 1672 coll.
471 1627 508 1670 is
545 1643 642 1685 cap.
672 1627 713 1670 8.
751 1631 815 1669 ad
848 1643 992 1683 quam

102 1699 247 1738 usque
256 1685 505 1741 fortunam
519 1685 728 1726 homines
742 1685 918 1740 ingenii
929 1685 989 1726 vi-

102 1743 231 1784 ribus
245 1743 556 1795 pervenerint,
579 1750 622 1783 et
637 1742 705 1796 iis,
731 1758 842 1801 quae
855 1757 989 1798 supra

100 1799 338 1855 leguntur:
381 1802 428 1842 in
449 1800 633 1852 ingenio
657 1830 669 1843 .
685 1830 696 1842 .
713 1829 726 1842 .
745 1831 754 1842 .
777 1813 986 1841 nascun-

100 1863 228 1910 tur.].
272 1881 328 1890 ——·
394 1856 617 1899 Orel'iius:
667 1861 793 1914 quod
825 1860 869 1900 si
895 1870 988 1898 non

99 1915 281 1957 indoles
321 1915 541 1966 largitur.
598 1937 656 1947 —
726 1913 988 1957 Ernestius:

100 1975 223 2025 quod
261 1975 306 2015 si
340 1985 439 2012 non
481 1972 528 2012 in
573 1971 670 2027 ipso
711 1971 880 2013 oritur.
931 1993 988 2002 —

97 2029 304 2085 Bipont.:
345 2031 466 2084 quod
493 2031 535 2070 si
562 2044 660 2071 non
689 2030 739 2072 in
767 2043 854 2071 suo
889 2029 986 2070 ori-

98 2094 189 2127 tur.
233 2114 292 2122 --
348 2087 636 2141 liutgersius:
675 2090 798 2142 quod
829 2087 881 2127 in
916 2100 985 2142 se,

98 2159 191 2186 non
215 2145 261 2186 in
284 2145 379 2187 alio
405 2143 581 2194 oritur,
611 2160 747 2202 quam
770 2143 985 2186 emenda-

98 2203 266 2244 tionem
289 2200 499 2251 Huetius,
530 2201 704 2244 Broter.
729 2209 771 2243 et
792 2201 986 2245 Naudet.

32 2284 35 2287 >
97 2269 362 2316 sequuntur.
398 2283 448 2292 —-
516 2259 716 2302 Addat:
748 2260 872 2314 quod
893 2273 987 2302 non

98 2319 146 2359 in
182 2318 354 2358 tubulis
387 2316 620 2358 cliribitur.
664 2338 721 2348 —
786 2315 988 2372 Lipsius:

98 2377 219 2429 quod
240 2388 336 2414 non
361 2375 525 2414 uenale
546 2373 754 2426 offertur.
814 2372 924 2414 Leve
947 2383 989 2417 et

98 2431 386 2474 temerarium
431 2439 518 2480 est,
573 2429 695 2486 quod
742 2427 988 2474 nonnullos

96 2488 251 2531 fecisse
295 2503 423 2544 aegre
469 2486 679 2537 ferimus,
728 2487 804 2544 qui
848 2487 989 2531 verba

100 2548 223 2602 quod
243 2546 288 2586 si
304 2559 397 2586 ηυη
421 2545 470 2586 in
496 2547 589 2586 alio
612 2546 761 2586 oritur
790 2551 866 2586 aut
895 2559 987 2586 un-

98 2604 160 2646 cit
181 2601 601 2653 circumdederunt,
632 2610 679 2644 ut
702 2599 896 2644 Seebod.
918 2602 988 2644 ed.

97 2675 194 2715 pn,
233 2667 308 2702 aut
335 2657 620 2712 deleverunt,
665 2666 714 2700 ut
733 2657 988 2702 Heumann.

96 2724 143 2759 et
175 2715 424 2760 Schutzius.
495 2715 716 2772 Equidem
757 2722 805 2756 ut
842 2713 985 2757 habeo

97 2772 502 2831 persuasissimum,
529 2789 684 2815 verum
705 2771 868 2816 vidisse
883 2772 986 2814 Mu·

98 2839 245 2874 retum
291 2830 338 2872 in
380 2830 531 2887 priore
574 2830 820 2873 sententiae
858 2838 984 2886 parte

100 2888 390 2945 corrigenda,
450 2887 509 2929 ita
587 2888 800 2929 osteriora
847 2888 984 2930 verba

100 2946 375 2987 conclamata
399 2952 441 2986 et
465 2904 698 3002 depi'orata
722 2951 769 2986 ut
793 2943 846 2987 ab
871 2959 986 2987 aeu-

98 3001 289 3049 tioribus
311 3000 582 3044 reducantur
600 3001 647 3044 in
670 3000 804 3044 vitam
829 3008 985 3059 optan-

101 3059 208 3101 dum
236 3066 301 3100 est
324 3073 611 3115 magnopere.

156 3130 239 3158 nec
258 3115 470 3157 codicillis
488 3120 646 3158 datur.
696 3114 834 3158 MSS.
848 3112 985 3157 Farn.

98 3174 238 3231 Neap.
260 3180 302 3214 et
317 3170 436 3215 Vatt.
457 3172 558 3214 edd.
576 3171 693 3214 Pitb.
712 3172 876 3216 Heum.
903 3173 980 3226 [ἲ]

99 3231 275 3273 Broter.
301 3228 475 3270 Ernest.
501 3245 596 3286 sqq.
626 3245 798 3272 omnes.
856 3229 983 3271 Prio-

99 3303 169 3330 res
201 3283 302 3329 edd.
332 3285 502 3328 addunt
531 3287 580 3327 in
612 3295 715 3329 ante
747 3286 980 3340 codicillis,

100 3343 222 3401 quod
256 3343 387 3386 codd.
423 3342 685 3386 auctoritate
717 3359 836 3385 ηιιιιο
868 3343 982 3385 bene

100 3401 292 3443 deletum
337 3415 428 3442 esse
473 3401 605 3442 docet
639 3399 792 3453 Agric.
834 3415 873 3443 c.
908 3401 978 3443 40.

100 3456 356 3511 codicillos,
400 3457 560 3510 quibus
594 3458 639 3500 ci
661 3456 797 3511 Syria
830 3459 979 3500 daba-

100 3520 194 3560 tur.
251 3513 373 3555 Suet.
409 3513 548 3572 Calig.
585 3516 718 3558 018.
751 3514 983 3556 codicillos

103 3570 229 3615 misit
242 3602 256 3627 ,
290 3571 450 3627 quibus
464 3580 738 3627 praetorem
759 3586 867 3614 curn
891 3586 978 3614 ex-

1069 661 1150 696 tra
1178 655 1397 697 ordinem
1427 658 1717 709 designabat.
1783 649 1982 700 Intelli-x

1068 710 1211 768 genda
1246 721 1349 754 sunt
1382 712 1571 771 scripta,
1622 713 1785 770 quibus
1825 715 1951 770 prin-

1067 783 1171 824 ceps
1209 769 1413 812 officium
1445 786 1499 813 ae
1527 786 1689 813 munus
1724 770 1955 826 publicum

1066 824 1200 868 alicui
1239 826 1390 869 tradit.
1443 854 1500 863 --
1570 826 1805 871 Acidalius
1848 843 1951 870 cum

1067 883 1446 982 fra-epositionem
1502 892 1603 927 ante
1657 886 1816 938 gratia
1875 885 1951 928 de-

1087 946 1187 982 evit.

1128 995 1256 1053 Quid
1279 997 1424 1050 fama
1451 1005 1495 1039 el
1520 1001 1627 1040 laus
1658 999 1784 1041 cuius
1809 998 1947 1040 ortis.

1066 1053 1141 1097 Sic
1157 1052 1286 1097 MSS.
1299 1054 1435 1112 Neap.
1454 1055 1655 1110 [Fames.
1670 1063 1780 1098 teste
1794 1055 1949 1110 Bekk]

1066 1110 1168 1152 edd.
1183 1110 1299 1168 Spir.
1325 1111 1428 1155 Put.
1453 1112 1555 1156 Riv.
1574 1112 1673 1154 Ber.
1693 1114 1791 1155 Ate.
1811 1113 1953 1155 Rhen.
1990 1109 1992 1114 ’

1065 1167 1197 1218 ΑΜ.,
1238 1169 1318 1211 nisi
1352 1169 1473 1225 quod
1503 1168 1607 1211 inde
1635 1185 1658 1211 a
1685 1168 1952 1212 Beroaldina

1062 1224 1106 1267 iu
1138 1225 1346 1269 omnibus
1373 1226 1496 1268 libris
1524 1226 1751 1283 vulgatum
1777 1234 1841 1269 est
1868 1240 1952 1266 cu-

1062 1283 1206 1324 ius-ms
1229 1315 1241 1333 ,
1320 1283 1443 1341 quod
1498 1284 1634 1327 codd.
1688 1284 1951 1326 auctoritate

1063 1347 1105 1381 et
1138 1339 1239 1382 edd.
1272 1341 1407 1383 trium
1442 1349 1546 1383 vett.
1581 1340 1849 1384 testimoniis
1881 1356 1949 1383 ca·
1987 1388 1991 1397 ι

1061 1405 1146 1439 ret.
1210 1396 1337 1440 lllam
1364 1397 1642 1455 scripturamv
1667 1406 1788 1442 recte
1825 1397 1947 1440 resti·

1061 1463 1246 1496 tuerunt
1291 1471 1434 1512 nuper
1463 1454 1636 1505 Dronk.
1682 1464 1725 1498 et
1759 1454 1948 1503 Osann..

1063 1512 1139 1552 sed
1165 1510 1194 1552 ii
1219 1527 1267 1553 ex
1290 1521 1526 1570 praecepto
1550 1511 1652 1555 satis
1675 1511 1842 1569 vulgari
1867 1512 1946 1566 (ef.

1062 1568 1276 1612 Matthiae
1290 1569 1343 1610 ad
1357 1568 1452 1611 Cic.
1469 1586 1534 1612 or.
1548 1585 1630 1626 pro
1645 1570 1781 1613 Rose.
1794 1570 1946 1611 Anuer.

1064 1641 1104 1668 c.
1143 1625 1213 1678 33,
1250 1626 1339 1680 92.)
1385 1625 1736 1683 distinguebant:
1794 1626 1952 1684 Quid?

1048 1683 1197 1739 sctma
1225 1690 1269 1725 et
1299 1686 1401 1724 laus
1423 1686 1550 1725 cuius
1573 1686 1713 1730 artis,
1745 1700 1831 1740 qua
1853 1684 1949 1740 qui-

1061 1740 1161 1782 dem
1214 1738 1502 1783 distinetione
1558 1755 1653 1783 non
1705 1757 1820 1799 opus
1869 1749 1948 1791 est,

1063 1799 1227 1856 [neque
1248 1806 1466 1855 sequutus
1488 1806 1552 1841 est
1573 1813 1650 1841 eos
1674 1799 1708 1840 1.
1724 1797 1949 1852 Bekker.].
1994 1802 1996 1804 ’

1059 1856 1131 1897 Ab
1156 1856 1303 1913 Lipsio
1338 1862 1379 1897 et
1403 1855 1591 1897 Pithoeo
1628 1857 1846 1912 scriptum
1883 1864 1947 1897 est

1063 1927 1182 1967 quae
1203 1912 1346 1968 sama
1379 1921 1424 1954 cc
1457 1914 1563 1955 laus
1589 1914 1789 1955 cuiusuis
1809 1914 1947 1963 artis,

1062 1971 1183 2025 quod
1224 1970 1277 2012 ab
1312 1985 1412 2025 sqq.
1447 1969 1501 2012 ad
1537 1970 1842 2013 recentissima
1877 1985 1947 2012 us·
1996 1999 1999 2003 -

1062 2042 1147 2083 que
1173 2034 1375 2084 tempora
1399 2036 1688 2084 propagatum
1713 2037 1791 2070 est.
1850 2028 1947 2070 Ma-

1059 2082 1186 2126 luere
1207 2092 1354 2126 tamen
1373 2085 1583 2127 nonnulli
1601 2086 1850 2143 corrigere,
1870 2083 1949 2126 ubi

1059 2140 1251 2184 nihilest
1265 2141 1548 2184 mendosum.
1589 2141 1732 2185 Sicab
1745 2141 1949 2185 Acidalio

1059 2198 1392 2241 desiderabatur
1437 2197 1663 2242 transitiva
1716 2198 1947 2261 particula,

1059 2271 1198 2313 quare
1234 2256 1332 2296 ium
1368 2271 1488 2311 quac
1515 2255 1667 2311 sama
1698 2256 1949 2305 sc1·ibel›at;

1060 2312 1397 2361 Schurzsseisch.
1453 2313 1746 2356 conficiebat:
1805 2315 1952 2370 quid?

1045 2371 1196 2427 fama
1218 2385 1282 2411 an
1305 2373 1409 2411 laus
1433 2372 1628 2413 cuiusvis
1644 2372 1793 2425 ortis,
1826 2385 1948 2426 prae·

1059 2428 1230 2469 ferebat
1271 2434 1420 2469 tamen
1467 2436 1514 2469 et
1557 2442 1677 2484 qnae
1707 2427 1858 2484 sarim
1901 2435 1947 2469 el

1058 2487 1166 2526 laus
1185 2484 1310 2526 aazias
1333 2486 1473 2539 artis,
1517 2485 1637 2541 quod
1662 2492 1705 2526 ec
1729 2484 1948 2540 particula

1059 2542 1202 2584 deleta
1228 2541 1274 2582 in
1296 2549 1416 2583 textu
1439 2542 1585 2599 posuit
1608 2541 1806 2587 Opellius
1843 2541 1948 2597 [ad-

1057 2597 1277 2641 sentiente
1332 2597 1660 2654 Boettieher0].
1752 2598 1945 2641 Seebod.

1059 2655 1253 2711 denique
1309 2655 1500 2698 malebat
1553 2654 1602 2698 in
1657 2655 1728 2699 ed.
1779 2655 1946 2702 altera:

1057 2715 1203 2768 quid?
1230 2727 1349 2767 quae
1361 2712 1510 2767 sama
1530 2723 1615 2757 etc.

1113 2770 1194 2825 qui
1214 2783 1312 2809 non
1337 2770 1543 2812 illustres
1565 2771 1615 2812 in
1644 2773 1756 2814 urbe
1785 2774 1943 2814 solum

1057 2834 1142 2868 etc.
1202 2826 1366 2882 Magna
1397 2835 1461 2868 est
1489 2827 1719 2871 diversitas
1744 2829 1940 2887 scriptu-

1055 2899 1131 2926 rae
1151 2883 1197 2925 in
1219 2882 1351 2926 codd.
1374 2891 1416 2925 et
1436 2884 1536 2927 edd.
1561 2885 1722 2943 antiq.;
1753 2887 1834 2941 qui
1850 2902 1944 2929 mm

1055 2941 1262 2983 illustres
1283 2948 1326 2981 et
1349 2941 1397 2981 in
1424 2943 1534 2984 urbe
1552 2957 1646 2985 mm
1665 2947 1820 2985 solum
1840 2944 1940 2986 MS.

1055 2997 1196 3055 Neap.
1234 3019 1293 3028 —
1336 2999 1434 3057 [qui
1459 3014 1557 3046 non
1586 3001 1786 3043 illustres
1820 3008 1865 3043 et
1892 3002 1943 3042 in

1057 3057 1168 3097 urbe
1193 3057 1419 3104 nosdum,
1459 3057 1794 3100 obscurioribus
1818 3058 1944 3101 litte-

1056 3113 1119 3154 ris
1139 3128 1218 3154 um
1240 3112 1340 3156 MS.
1356 3113 1490 3156 Farn.
1515 3122 1625 3156 teste
1648 3114 1851 3171 Bekkenj
1884 3138 1941 3148 —

1055 3169 1135 3225 qui
1152 3185 1247 3211 non
1265 3172 1467 3213 illustres
1487 3179 1532 3214 el
1552 3185 1650 3212 non
1673 3173 1721 3212 in
1740 3174 1852 3213 urbe
1869 3187 1941 3214 so·

1054 3230 1152 3268 lum
1190 3224 1321 3270 MSS.
1349 3226 1466 3270 Vatt.
1496 3229 1617 3272 1862.
1653 3237 1698 3270 et
1725 3229 1853 3270 4498.
1885 3253 1942 3262 —

1053 3299 1148 3325 non
1190 3285 1398 3326 illu-seres
1439 3293 1483 3327 ει
1520 3301 1613 3327 non
1648 3288 1803 3326 solum
1835 3287 1939 3330 MS.

1055 3341 1156 3383 vat.
1181 3342 1308 3384 1518.
1341 3364 1394 3374 —
1435 3345 1515 3398 qui
1539 3356 1633 3383 non
1664 3343 1863 3385 illustris
1877 3352 1942 3386 “et

1055 3398 1104 3439 in
1161 3401 1271 3441 urbe
1327 3400 1482 3442 solum
1541 3399 1808 3452 negociusos
1854 3402 1937 3444 ed.

1052 3454 1176 3511 Spir.
1207 3478 1265 3487 —
1299 3457 1378 3511 qai
1397 3471 1489 3498 mm
1515 3459 1718 3498 illustres
1745 3457 1794 3498 in
1826 3460 1945 3500 urbe

1052 3515 1206 3555 solum
1238 3514 1408 3570 primus
1443 3513 1564 3556 dedit
1594 3513 1867 3557 Puteolanus
1899 3523 1943 3559 et

1053 3570 1118 3615 sic
1143 3577 1245 3629 post
1265 3572 1373 3616 eu'm‘
1404 3585 1577 3616 omnes.
1620 3568 1721 3614 'Cui
1752 3570 1942 3631 scriptu-
