2150 4022
391 285 658 347 ¹IULII
703 282 1031 346 AGRIC.

1075 284 1312 346 VITA
1365 284 1480 350 CA
1494 287 1560 351 P.
1598 290 1696 350 10.
1856 287 1978 350 133

130 438 308 496 quam
332 413 612 475 hacteuus
638 414 738 470 nix
765 427 822 473 et
852 410 1042 470 hiems
1072 415 1350 486 abdebat,
1404 419 1503 474 sed
1548 438 1708 474 mare
1743 416 1978 492 pigrum

130 516 190 560 et
228 496 406 576 grave:
435 501 858 573 remigantibus
894 496 1210 574 perhibent
1239 521 1322 556 -ne
1357 503 1547 560 ventis
1573 503 1810 580 quidem
1841 499 1976 577 per-

130 589 268 644 inde
316 587 534 642 attolli:
599 586 804 653 cred0,
874 585 1035 660 quod
1079 585 1332 641 rariores
1379 598 1567 644 terrae
1612 599 1974 663 montesque,

128 691 297 729 causa
323 692 386 727 ac
411 670 656 727 materia
684 681 1122 744 tempestatum,
1179 681 1233 725 et
1259 671 1552 744 profunda
1576 674 1758 728 moles
1785 673 1975 728 conti-

127 757 232 814 nui
273 757 451 811 maris
486 755 717 823 ‘tardius
760 755 1101 828 impellitur.

1198 753 1483 811 Naturam
1528 754 1755 813 Oceani
1799 769 1972 833 atque

124 853 314 898 aestus
354 860 544 916 neque
582 859 860 915 quaerere
898 835 1074 895 huius
1106 840 1299 914 operis
1334 852 1444 909 est,
1498 861 1563 896 ae
1587 842 1761 898 multi
1787 853 1971 899 rettu-

123 927 261 987 lere.

123 1144 237 1187 bunt
262 1140 428 1198 Θούλη.
489 1142 603 1185 Edd.
631 1149 730 1185 ante
753 1139 1008 1184 Ernesti-nm

125 1217 227 1243 cum
261 1200 518 1246 Msvatie.
545 1198 672 1242 3429.
699 1198 866 1254 Thym
905 1198 1007 1241 MS.

125 1259 269 1302 Vatie.
309 1258 436 1309 4498.
478 1258 607 1313 Tyle.
684 1255 827 1298 Simili
869 1255 1007 1297 modo

122 1324 294 1359 veteres
319 1317 425 1358 libri
458 1315 625 1358 variant
655 1313 771 1355 inter
794 1312 932 1355 Sulla
965 1321 1007 1355 et

119 1373 280 1428 Sylla,
319 1373 457 1416 Suria
483 1379 525 1414 et
551 1371 716 1427 Syria,
760 1370 935 1426 Sibylla
963 1378 1008 1413 et

120 1430 304 1472 Sibulla
333 1429 518 1487 aliaque.

178 1502 322 1542 quam
368 1489 592 1528 hactenus
636 1486 724 1527 m‘x
766 1491 812 1526 et
856 1485 1007 1526 hiems

120 1546 332 1587 abdebat.
420 1544 495 1586 Sir.
553 1542 654 1585 edd.
709 1541 851 1584 Rhen.
898 1541 1004 1587 Ald.

121 1617 219 1659 sqq.
242 1610 283 1644 et
304 1617 447 1659 nuper
466 1599 649 1643 Bekker.
671 1607 713 1641 et
729 1597 924 1641 Walch.
950 1623 1003 1629 —

119 1661 367 1713 oppetebat
408 1657 542 1700 MSS.
589 1655 763 1698 Vatiec.
814 1665 857 1697 et
902 1655 1003 1698 edd.

120 1724 223 1758 ante
246 1715 538 1762 Rhenanum,
581 1714 703 1771 quod
738 1722 1006 1755 revocarunt

122 1771 352 1830 Bipontini
384 1780 427 1813 et
456 1770 728 1820 Oberlinus,
768 1778 864 1812 toto
900 1769 1003 1812 loeo

119 1829 166 1872 in
197 1830 319 1872 hunc
352 1828 536 1871 modum
566 1836 761 1870 mutatoz
800 1828 1005 1880 dispecta

120 1894 187 1928 est
210 1893 254 1928 et
275 1886 422 1928 Thule
443 1889 813 1941 quadamtenus:
854 1885 941 1925 m'x
958 1892 1003 1924 ec

122 1943 275 1986 hiems
295 1944 569 1995 ‹tapeta-bau
597 1944 679 1983 sed
704 1949 785 1984 etc.
849 1940 1002 1982 Dron-

119 1999 216 2042 kius
248 1999 407 2043 edidit:
447 2015 591 2055 quam
622 2000 872 2048 hactenus;
914 1999 1003 2039 nix

116 2066 161 2099 et
192 2059 340 2100 hiems
374 2058 624 2110 appetebat
633 2075 649 2106 ;
685 2059 769 2098 sed
798 2065 910 2103 etc.,
951 2062 1001 2096 ut

116 2123 218 2157 ante
269 2130 413 2170 quam
463 2113 682 2170 intelligas
733 2112 999 2170 comparati—

117 2187 236 2214 vum.
317 2171 438 2213 Vidit
477 2169 661 2226 Selling.
702 2170 747 2211 in
782 2169 1000 2213 Observv.

114 2243 162 2286 p.
196 2229 266 2273 12.
295 2227 488 2272 Dronkii
534 2227 755 2270 rationem
796 2227 850 2269 ab
888 2226 929 2271 h.
969 2227 998 2269 l.

151 2303 300 2329 rorsus
341 2301 434 2328 esse
474 2284 679 2328 alienam.
717 2288 720 2290 ’
761 2283 860 2342 Ipse
897 2279 998 2326 Sel-

113 2301 277 2399 iingius
300 2352 428 2400 urget
448 2357 600 2385 vocem
622 2344 862 2392 hactenus-3
884 2350 931 2383 ut
946 2342 1000 2383 sit

114 2402 270 2449 „nihil
289 2401 417 2440 aliud
437 2398 630 2454 quam.'’
678 2398 765 2440 Sed
788 2398 872 2440 tale
892 2399 997 2454 quid

115 2457 339 2500 vocabulo
359 2459 581 2499 hactenus
596 2471 687 2497 non
707 2455 847 2506 inest;
867 2455 998 2511 signi·

113 2514 217 2557 {icat
247 2529 392 2570 usque
421 2516 485 2555 ad
517 2516 565 2554 id
599 2519 782 2566 tempus
804 2514 885 2565 (bis
905 2515 994 2553 da-

112 2574 210 2625 hin)
232 2605 244 2623 ,
314 2586 448 2629 quam
501 2568 874 2628 significationem
932 2567 998 2609 vir

113 2629 394 2672 doctissimus
434 2643 526 2670 non
568 2625 671 2668 satis
703 2635 824 2668 recte
858 2641 994 2668 voca-

112 2685 220 2728 bulo
257 2687 456 2742 denegat.
519 2684 576 2727 cf.
604 2692 698 2726 not.
732 2683 785 2724 ad
809 2681 909 2725 An„
929 2682 997 2733 13,

111 2745 182 2786 41.
241 2743 303 2786 At
323 2742 359 2784 si
384 2742 430 2783 in
456 2743 680 2783 hactenus
704 2748 842 2788 esset,
873 2740 994 2797 quod

111 2801 210 2845 vult
256 2799 517 2856 Selliugffls,
574 2797 787 2841 sententia
842 2804 993 2838 tamen

113 2873 207 2900 non
258 2857 482 2915 prodiret:
542 2869 633 2897 nur
669 2854 846 2896 Selmee
900 2857 995 2896 und

117 2915 335 2966 Winter;
359 2913 501 2955 immo
523 2913 632 2955 hoe:
657 2919 822 2955 tantam
844 2910 992 2954 nivem

112 2981 155 3014 et
175 2971 364 3014 hiemem
387 2971 495 3012 nihil
519 2969 638 3013 aliud
662 2969 835 3020 fecisse,
856 2983 990 3026 quam

111 3029 232 3086 quod
255 3027 517 3085 appetierint
535 3025 738 3069 Thulen:
780 3025 901 3082 quod
927 3034 993 3067 est

112 3094 388 3128 contortum.
466 3087 697 3136 Adpetere
743 3091 992 3141 exponunt:

112 3141 434 3200 possessionem
481 3141 666 3183 alicuius
707 3141 768 3183 rei
815 3156 994 3198 cupere,

144 3199 361 3246 ossidere‚
392 3201 465 3241 als
484 3198 757 3251 Eigenthum
777 3199 883 3239 inne
906 3200 988 3239 ha-

110 3216 213 3301 gen.
280 3255 538 3300 Provocant
575 3255 629 3297 ad
668 3255 792 3297 locos
834 3253 989 3297 Germ.

112 3328 154 3356 c.
176 3315 245 3356 22.
268 3315 395 3367 apud
419 3326 532 3367 quos
548 3313 809 3366 plurimum
841 3314 989 3354 hiems

111 3378 300 3425 occupat
326 3379 367 3413 et
391 3370 480 3412 An.
506 3370 573 3420 12,
597 3369 665 3410 12.
700 3369 810 3424 quia
839 3371 988 3411 hiems

112 3430 376 3480 occupabat.
445 3426 533 3469 Sed
580 3425 700 3469 hisee
744 3426 899 3468 studiis
944 3426 990 3468 id

112 3489 282 3526 tantum
303 3482 528 3532 efficiunt,
558 3489 607 3525 ut
628 3482 902 3549 intelligatur
921 3496 990 3524 ve-

113 3545 251 3583 terem
283 3539 401 3582 illam
443 3539 710 3607 scripturam
744 3540 905 3583 diserta
949 3547 993 3580 et

112 3595 342 3654 perspicua
364 3605 578 3641 sententia
608 3597 776 3642 carere.
836 3594 992 3651 Quare

347 946 535 984 unum
560 924 915 981 addiderim:
955 943 1245 1000 nusquam
1271 925 1447 982 latius
1474 926 1772 983 dominari
1793 947 1971 996 mare,

1081 1141 1262 1186 interim
1286 1141 1457 1186 retineo
1473 1142 1676 1186 Rhenani
1699 1143 1968 1191 emendatio-

1083 1215 1212 1253 nem,
1265 1200 1373 1243 dum
1405 1199 1505 1258 plus
1537 1201 1648 1243 lucis
1682 1201 1819 1243 veteri
1855 1201 1966 1243 scri-

1079 1264 1236 1316 pturae
1273 1257 1517 1301 adferatur.
1588 1258 1638 1300 ln
1677 1257 1967 1315 sequentibus

1081 1313 1305 1357 diversam
1357 1314 1461 1358 libri
1510 1323 1760 1373 sequuntur
1807 1314 1966 1357 distin-

1077 1372 1245 1426 guendi
1287 1371 1528 1415 rationem.
1607 1372 1700 1416 Alii
1744 1379 1962 1430 punctum

1076 1429 1226 1470 ferunt
1264 1438 1364 1488 post
1390 1430 1639 1483 perhibent
1672 1429 1837 1484 (Rhen.
1865 1444 1965 1495 sqq.

1076 1494 1120 1528 et
1134 1502 1278 1543 nuper
1290 1487 1549 1538 Seebodius,
1561 1486 1755 1530 Walch.
1771 1486 1851 1538 al.)
1867 1503 1876 1527 ε
1891 1486 1964 1528 alii

1076 1543 1341 1586 incisionem
1376 1543 1538 1586 habent
1573 1551 1674 1587 ante
1705 1545 1961 1597 perhibent.

1075 1599 1259 1643 Rectius
1282 1609 1429 1644 totum
1450 1600 1604 1645 locum
1629 1617 1734 1645 cum
1753 1600 1963 1643 B‹·kkero

1078 1657 1412 1715 cuniungimus.

1133 1741 1267 1769 mare
1319 1727 1509 1780 pigrum
1560 1734 1607 1770 et
1657 1740 1821 1780 grave.
1905 1725 1966 1769 cf.

1075 1783 1235 1826 Germ.
1263 1800 1303 1827 c.
1324 1783 1395 1826 45.
1431 1791 1567 1827 trans
1595 1783 1802 1827 Suionas
1832 1784 1964 1826 aliud

1075 1856 1234 1892 mure,
1282 1842 1474 1893 pigrum
1516 1857 1570 1884 oc
1607 1856 1754 1896 prope
1791 1841 1961 1883 immo-

1075 1907 1192 1954 tum.
1249 1898 1320 1940 De
1353 1898 1506 1940 eadem
1543 1914 1591 1940 re
1629 1899 1887 1941 testimonia
1920 1904 1963 1942 et

1073 1956 1188 2011 apud
1216 1954 1327 1998 alios
1351 1956 1594 2012 scriptores
1629 1965 1672 1998 et
1703 1953 1799 1998 aliis
1832 1972 1854 1997 e
1885 1971 1961 1997 re-

1072 2013 1285 2068 gionibus
1300 2021 1553 2070 supersunt.
1606 2013 1736 2069 Quae
1759 2013 1848 2054 sint
1867 2012 1962 2054 eius

1070 2071 1133 2113 rei
1159 2085 1316 2112 causae
1342 2071 1594 2121 naturales,
1635 2086 1729 2111 non
1762 2085 1959 2113 consen-

1070 2128 1187 2170 tium
1211 2127 1299 2171 viri
1324 2128 1466 2171 docti.

1126 2198 1479 2252 remigantibus.
1572 2198 1649 2242 Sic
1705 2198 1806 2240 edd.
1860 2198 1959 2243 Alc.

1067 2254 1448 2314 Rhen.Ald..sqq.
1479 2284 1536 2292 —-
1595 2258 1960 2308 renn'grnnct'bus

1069 2312 1170 2355 edd’.
1210 2312 1315 2357 Put.
1347 2330 1416 2371 pr.
1451 2313 1519 2356 M.
1555 2323 1598 2357 et
1630 2313 1692 2357 V.
1721 2313 1824 2358 Riv.
1865 2313 1979 2355 Be-‘

1068 2371 1212 2413 roald.

1124 2444 1330 2496 perinde.
1388 2440 1465 2485 Sic
1499 2441 1606 2484 edd.
1634 2442 1810 2485 Era-est.
1836 2443 1953 2485 Bro-

1068 2507 1151 2543 ter.
1173 2499 1332 2542 Oberl.
1355 2497 1543 2541 Bekker.
1569 2500 1624 2541 al.
1656 2525 1715 2534 -
1758 2501 1955 2554 proinde

1068 2565 1176 2600 vett.
1215 2555 1317 2598 edd.
1361 2571 1520 2598 omues
1563 2564 1605 2598 et
1647 2557 1957 2600 recentiorum
2016 2555 2024 2569 ³

1067 2614 1326 2670 pleraeque,
1389 2611 1448 2655 cs.
1481 2620 1577 2655 not.
1613 2614 1674 2656 ad·
1698 2615 1794 2657 An-
1814 2613 1856 2662 3,
1884 2614 1953 2658 17.

1068 2671 1309 2728 Sequimur
1347 2669 1393 2711 in
1431 2669 1514 2713 hae
1547 2686 1598 2712 re
1631 2687 1760 2714 usum
1792 2670 1950 2715 Taeito

1067 2734 1365 2771 constantem.
1433 2727 1491 2769 cf.
1531 2727 1619 2770 An.
1659 2729 1726 2779 14,
1757 2730 1831 2772 21.
1885 2731 1952 2779 15,

1065 2785 1137 2828 27.
1170 2783 1241 2827 43.
1275 2783 1341 2834 16,
1375 2782 1448 2826 29.
1484 2793 1527 2827 et
1561 2785 1682 2828 alibi..
1741 2786 1952 2829 Alterum

1066 2839 1412 2899 comparationis
1465 2837 1719 2884 membrum
1741 2876 1755 2894 ,
1826 2843 1948 2900 quod

1066 2900 1251 2941 debebat
1272 2897 1396 2954 sequi
1423 2907 1522 2955 post
1538 2901 1759 2953 perinde,
1790 2908 1838 2942 ut
1868 2908 1948 2943 at-

1065 2971 1152 3012 que
1190 2956 1308 2996 alibi
1348 2954 1414 2997 'vel
1453 2954 1599 2998 simile
1639 2957 1774 3014 quid,
1819 2974 1947 3000 more

1065 3030 1146 3059 suo
1173 3012 1366 3068 scriptor
1387 3011 1569 3056 omittit.

1122 3097 1261 3126 causa
1288 3098 1342 3123 oc
1367 3085 1568 3126 materia
1596 3094 1944 3141 tempestatium.

1063 3142 1185 3184 Haec
1210 3140 1254 3181 in
1279 3139 1381 3184 MS.
1398 3138 1540 3185 Vatia.
1565 3141 1690 3185 3429.
1716 3151 1818 3185 sunt
1842 3160 1943 3186 cum

1060 3196 1332 3257 parenthesi,
1365 3212 1495 3254 quam
1521 3198 1746 3243 Beckerus-
1763 3216 1945 3258 quoque

1061 3254 1235 3300 admisit
1274 3254 1326 3296 in
1361 3255 1580 3299 editione..
1639 3257 1727 3299 Sed
1768 3275 1814 3299 ea
1851 3257 1944 3315 lege

1060 3311 1200 3354 multa
1253 3321 1385 3355 erunt
1437 3312 1687 3369 parenthesi
1743 3315 1944 3356 circum-

1060 3368 1201 3410 danda
1225 3398 1238 3417 ,
1303 3369 1451 3411 omnia
1504 3367 1674 3412 seilicet
1726 3372 1942 3420 membra,

1062 3441 1174 3490 quae
1213 3433 1316 3467 sunt
1348 3426 1391 3467 in
1427 3426 1718 3483 adpositione.
1787 3428 1941 3469 lle-rte-

1063 3483 1148 3525 lius
1170 3481 1348 3525 maluit:
1389 3486 1512 3538 quod
1543 3486 1751 3527 rariores
1782 3494 1941 3527 terrac

1063 3546 1333 3593 montesque
1357 3555 1502 3584 causa
1523 3542 1809 3585 affimant-‘ia
1827 3551 1943 3586 tem-

1059 3602 1318 3651 pestutum..
