2150 4022
212 234 338 299 564

724 220 853 293 DE
901 227 1602 300 namnum-us}
1638 208 1683 240 ²

215 364 319 423 sed
370 359 731 419 auditorium
779 379 1010 436 semper
1055 369 1317 431 novum,
1372 371 1604 438 semper
1624 362 2063 437 »pienumfffi

215 448 438 507 invidis
474 456 531 503 et
559 445 928 515 faventibus,
982 457 1050 503 ut
1081 465 1190 510 nee
1223 446 1376 503 hene
1421 467 1528 505 nee
1563 449 1717 505 male
1749 437 2064 509 dietaiain,

215 533 654 593 simularentur.
724 529 902 587 Scitis
927 531 1082 586 enim
1097 575 1112 599 ‚
1155 542 1428 603 magnam
1454 533 1619 589 illam
1642 545 1699 590 et
1721 534 2064 596 duraturam

217 616 588 694 eloquentiae
619 617 834 672 famam
871 635 996 670 non
1030 615 1224 671 minus
1261 615 1325 670 in
1361 616 1608 674 diversis
1636 616 2066 693 subselliispas-

215 703 337 760 rari
375 722 552 778 quam
592 700 742 757 suis:
808 700 949 756 inde
992 699 1138 776 quin
1183 699 1365 757 immo
1408 703 1768 760 constantius
1808 722 2065 776 surgere,

216 788 304 851 ibi
351 787 584 852 fidelius
634 784 1037 843 conroborari.

1135 796 1309 861 atque
1363 781 1559 843 hercle
1611 789 1726 846 sub·
1767 787 2065 850 eiusmodi

214 871 692 950 praeceptoribus
715 870 947 928 iuvenis
971 870 1100 940 ille,
1140 871 1216 926 de
1246 891 1363 948 quo
1387 871 2064 947 loquimursoratorum

212 1095 352 1142 MSS.
379 1097 517 1140 Farn.
546 1094 686 1152 Neap.
720 1092 893 1137 Vaticc.
927 1100 969 1136 et
1004 1091 1107 1141 edd.

214 1171 370 1201 omnes
394 1153 598 1210 antiquae
622 1153 667 1194 in
696 1155 885 1195 sudibus
907 1167 1094 1196 eonsen-

212 1215 333 1261 tiunt
347 1214 553 1270 idemque
566 1211 697 1253 habet
708 1210 933 1260 Pithoeus,
954 1208 1105 1251 defen·

215 1271 372 1328 ditque
419 1285 515 1312 eam
567 1268 832 1324 scripturam
878 1265 1101 1310 Seliurzfl.

214 1328 328 1372 locis
354 1325 580 1384 Propertii
613 1333 655 1367 et
679 1323 876 1375 Tibulli,
917 1322 971 1366 de
998 1323 1094 1379 qui-

213 1387 300 1430 hus
335 1401 426 1430 non
459 1390 655 1433 constat,
694 1391 737 1424 et
768 1381 960 1424 restitnit
996 1383 1100 1424 See-

211 1443 322 1488 hod.
347 1442 417 1486 ed.
442 1440 595 1485 altera.
653 1440 806 1497 Nuper
828 1438 921 1481 eius
947 1436 1102 1495 patro-

211 1517 300 1546 nus
340 1499 500 1543 exstitit
534 1496 825 1539 Doederlein.
858 1497 954 1539 Lat.
991 1496 1100 1553 Syn.

212 1568 258 1604 et
280 1558 430 1616 Etym.
456 1553 561 1598 Vol.
592 1555 665 1598 lll.
699 1571 740 1612 p.
766 1554 866 1597 266.
885 1585 910 1611 ,ἱ
939 1553 1014 1609 qui
1049 1554 1102 1596 ad

212 1616 307 1660 Liv.
335 1612 598 1674 provocavit
619 1621 660 1654 et
685 1612 955 1657 luvenalem.
1016 1610 1102 1652 Sed

211 1673 322 1719 Livii
346 1672 434 1716 loci
461 1671 578 1715 libro
598 1668 686 1722 40„
709 1686 817 1720 non,
841 1669 1104 1711 utDoeder·

214 1732 322 1776 lein.
340 1729 447 1773 dicit
468 1746 506 1772 c.
519 1728 560 1770 9.
576 1760 587 1779 ,
619 1727 695 1771 sed
719 1743 813 1784 cap.
828 1727 927 1770 6.et
939 1727 1103 1769 9.extr.

213 1789 405 1833 rudibus
425 1786 593 1829 editum
614 1793 679 1828 est
695 1785 938 1840 eademque
956 1799 1102 1826 eorre-

212 1848 305 1891 ctio
348 1845 464 1902 apud
509 1844 700 1885 eundem
744 1843 815 1890 26,
855 1843 925 1890 51,
962 1840 1006 1884 4.
1054 1857 1104 1883 ex

209 1903 395 1963 optimis
429 1901 561 1945 codd.
597 1901 650 1943 ab
684 1900 719 1942 I.
756 1900 833 1942 Fr.
868 1898 1102 1941 Gronovio

214 1961 409 2005 adhibita
431 1968 510 2001 est.
559 1957 651 2000 Nec
671 1958 819 2000 minus
843 1956 889 1998 in
908 1955 1103 1999 luvenal.

213 2027 296 2063 sat.
332 2019 375 2072 6,
411 2017 513 2061 248.
551 2017 745 2058 rudibus
783 2013 1099 2071 corrigendum

214 2093 310 2120 esse
341 2088 597 2134 persuasum
620 2072 778 2115 habeo.
836 2071 1104 2127 Metaphora

214 2153 239 2179 e
262 2151 309 2177 re
335 2131 609 2191 gladiatioria
667 2128 769 2172 etita
802 2137 895 2180 est;
934 2127 1103 2185 gladia-

215 2201 336 2236 tores
373 2189 493 2233 enim
528 2147 715 2232 rudigus
758 2186 939 2230 batuere
983 2182 1104 2226 sole-

214 2251 349 2302 bant,
377 2263 471 2292 non
492 2245 683 2290 sudibus
700 2277 712 2299 ,
749 2242 910 2300 quibus
935 2243 1106 2285 tirones

215 2323 323 2351 usos
354 2303 488 2349 fnisse
521 2319 603 2362 pro
637 2301 818 2360 gladiis,
862 2314 999 2343 nemo
1024 2314 1104 2342 ve-

214 2374 362 2410 terum
386 2361 657 2421 scriptorum
679 2358 802 2402 dixit.
863 2356 1107 2400 Verissime

215 2422 353 2480 igitur
388 2419 562 2477 Lipsius
602 2426 644 2460 et
682 2417 733 2460 P.
769 2415 916 2459 Faber
948 2413 1106 2457 Seme-

215 2480 377 2525 strium
412 2477 491 2520 lib.
528 2492 616 2520 see.
651 2492 696 2533 p.
726 2473 826 2516 243.
861 2472 932 2517 ed.
962 2470 1105 2515 Paris.

222 2537 349 2582 1575.
373 2533 670 2578 emendarunt
692 2533 909 2577 rudibus,
939 2544 1107 2587 eosque

215 2592 380 2652 reliqui
404 2608 455 2636 eo
480 2591 617 2649 magis
642 2588 799 2633 imitati
824 2595 952 2635 sunt,
985 2585 1106 2643 quod

219 2651 580 2698 emendationem
616 2647 779 2692 Cicero
823 2644 1108 2690 confirmavit

219 2711 273 2754 de
298 2718 391 2767 opt.
418 2723 518 2765 gen.
548 2715 658 2749 orat.
687 2706 728 2757 6,
755 2704 820 2746 17.
847 2717 946 2744 non
978 2702 1104 2744 enim

219 2772 266 2811 in
309 2767 409 2809 acie
452 2771 671 2807 versatur
716 2769 759 2804 et
796 2761 962 2818 ferro,
1025 2761 1108 2800 secl

219 2826 355 2884 quasi
384 2825 570 2865 rudibus
605 2825 698 2863 eius
729 2817 893 2875 (intell.
929 2818 1107 2859 lsoera-

218 2886 327 2934 tem)
363 2882 505 2923 eludit
537 2879 705 2922 oratio.
778 2875 877 2918 Alia
912 2872 1106 2930 imagine

221 2938 416 2996 Quintil.
444 2953 548 2980 usus
572 2946 637 2980 est
661 2937 770 2978 lnst.
797 2949 862 2975 or.
890 2933 928 2983 5,
953 2932 1018 2979 12,
1046 2933 1107 2971 17.

220 2997 600 3048 declamationes,
634 2994 798 3048 quibus
820 2993 884 3031 ad
902 3003 1110 3042 pugnam

207 3056 457 3113 sorensem
498 3055 621 3093 velut
658 3050 938 3104 praepilatis
973 3060 1111 3088 exer-

221 3115 312 3156 ceri
329 3111 621 3161 solebamuS,
667 3110 778 3150 olim
807 3108 905 3148 iam
936 3107 995 3146 ab
1026 3105 1111 3145 illa

219 3184 338 3213 vera
358 3168 560 3222 imagine
586 3166 761 3207 orandi
780 3168 1083 3207 recesserunt.

278 3286 361 3328 sed
386 3281 671 3324 auditorium
705 3290 891 3328 semper
921 3288 1110 3318 novum.

219 3355 402 3394 semper
421 3343 632 3395 plenum.
681 3332 957 3391 Transposui
981 3333 1112 3373 verba

221 3416 270 3443 ex
299 3398 396 3442 MS.
419 3398 556 3453 Neap.
572 3428 584 3447 ,
617 3398 686 3452 [ut
707 3391 894 3436 Bekker.
918 3398 961 3433 et
985 3389 1113 3430 Boet-

219 3455 330 3501 tieh.
373 3471 396 3497 e
443 3455 577 3497 Farn.
622 3451 770 3504 eod.].
832 3449 878 3491 in
928 3444 1111 3503 reliquis

223 3513 343 3559 enim
379 3511 505 3556 libris
538 3519 675 3555 exstat
707 3510 792 3550 sed
814 3509 926 3549 aud.
947 3519 985 3546 s,
1005 3505 1110 3566 ple-

220 3586 349 3627 mem,
381 3582 624 3614 annuum.
683 3560 1110 3611 SehehetSehulzio

1177 1093 1447 1137 adversativa
1471 1094 1682 1153 particula
1705 1091 1942 1146 offensioni
1965 1095 2065 1148 fuit,

1177 1152 1456 1210 scripserunt
1481 1152 1617 1210 igitur
1643 1161 1687 1195 ec
1710 1154 1886 1209 audit„
1927 1167 2064 1212 prori-

1176 1226 1250 1253 sus
1277 1226 1370 1252 eam
1398 1210 1634 1254 delendam
1657 1210 1832 1254 censuit
1853 1211 2067 1267 Orellius,

1175 1276 1218 1310 et
1232 1267 1575 1310 Rauchenstein.
1601 1267 1852 1311 emendavit
1871 1270 1938 1311 ad
1955 1268 2068 1314 aiud.

1176 1325 1311 1392 idque
1368 1340 1472 1367 eum
1523 1325 1891 1370 antecedentibus
1946 1334 2065 1371 con·

1174 1391 1332 1426 lunxit.
1981 1391 1988 1402 '

1229 1467 1343 1521 bene
1355 1467 1495 1508 dicta.
1527 1465 1663 1510 MSS.
1678 1464 1816 1524 Neap.
1828 1470 1893 1520 [et
1906 1467 2062 1524 Farn.]

1177 1524 1380 1574 exhibent
1416 1527 1611 1566 breviter
1643 1525 1799 1575 dicta5
1835 1523 1936 1568 edd.
1967 1523 2063 1567 sere

1177 1597 1334 1637 omnes
1371 1580 1416 1623 in
1447 1586 1561 1624 'bene
1598 1581 1724 1622 dicta
1757 1581 2062 1637 consentiunt,

1175 1639 1252 1683 sed
1278 1638 1397 1681 Rud.
1418 1638 1631 1695 Agricola
1655 1636 1812 1680 maluit
1835 1653 1918 1682 nec
1939 1642 2065 1682 male

1174 1712 1259 1738 nec
1293 1700 1403 1738 bene
1428 1697 1578 1746 dicta,
1628 1702 1670 1738 et
1694 1694 1738 1737 in
1764 1696 1934 1738 Pithoei
1957 1697 2066 1741 edit.

1176 1764 1364 1812 utraque
1401 1769 1484 1796 nec
1517 1755 1628 1795 bene
1663 1767 1746 1795 nee
1782 1755 1910 1796 male
1943 1757 2067 1797 dieta

1176 1812 1295 1871 typis
1350 1827 1602 1869 expressum
1655 1817 1735 1853 est.
1825 1809 2075 1869 Agricolae.

1177 1869 1482 1913 coniecturam
1512 1867 1631 1925 Lips.
1667 1877 1710 1911 et
1744 1867 1923 1912 Broter.
1955 1885 2065 1927 prn-

1176 1929 1363 1978 barunt3
1403 1926 1583 1983 Bipont.
1616 1933 1898 1982 receperunt.
1963 1926 2068 1969 Vul-

1176 1994 1327 2042 gatum
1363 1983 1542 2026 schulz.
1577 1983 1691 2025 bene
1724 1981 1948 2027 defendit:
2001 1991 2068 2027 est

1173 2037 1472 2098 βραχυλόγως
1518 2040 1715 2090 dictum,
1775 2039 1862 2083 hoc
1909 2054 2066 2084 sensue

1178 2110 1224 2143 ut
1254 2099 1431 2156 quidem
1469 2098 1583 2140 male
1609 2095 1725 2140 dicta
1751 2097 2068 2154 sugillarentur

1177 2165 1219 2199 et
1254 2156 1578 2213 exagitarentur
1600 2154 1652 2196 ab
1678 2153 1964 2206 adversariis,
2005 2155 2068 2198 ita

1178 2223 1328 2258 tamen
1360 2221 1407 2255 ut
1437 2213 1551 2254 bene
1587 2211 1702 2254 dicta
1737 2226 1876 2268 aeque
1908 2212 2067 2256 lauda-

1179 2279 1338 2314 rentur
1371 2269 1424 2314 ab
1459 2268 1572 2312 illis:
1617 2268 1752 2310 virtus
1787 2267 1905 2311 enim
1941 2277 1984 2313 et
2021 2269 2068 2313 in

1178 2329 1303 2372 hoste
1330 2324 1563 2371 laudanda.
1593 2326 1702 2378 [Sed
1721 2326 1923 2369 breviter
1945 2328 2068 2370 dicta

1182 2383 1456 2428 Boettieher.
1491 2383 1710 2434 restituit;
1752 2392 1880 2433 „tam
1916 2381 2066 2428 inten-

1179 2453 1247 2486 tae
1272 2451 1397 2485 erant
1426 2441 1471 2483 in
1505 2441 1655 2484 omnia
1689 2440 1891 2484 diversae
1922 2445 2068 2500 partes

1178 2508 1228 2544 ut
1250 2517 1306 2543 ne
1326 2499 1525 2544 breviter
1547 2498 1728 2556 quidem
1751 2497 1866 2540 dicta
1897 2498 2070 2543 iniudi-

1179 2567 1278 2602 cata
1294 2554 1731 2613 relinquerentur.”]
1746 2578 1800 2588 --
1816 2555 1913 2600 MS.
1928 2556 2069 2616 Neap-

1177 2616 1309 2660 habet
1334 2614 1706 2656 dissimularent.

1234 2700 1282 2743 in
1317 2698 1516 2740 diversis
1554 2696 1796 2738 subselliis.
1866 2695 2069 2755 Intellige

1179 2755 1390 2801 subsellia
1426 2755 1513 2800 rei,
1567 2753 1611 2796 in
1645 2753 1804 2809 quibus
1841 2756 2065 2809 advocati,

1180 2823 1337 2865 testes,
1389 2812 1519 2856 amici
1558 2810 1712 2853 sedere
1749 2812 1842 2861 vet,
1883 2811 2068 2870 proprio

1180 2869 1432 2918 vocabulo,
1462 2870 1611 2912 adesse
1637 2867 1855 2912 solebant.

1239 2957 1347 2998 inde
1368 2953 1480 3008 quin
1506 2954 1665 2995 innuo.
1726 2951 1948 3008 Sequutus
1969 2968 2068 2996 sum

1181 3014 1287 3058 MS.
1312 3011 1478 3066 Neap.,
1521 3026 1571 3051 ex
1605 3024 1695 3065 quo
1729 3009 1839 3050 inae,-
1872 3010 2071 3058 accessit,

1183 3082 1225 3114 et
1251 3069 1409 3112 deinde
1436 3066 1525 3110 alio
1561 3067 1695 3108 modo
1733 3067 1863 3110 verba
1896 3067 2070 3112 distinxi

1182 3133 1406 3172 commate
1439 3132 1540 3169 ante
1573 3126 1638 3166 ibi
1667 3123 1830 3181 posito.
1900 3124 2071 3168 Editio-

1183 3202 1262 3228 nes
1297 3185 1402 3225 inde
1439 3181 1678 3231 omittunt,
1717 3185 1912 3238 [praeter
1932 3181 2069 3227 Bekk.

1184 3253 1228 3286 et
1251 3238 1496 3289 Boettieh.,
1526 3239 1603 3297 qui
1629 3254 1652 3281 e
1679 3237 1779 3282 cod.
1810 3239 1942 3283 Farn.
1969 3255 2070 3282 ean-

1186 3301 1286 3342 dem
1344 3297 1614 3353 scripturam
1667 3303 1933 3352 reeeperunt
1991 3311 2072 3339 ea-

1186 3358 1377 3413 demque
1429 3352 1732 3411 distinguendi
1782 3354 1955 3397 ratione
2004 3355 2072 3398 usi

1184 3415 1326 3469 sunt].

1238 3496 1635 3560 praeceptoribus.
1697 3492 1775 3537 Sic
1788 3491 2074 3553 MSS.Nup.

1182 3560 1247 3608 [et
1277 3554 1439 3609 Ferm]
1473 3553 1645 3597 vanae.
1685 3550 1788 3595 edd.
1822 3550 1998 3598 Broter.
2030 3559 2074 3595 et
