2150 4022
179 226 256 283 12

525 225 591 287 c,
632 210 1195 314 conminus
1241 218 1667 301 TACITUS

171 354 252 410 ob
306 360 560 423 metum,
632 375 771 413 mox
815 375 848 412 a
880 352 1095 433 'seipsis
1149 358 1394 434 invento
1446 359 1692 417 nomine
1739 350 2067 437 Germani-³

174 449 544 499 vocarentur.

129 640 132 641 ⁷
171 650 204 677 a
233 632 425 688 seipsis,
473 631 650 672 invecto
678 634 889 684 nomine,
937 632 994 676 G.
1017 646 1061 675 v.

166 689 381 736 Moebius
402 688 450 732 in
463 686 695 731 Athenaeo
715 687 826 733 fasc.
841 688 880 734 Ι.
906 705 950 748 p.
964 689 1063 734 160.

166 757 431 801 atomon,
455 746 665 800 primum
684 757 718 787 a
748 748 896 808 victo,
916 762 970 790 re
1005 749 1062 790 ob

166 813 371 853 metum,
442 816 561 846 mox
601 818 633 844 a
675 805 835 859 seipsis
876 806 1061 853 invento

165 863 362 907 nomine
377 860 435 903 G.
461 876 504 904 υ.
566 860 649 903 Vir
674 861 835 906 doctus
856 863 906 906 in
918 861 1061 921 Ephe·

166 937 283 965 mer.
306 918 372 963 lit.
388 918 480 962 Ien.
500 918 623 962 1818.
648 919 1060 963 menseNovembr.

165 980 311 1022 vicino
329 991 408 1019 ore
423 976 501 1031 (ob
519 975 724 1021 celticam
743 977 966 1034 originem
982 992 1061 1020 no-

165 1035 303 1079 minis
314 1033 688 1091 Germanorum).
741 1034 992 1078 Huschkius
1013 1034 1061 1077 in

166 1092 360 1138 Seebod.
388 1090 506 1136 Bibl.
532 1091 634 1135 crit.
669 1092 795 1136 1821.
825 1108 870 1151 p.
890 1093 975 1135 409
995 1107 1060 1149 sq.

164 1167 198 1194 a
217 1152 418 1207 fictore,·
466 1148 577 1192 alius
613 1148 780 1192 ibidem
816 1165 840 1192 e
873 1153 1061 1193 victore.

165 1207 390 1252 Giinther.
417 1206 464 1249 in
478 1206 714 1265 Ephemer.
733 1207 797 1250 lit.
818 1207 916 1251 Hal.
937 1207 1061 1250 1821.

161 1265 408 1312 Novembr.
428 1264 610 1307 nr.276.
633 1269 762 1321 apud
783 1266 923 1321 ipsos.
975 1264 1057 1307 Vir

163 1322 324 1369 doetus
359 1323 404 1365 in
428 1321 669 1392 Ephemer.
707 1323 773 1368 lit.
801 1324 890 1366 len.
928 1322 1057 1365 1818.

161 1383 286 1441 Aug.
317 1388 367 1422 ut
394 1394 606 1435 primam
625 1381 825 1424 victores
844 1398 877 1423 a
903 1381 1059 1423 Gallis

162 1442 217 1482 ob
251 1442 454 1488 metum,
491 1452 610 1480 mox
637 1453 802 1482 omnes
825 1454 857 1480 a
878 1439 1060 1494 seipsis,

163 1498 354 1540 invento
389 1511 437 1538 η.
477 1495 535 1538 G.
573 1509 616 1538 v.
722 1495 968 1539 Demarees
1010 1494 1060 1538 in

163 1553 357 1599 Seebod.
386 1551 505 1595 Bibl.
533 1552 633 1596 crit.
659 1552 786 1595 1822.
818 1570 862 1610 p.
889 1553 971 1595 185
990 1568 1058 1610 sq.

158 1612 242 1656 Ita
261 1610 474 1654 nationis
495 1625 665 1653 nomen
687 1613 907 1653 evaluisse
930 1625 1062 1665 pau-

160 1670 330 1720 latim,
372 1675 424 1711 ut
457 1682 646 1717 omnes,
677 1668 892 1722 primum
925 1683 958 1709 a
985 1668 1057 1710 υἰ-

158 1735 288 1773 otone
319 1727 374 1769 ob
407 1733 586 1767 metum
623 1729 811 1769 invento
853 1725 1058 1774 nomine,

162 1785 223 1830 G.
246 1801 292 1828 v.
353 1783 454 1828 Alia
489 1783 543 1825 de
575 1782 664 1826 hoc
700 1784 806 1827 loeo
837 1783 1058 1842 disputata

159 1850 267 1887 sunt
308 1841 357 1884 in
394 1840 584 1883 Seebod.
621 1840 738 1885 Bibl.
777 1841 878 1883 crit.
929 1841 1055 1884 1822.

158 1916 206 1969 p.
232 1898 334 1943 360.
365 1907 408 1941 et
440 1897 527 1941 634
581 1898 690 1941 ibid.
728 1898 853 1941 1825.
924 1931 934 1942 .
961 1899 1055 1942 197.

159 1957 423 2002 :bid.1824.
459 1972 503 2015 p.
528 1931 629 1999 ess.
690 1955 800 1998 ibid.
825 1957 877 2000 18
907 1960 948 1999 o.
982 1972 1053 1999 nr.

158 2017 234 2061 70.
251 2040 310 2048 —
339 2015 386 2058 in
410 2013 603 2057 Seebod.
626 2013 813 2062 Archiv.
838 2031 908 2057 an.
933 2014 1055 2059 1824.

194 2073 321 2117 .8Ο9.
353 2072 416 2116 ib.
434 2072 559 2115 1825.
583 2071 710 2130 p.97.
724 2069 824 2114 332.
840 2071 940 2117 780.
957 2073 1057 2115 etin

158 2091 352 2190 Ephem.
388 2128 597 2173 scholast.
625 2129 750 2173 1830.
783 2129 839 2174 ΙΙ.
872 2146 944 2174 nr.
961 2131 1058 2174 125.

158 2189 359 2248 itemque
371 2203 394 2230 a
405 2187 622 2246 Sellingio
635 2187 683 2230 in
696 2186 919 2231 Observv.
933 2190 1057 2232 crite.

158 2250 208 2292 in
222 2246 377 2291 Taciti
386 2245 717 2288 Germaniam.
740 2245 933 2304 August.
948 2246 1057 2289 Vin-

160 2306 293 2351 delie.
328 2301 440 2347 1830
471 2302 622 2355 editis,
661 2318 706 2362 p.
735 2301 883 2347 3-8,
969 2303 1054 2348 Sed

156 2363 234 2411 vix
287 2362 500 2420 cuiquam
559 2369 736 2418 gratum
787 2361 872 2405 erit
937 2378 1054 2407 eon-

159 2419 279 2479 quiri
332 2419 485 2464 omnia
534 2418 743 2462 omnium
795 2428 1054 2463 commenta

158 2493 295 2539 super
327 2478 416 2523 hoe
453 2477 556 2521 loeo
597 2476 755 2520 effusa-³
825 2476 941 2522 Nam
981 2477 1055 2521 hie

159 2538 290 2582 locus
341 2535 467 2594 quasi
516 2549 682 2593 scopus
737 2532 847 2587 fuit,
918 2551 1053 2594 quem

157 2594 291 2639 multi
323 2594 422 2636 telis
465 2593 554 2635 suis
595 2600 796 2650 peterent
826 2609 920 2636 non
957 2593 1052 2636 sine

158 2653 286 2698 vario
319 2666 492 2694 errore.
553 2650 696 2692 Hodie
720 2648 924 2708 plerique
947 2666 1053 2695 cum

157 2707 445 2759 Boxhornio‚
477 2706 727 2765 Conringio
760 2716 803 2750 et
826 2708 1054 2752 Walchio

159 2766 390 2825 vulgatam
449 2766 534 2808 scri
573 2774 719 2807 turam
783 2765 1055 2809 defendunt=

157 2826 210 2870 in
247 2823 510 2882 explicando
543 2782 645 2882 Foco
681 2822 879 2867 diversas
908 2832 1055 2881 partes

162 2891 432 2942 sequuntur.
499 2881 556 2922 Et
582 2878 834 2924 Walchius
872 2881 1054 2939 quidem

159 2943 210 2986 in
249 2937 648 2982 Emendationibus
677 2937 872 2982 Livi-anis
915 2955 958 2997 p.
981 2937 1051 2981 79.

159 2999 405 3042 verborum
450 2995 717 3039 sententiam
761 2995 897 3038 talem
939 3011 1054 3039 con-

159 3056 325 3102 stituit:
379 3053 483 3105 „Ita
514 3056 648 3095 unius
678 3053 831 3110 populi
871 3069 1056 3103 nomen,

158 3130 255 3159 non
277 3121 425 3156 autem
458 3111 599 3169 gentis
631 3112 858 3153 universae
884 3126 1055 3153 nomen

163 3170 394 3231 paullatim
426 3169 659 3213 hominum
695 3183 776 3210 usu
816 3170 903 3210 vim
943 3167 1056 3211 obti-

164 3229 340 3281 nuisse;
391 3228 450 3272 ita
484 3235 533 3269 ut
569 3225 836 3269 Germaniae
880 3226 1055 3268 incolae

162 3287 359 3347 primum
404 3285 651 3330 secundum
696 3283 887 3326 victores
926 3283 1055 3325 Tun-

164 3361 270 3402 gros
303 3346 356 3387 ab
387 3344 466 3395 iis,
501 3343 575 3401 qui
604 3341 688 3385 sibi
712 3342 974 3383 metuebant
1002 3341 1055 3384 ab

163 3401 276 3453 illis,
339 3418 444 3445 mox
486 3417 510 3443 a
562 3398 808 3457 semetipsis
867 3399 1056 3444 invento

163 3460 352 3504 nomine
399 3457 616 3503 Germani
668 3455 1058 3515 appellarentur.”

164 3517 304 3576 Igitur
333 3518 468 3563 verba
504 3533 537 3559 a
568 3516 743 3558 victor‘e
774 3522 899 3572 putat
927 3514 1058 3566 dieta,

163 3582 216 3619 ut
245 3574 529 3620 Graecorum
561 3570 653 3618 ἀπό
689 3586 810 3623 τινος
836 3567 1058 3629 ὀνομάζε-

1133 637 1261 676 σθαι.
1331 633 1391 678 cf.
1416 632 1561 679 Cicer.
1575 636 1644 678 ‘de
1667 634 1760 680 Off.
1792 637 1838 691 3,
1861 639 1933 685 33.
1967 642 2028 684 ab

1132 692 1376 746 Aristippo
1411 690 1652 748 Cyrenaici
1690 701 1835 752 atque
1863 698 2027 742 Anni·

1134 749 1253 792 cerii
1279 748 1546 804 philosophi
1583 749 1841 800 nominati.
1911 753 2029 799 Oh-

1132 813 1216 849 stat
1250 805 1357 850 huic
1391 807 1775 866 interpretationi,
1821 812 1946 870 quod
1979 813 2041 865 inf

1133 864 1350 906 membris
1410 864 1608 911 invicem
1675 868 1929 924 oppositist
1993 885 2028 914 a

1133 921 1310 963 victore
1351 953 1363 964 .
1402 953 1413 965 .
1452 953 1463 965 .
1498 953 1509 965 .
1554 939 1587 966 a
1626 921 1794 977 seipsis
1842 927 2027 974 diversa
2060 926 2065 929 ’

1133 979 1454 1037 praepositioni
1488 981 1772 1029 atribuitur
1806 984 1848 1026 siv
1876 984 2037 1032 nificat

1133 1037 1221 1087 tio,
1262 1038 1381 1093 quod
1417 1035 1511 1080 fieri
1548 1037 1729 1097 nequit.¹
1801 1041 1844 1085 A
1878 1040 2038 1086 firm-af

1133 1094 1314 1152 quidem
1362 1093 1606 1138 Passovius
1650 1096 1703 1139 ‘in
1751 1097 1868 1148 Bibl.
1917 1098 2037 1144 trit.

1135 1152 1263 1196 1822.
1298 1168 1342 1210 Ρ.
1371 1153 1469 1195 177.
1501 1153 1640 1199 verba
1675 1157 1903 1210 asetpsis
1927 1172 2027 1204 non

1134 1226 1228 1253 esse
1262 1211 1465 1268 opposita
1495 1209 1746 1268 prioribus=
1780 1213 2027 1270 'fopp'hsiti‘oss

1130 1283 1238 1312 nem
1287 1267 1438 1326 potius
1489 1283 1583 1311 esse
1633 1268 1678 1311 in
1712 1270 1931 1325 primam
1981 1279 2033 1314 et·

1129 1340 1264 1369 mox.
1323 1325 1384 1368 At
1406 1325 1506 1368 luce
1529 1325 1692 1378 clarior
1713 1334 1778 1370 est
1799 1326 2026 1386 oppositio

1130 1384 1231 1435 illa,
1276 1399 1364 1441 qua
1398 1399 1493 1425 sese
1527 1383 1752 1441 excipiunt
1782 1399 1817 1426 a
1852 1386 2028 1428 victore

1131 1450 1173 1485 et
1194 1456 1227 1482 a
1249 1441 1429 1497 seipsis.
1494 1439 1647 1496 Quare
1670 1440 1742 1483 alii
1760 1441 1864 1485 ain
1899 1457 1931 1484 a
1952 1442 2025 1485 vi-

1129 1506 1253 1542 ctore
1282 1497 1508 1556 accipiunt
1537 1510 1620 1556 pro
1655 1495 1749 1542 ὑπό
1789 1498 1868 1553 (c‘f.
1899 1498 2030 1544 Gro-v

1129 1555 1306 1599 tefend?
1328 1555 1375 1599 in
1400 1555 1515 1598 Bibl.
1554 1555 1654 1599 crit.
1691 1556 1819 1600 1822.
1851 1573 1895 1615 p.
1915 1555 2034 1601 361.

1131 1615 1265 1671 sqq.)
1324 1613 1409 1656 hac
1459 1614 1708 1657 sententia:
1766 1616 2023 1672 ·‚·,primum

1130 1669 1305 1728 Tungri
1336 1670 1519 1727 (victor)
1558 1686 1729 1715 nomen
1770 1670 2024 1716 Germano·

1130 1745 1258 1780 rum,
1294 1727 1416 1784 quod
1440 1728 1522 1785 ipsi
1547 1729 1670 1772 nacti
1699 1737 1850 1779 erant,
1878 1736 2026 1781 traus-

1129 1786 1271 1829 tulere
1296 1787 1348 1828 ad
1374 1784 1746 1830 Transrhenanos
1778 1799 1935 1834 omnes
1962 1786 2027 1830 ob*

1129 1851 1301 1886 metum
1352 1841 1493 1885 Gallis
1535 1843 1856 1896 inficiendum,
1888 1858 2033 1898 ,mox-

1126 1901 1211 1960 ipsi
1258 1899 1592 1944 Transrhenani
1651 1901 1888 1945 inventum
1941 1916 2029 1945 nos.

1127 1975 1235 2002 men
1268 1973 1481 2015 accepere
1514 1966 1558 2001 et
1585 1956 1839 2003 Germanos
1870 1974 1922 2003 se
1948 1974 2024 2003 vo-

1130 2024 1364 2061 caverunt.
1378 2020 1404 2038 ’'
1466 2014 1635 2058 Verum
1665 2015 1726 2060 ita
1759 2015 1890 2060 loeus
1911 2026 2026 2061 πισοῦ

1130 2074 1238 2117 dum
1273 2089 1406 2116 sanus
1444 2081 1534 2116 est:
1585 2089 1678 2116 non
1723 2073 1853 2117 enim·
1884 2082 2027 2132 appa·

1127 2141 1218 2184 ret,
1252 2131 1484 2190 quomodo
1508 2130 1683 2189 Tungri
1709 2147 1880 2175 nomen
1909 2131 2027 2176 Ger-

1127 2205 1365 2232 manorum
1394 2189 1447 2230 ad
1470 2187 1842 2241 Transrhenanos
1871 2196 2022 2242 traxis-

1126 2246 1280 2290 tulisse
1311 2246 1482 2305 possint
1515 2245 1622 2289 diei.
1685 2245 1810 2302 Quid
1846 2245 2024 2291 multa?

1130 2306 1297 2347 Veram
1348 2303 1437 2346 loci
1495 2302 1767 2361 explicandi«
1796 2303 2025 2348 rationem

1127 2378 1264 2406 nemo
1294 2360 1440 2405 adhue
1462 2360 1649 2410 invenit.
1708 2361 1833 2405 Male
1860 2372 2025 2405 omnes

1126 2419 1394 2463 sententiam
1421 2418 1714 2476 detorquent,
1746 2419 1852 2462 dum
1875 2429 2022 2478 prave

1127 2476 1357 2535 accipiunt
1400 2476 1593 2520 verbum
1630 2477 1840 2528 invento,
1895 2474 2019 2534 quod

1127 2543 1193 2578 est
1221 2550 1368 2592 neque
1399 2534 1630 2590 erstanden
1655 2549 1743 2581 nec.
1762 2533 2021 2590 vorgefun-

1126 2596 1219 2635 den
1285 2608 1371 2646 nec
1432 2592 1624 2650 denique
1683 2583 2022 2651 affgtsuadeito
2073 2615 2077 2618 -

1125 2651 1276 2693 Immo
1302 2650 1509 2691 invenire
1540 2661 1715 2691 nomen
1733 2649 1934 2693 dicimur
1963 2648 2021 2692 ab

1126 2709 1275 2765 aliquo
1305 2707 1374 2749 vel
1407 2707 1461 2749 ab
1489 2706 1635 2763 aliqua
1660 2721 1731 2758 re,
1761 2707 1796 2750 si
1825 2706 1924 2763 quis
1945 2721 2017 2749 au-

1126 2773 1228 2809 ctor
1249 2763 1320 2810 vel
1342 2763 1378 2806 si
1403 2779 1488 2821 qua
1518 2779 1588 2806 res
1620 2780 1752 2807 causa
1778 2772 1868 2815 est,
1898 2771 1948 2806 ut
1968 2763 2017 2806 id

1813 2820 1873 2865 ef.
1910 2820 2019 2864 Sue-

1813 2879 2019 2922 hostium

1126 2836 1293 2865 nomen
1325 2822 1456 2864 nobis
1490 2811 1742 2865 adiiciatuir.

1124 2887 1221 2922 ton.
1261 2878 1363 2920 Tib.
1409 2895 1451 2922 e.
1482 2877 1526 2922 3.
1578 2879 1764 2922 Drusus

1125 2940 1237 2979 duce
1281 2936 1477 2978 Drauso
1514 2939 1741 2979 sominus
1787 2938 2019 2979 trucidato

1124 2995 1216 3036 sibi
1227 2995 1515 3049 posterisque
1538 2995 1633 3036 suis
1657 3002 1917 3046 cognomen
1941 2993 2019 3036 iw-

1125 3051 1267 3095 vem't.
1329 3050 1571 3108 Aptissime
1596 3050 1734 3107 igitur.
1753 3052 1929 3097 Drusus
1948 3047 2020 3094 ‘di-

1125 3118 1255 3153 cetur
1294 3125 1461 3151 nomen
1503 3108 1726 3151 invenisse
1765 3126 1788 3152 a
1825 3109 2019 3153 Drauso.

1127 3167 1343 3210 Similiter
1413 3165 1608 3209 dicimur
1677 3175 1882 3217 mortem,
1907 3167 1912 3170 ⁴
1937 3167 2016 3208 in·

1127 3226 1288 3267 venire
1315 3223 1393 3277 (cf.
1419 3223 1530 3267 Tac.
1556 3222 1644 3266 An.
1674 3226 1711 3272 1,
1735 3225 1855 3279 61.)‚
1885 3232 1933 3266 ut
1963 3225 2020 3267 sit

1128 3284 1258 3325 mori
1276 3284 1333 3324 ab
1355 3283 1515 3337 aliqua
1543 3295 1613 3324 re.
1683 3282 1826 3339 igitur
1847 3295 2019 3324 nomen

1084 3347 1100 3364 “
1127 3355 1162 3382 a
1193 3342 1365 3383 victore
1402 3341 1458 3380 ob
1481 3347 1661 3381 metum
1684 3338 1920 3383 Germa'his
1941 3341 2018 3382 im:

1128 3406 1323 3440 ventum
1357 3396 1462 3439 erit:
1500 3412 1668 3440 nomen
1681 3395 1919 3450 Germanis
1941 3396 2020 3439 ad-

1131 3456 1276 3499 ditum
1305 3471 1326 3501 e
1349 3453 1535 3496 nomine
1561 3454 1812 3499 victoribus
1833 3453 1891 3497 o'b
1916 3468 2020 3496 me-

1131 3521 1225 3557 tum
1269 3511 1447 3556 addito:
1498 3520 1656 3556 contra
1698 3526 1867 3556 nomen
1907 3506 2024 3563 Ger·¹

1131 3571 1273 3616 manis
1297 3587 1329 3613 a
1353 3572 1516 3623 seipsis
1544 3571 1791 3615 inuentum
1822 3577 1908 3615 est:
1940 3580 2019 3615 no-
