2150 4022
179 221 306 279 262

1587 159 1596 180 ἱ

677 215 1574 290 DEORATORIBUsp

188 350 362 419 aliam
392 347 644 426 speciem
672 349 1004 425 eloquentia
1028 347 1245 409 habeat
1259 395 1278 422 ,
1318 351 1794 428 anteponendam
1827 352 2042 426 ceteris

191 435 444 493 aliarum
484 434 703 491 artium
741 434 952 493 studiis
991 437 1188 497 cred0.

1284 435 1400 495 Sed
1439 449 1634 496 tecum
1674 431 1859 508 mihi,
1888 434 2047 515 'Ma-

189 532 385 589 terne,
434 538 528 575 res
560 531 675 590 est,
725 521 915 597 quod,
967 542 1102 578 cum
1126 533 1347 581 *natura
1385 533 1488 580 tua
1521 523 1588 582 in
1624 522 1816 598 ipsam
1850 540 2046 581 arcem

193 597 561 680 eloquentiae
597 606 775 676 ferat,
825 625 1018 663 errare
1053 606 1244 664 mavis
1282 617 1339 664 et
1377 626 1604 665 summa
1632 608 1953 683 adepturus
1979 605 2047 662 in

190 689 517 746 levioribus
554 691 837 763 subsistis,
864 708 869 712 ’
922 703 1018 770 ut,
1063 691 1114 748 si
1140 691 1202 747 in
1233 689 1482 749 Graecia
1515 703 1690 751 natus
1714 683 1897 762 esses,
1938 690 2048 749 uhi

193 774 452 832 ludicras
480 795 716 852 quoque
744 787 896 834 artes
927 796 1194 834 exercere
1218 772 1537 836 honestum
1559 788 1674 847 est,
1711 792 1780 836 ac
1801 777 1916 835 tihi
1936 775 2048 836 Ni-

1277 932 1300 949 ἦ

194 962 402 1009 omissam
428 962 636 1023 adposuit
657 964 916 1014 Acidalius‚
945 981 1082 1023 quem
1153 966 1338 1011 no'mine
1371 964 1629 1024 possessivo?
1658 973 1743 1009 tua
1771 963 1949 1011 coniice
1988 970 2050 1010 te.

193 1021 472 1069 recentiores
497 1021 639 1067 secuti
661 1029 794 1077 sunt;
817 1023 964 1081 poscit
986 1039 1083 1069 eam
1154 1024 1278 1069 Nihil
1311 1025 1432 1067 enim
1468 1023 1663 1069 efficitur
1698 1023 1804 1068 loco
1833 1023 1983 1068 adlato
2025 1037 2051 1068 ο

195 1080 413 1123 orationis
461 1081 758 1125 concinnitas.
835 1079 918 1123 Ed.
967 1082 1086 1140 Spir.

195 1138 566 1193 epigrammata.
626 1165 686 1174 --
779 1136 922 1180 Paulo
986 1144 1089 1197 post

195 1211 280 1252 pro
306 1195 508 1245 omnium
533 1194 758 1239 librorum
781 1195 975 1240 lectione
997 1199 1089 1240 ha-

197 1254 307 1295 beat
331 1252 623 1296 Heumannus
656 1253 846 1300 malebat
877 1253 1083 1296 indicati-

196 1325 307 1356 vum
324 1312 492 1360 habet,
523 1309 644 1354 nulla
672 1317 859 1367 cogente
886 1310 1087 1353 necessi-

195 1374 312 1420 tate,
351 1375 402 1410 ut
428 1367 560 1411 hodie
586 1367 657 1413 vel
679 1366 902 1411 tironibus
927 1370 1087 1411 notum

197 1430 280 1467 est.
311 1449 370 1458 -
430 1424 662 1468 Praeterea
690 1425 819 1467 verba
847 1439 1086 1482 perperam

198 1481 407 1527 distincta
448 1487 554 1525 sunt
595 1482 643 1525 in
690 1482 791 1525 edd.
828 1482 945 1538 Spir.
981 1482 1086 1524 Put.

197 1538 300 1584 Riv.
342 1539 443 1583 Ber.
487 1539 619 1583 Alc.=
692 1544 1087 1593 anteponendam.

199 1596 415 1640 Caeteris
444 1604 557 1649 etc.,
593 1597 713 1655 quod
740 1596 894 1639 vitium
925 1614 946 1639 a
973 1597 1088 1639 Rhe-

198 1669 317 1698 nano
353 1654 579 1699 sublatum
611 1662 693 1698 est.
750 1679 805 1687 --
877 1655 1092 1697 Materne

200 1712 270 1754 ed.
293 1711 415 1770 Spir.
439 1712 670 1771 typotheta
691 1712 898 1771 corrupit
921 1713 968 1755 in
991 1712 1090 1762 Ma·

179 1776 347 1834 ‘ternp-

257 1899 364 1926 cum
386 1891 561 1927 natura
582 1890 666 1927 tua
685 1884 735 1929 in
756 1885 908 1940 ipsam
931 1886 1091 1927 at’cem

200 1942 498 1998 eloquentiae
529 1943 680 1997 serat.
755 1944 949 1993 Arcem,
1006 1957 1090 1999 pro

201 2015 291 2057 quo
328 1999 430 2041 edd.
455 1999 572 2059 Spir·
596 1998 700 2043 Put.
727 1999 830 2044 Riv.
859 2001 961 2042 Ber.
987 1998 1089 2042 Alc.

199 2058 414 2118 praebent
438 2057 653 2102 vitiosum
683 2066 863 2108 artem,
904 2058 957 2099 ab
980 2056 1092 2099 Rhe·

199 2120 322 2215 ἷζε)
367 2114 616 2170 repositum
660 2123 756 2165 est,
827 2114 1094 2172 suffragante

290 2203 302 2214 .
330 2171 464 2229 Neap.
521 2171 761 2214 Summum
787 2171 1005 2214 oratoriae
1027 2187 1093 2214 ar·

199 2226 257 2272 tis
283 2227 511 2286 fastigium
536 2237 580 2272 et
600 2230 837 2287 praecipua
870 2228 966 2271 eius
996 2228 1093 2271 laus

204 2285 481 2338 declaratur,
509 2293 560 2328 ut
581 2287 698 2345 apud
714 2285 875 2342 Quint.
894 2286 1000 2329 inst.
1023 2301 1090 2328 or.

204 2343 274 2398 12,
311 2346 378 2395 11,
408 2344 482 2387 28.
521 2343 694 2388 dictum
737 2350 824 2386 est:
877 2343 1093 2386 Cicerone

200 2415 361 2444 arcem
413 2409 595 2447 tenente
648 2401 938 2457 eloquentiae
961 2432 974 2452 ,
1049 2407 1093 2451 et

203 2459 319 2516 apud
343 2459 486 2503 Tacit.
511 2458 599 2501 An.
624 2457 691 2507 14,
711 2459 782 2502 31.
813 2472 911 2502 arx
933 2464 1092 2501 aeter-

202 2532 293 2558 nae
328 2517 688 2565 dominationis,
739 2516 794 2558 ad
825 2531 960 2573 quem
997 2515 1086 2559 loc.

202 2574 294 2618 vid.
331 2583 429 2618 not.
471 2596 529 2606 -—
594 2577 743 2619 Ferat
778 2581 958 2615 tuentur
993 2574 1091 2617 MS.

202 2630 340 2689 Neap.
367 2640 410 2674 et
436 2647 592 2675 omnes
615 2630 710 2674 fere
743 2630 843 2672 libri
877 2630 1013 2683 editi;
1049 2638 1093 2672 et

202 2698 326 2732 recte
350 2690 562 2748 quidem,
602 2705 705 2731 nam
723 2688 859 2742 serre
889 2689 1091 2731 absolute

202 2745 373 2800 dictum
418 2757 484 2790 est
528 2747 581 2790 ab
625 2744 818 2802 antiquis
852 2746 1089 2803 scriptori-

200 2803 308 2855 bus;
350 2804 394 2849 id
422 2804 543 2861 quod
568 2804 938 2846 demonstrarunt
962 2802 1092 2846 Hein-

203 2861 293 2903 sius
328 2862 380 2904 ad
412 2861 539 2917 Virg.
570 2862 685 2904 Aen.
715 2861 756 2910 2,
775 2859 873 2902 207.
909 2869 950 2903 et
982 2860 1092 2902 Her-

203 2931 302 2974 zog.
324 2919 378 2960 ad
401 2919 527 2962 Caes.
557 2919 603 2960 Β.
628 2916 683 2961 G.
697 2917 737 2967 6,
749 2917 846 2970 28„
885 2925 928 2960 et
960 2917 1090 2961 Taci-

201 2982 275 3018 tus
321 2978 479 3034 probat
518 2975 607 3019 An.
641 2976 683 3027 2,
715 2973 785 3016 23.
835 2982 1094 3031 postquam

202 3034 414 3079 mutabat
435 3041 590 3074 aestus
608 3036 862 3088 eodemque
882 3049 971 3089 quo
993 3046 1094 3074 ven-

203 3098 280 3133 tus
293 3090 510 3145 ferebabg
539 3089 750 3133 Frontin.
777 3091 969 3148 Strateg.
992 3091 1033 3140 2,
1054 3089 1094 3140 2,

206 3148 274 3193 12.
299 3148 359 3189 ab
388 3164 443 3191 ea
460 3154 600 3201 parte
618 3179 629 3201 ‚
671 3161 733 3189 ex
757 3162 850 3203 qua
873 3151 1096 3191 decursus

201 3206 248 3246 in
268 3220 482 3250 aversam
502 3205 711 3247 hostium
731 3206 876 3246 aciem
885 3205 1094 3262 ferebat.

203 3263 492 3323 Quapropter
518 3260 610 3302 noli
638 3277 742 3303 cum
765 3262 970 3308 Acidalio
995 3276 1093 3305 cor-

202 3336 344 3376 rigere
379 3329 422 3362 te
443 3320 605 3374 ferat,
654 3317 779 3374 quod
811 3318 1094 3362 festinantius

200 3379 247 3420 in
274 3379 519 3420 verborum
554 3382 762 3417 contextu
796 3376 994 3434 positum
1028 3382 1093 3418 est

202 3435 256 3478 ab
285 3434 492 3478 Oberlin.
524 3440 566 3475 et
590 3432 784 3476 Seebod.
819 3433 892 3477 ed.
931 3433 1094 3483 altera3

200 3507 315 3536 neve
345 3508 449 3535 curn
477 3490 748 3535 Heumanno
782 3490 928 3533 scribe
960 3505 1096 3546 quem

199 3564 305 3591 cum
350 3581 360 3592 .
392 3579 406 3593 .
439 3581 450 3594 .
489 3581 501 3594 .
533 3547 706 3605 ferat,
763 3563 873 3591 neve
905 3564 952 3590 ex
983 3562 1096 3607 pro·-

1159 1098 1256 1141 cap.
1280 1081 1347 1125 13.
1382 1096 1457 1124 me
1483 1095 1592 1123 vero
1613 1083 1770 1124 dulces
1792 1109 1806 1124 .
1822 1112 1834 1124 .
1848 1111 1862 1124 .
1884 1079 2050 1123 Musae

1161 1170 1174 1183 .
1191 1169 1205 1182 .
1219 1171 1232 1184 .
1255 1141 1303 1183 in
1325 1141 1408 1183 illa
1431 1153 1575 1181 sacra
1596 1140 1788 1194 illosque
1797 1137 1952 1194 sonus
1963 1137 2007 1236 ζ
2024 1156 2052 1168 -

1160 1205 1302 1253 rant,
1375 1204 1417 1240 et
1460 1204 1544 1239 tua
1583 1194 1840 1241 defenditur
1879 1210 1961 1239 ver
1996 1194 2048 1245 is,

1159 1271 1274 1313 quae
1297 1271 1395 1313 cap.
1417 1254 1460 1297 9.
1487 1255 1720 1312 leguntur:
1750 1253 1820 1296 w's
1834 1253 2054 1309 pulcher·

1160 1313 1315 1355 rimae
1347 1319 1553 1353 naturae
1587 1319 1723 1358 tuae.
1764 1316 1815 1352 ut
1841 1307 2051 1353 animad-

1157 1385 1334 1414 versum
1375 1377 1441 1414 est
1476 1368 1645 1412 dudum
1688 1385 1714 1413 a
1746 1365 2051 1426 Wopkensio

1158 1427 1276 1485 apud
1300 1425 1526 1471 Orellium
1549 1425 1605 1468 ad
1630 1424 1675 1468 h.
1698 1425 1729 1469 l.

1217 1555 1380 1584 errare
1422 1541 1591 1585 mamis.
1659 1538 1794 1584 Nulla
1831 1555 1946 1599 opus
1989 1545 2056 1583 est

1161 1597 1492 1643 emendatione.
1549 1613 1652 1640 nam
1678 1605 1802 1641 recte
1825 1595 2052 1656 explicue-

1160 1665 1269 1699 runt
1299 1655 1508 1712 interprr.
1540 1653 1913 1712 „cii-cumvagari‘
1939 1653 2056 1697 infra

1163 1729 1338 1764 arcem,
1390 1712 1437 1755 in
1485 1711 1858 1756 humilioribus-‘³
1926 1709 2058 1754 Reii-

1164 1770 1375 1815 ciendum
1402 1778 1467 1813 est
1488 1769 1628 1826 igitur
1645 1768 1811 1814 Schelii
1839 1770 2055 1824 haerere,

1161 1826 1518 1871 Schurzsseischii
1550 1835 1732 1869 terram
1761 1827 1939 1878 mavi-35
1979 1826 2056 1884 qui

1162 1885 1307 1943 arguti
1340 1884 1507 1942 aliquid
1541 1884 1718 1948 quaeri}
1750 1883 1800 1928 in
1839 1883 2058 1942 oppositis

1163 1957 1262 1985 arx
1295 1951 1339 1985 et
1374 1949 1529 1996 terra,
1567 1948 1616 1983 ut
1649 1957 1824 1985 summa
1854 1956 2058 2000 quaeque

1163 2008 1207 2043 et
1238 1998 1615 2056 praestantissima
1650 2007 1938 2057 opponantur
1967 1999 2053 2043 hu-

1164 2056 1417 2100 milioribus
1432 2063 1474 2098 et
1489 2054 1758 2108 levioribus3'
1774 2054 1970 2111 schulzii
1984 2056 2057 2109 de·

1165 2115 1300 2171 nique
1325 2127 1503 2168 repere.
1544 2135 1599 2145 —-
1660 2112 1712 2156 In
1738 2113 1809 2156 ed.
1831 2111 1934 2157 Put.
1956 2113 2057 2158 sre-

1164 2170 1323 2229 quenti
1351 2185 1506 2214 errore
1532 2168 1697 2229 legitur
1718 2172 1889 2214 manus.

1220 2300 1411 2329 summa
1476 2288 1753 2338 adepturus.
1856 2283 2057 2334 probavi

1167 2342 1355 2387 Acidalii
1381 2342 1766 2391 emendationem,
1803 2341 1859 2388 ab
1882 2341 2058 2392 Orellio

1166 2401 1331 2457 [ssoeit.
1345 2408 1388 2442 et
1402 2400 1535 2456 Rup.]
1551 2398 1796 2457 praelatam
1813 2400 2059 2459 scripturae

1163 2461 1209 2502 in
1224 2457 1319 2502 aiiis
1336 2457 1458 2500 libris
1472 2461 1673 2515 vulgatae
1689 2460 1902 2510 adeptus.
1932 2457 2060 2502 Pate·

1164 2516 1230 2560 bit
1251 2514 1372 2558 enirn
1395 2517 1644 2558 accuratius
1663 2514 1930 2564 sententiam
1951 2530 2060 2559 con-

1162 2572 1400 2623 sideranti,
1441 2572 1551 2629 Apri
1574 2579 1768 2614 mentem
1792 2586 1915 2624 esse,
1951 2572 2062 2617 Ma.-

1164 2638 1343 2674 ternum
1373 2639 1468 2672 tum
1495 2629 1676 2686 quidem
1701 2643 1799 2673 non
1824 2627 1914 2672 iam
1939 2643 2059 2673 con-

1165 2696 1405 2746 sequutum
1429 2686 1565 2728 fuisse
1586 2701 1809 2730 summam
1833 2685 2059 2731 oratoriae

1165 2743 1443 2802 eloquentiae
1482 2744 1688 2795 laudem;
1753 2742 1830 2787 sed
1875 2742 2059 2787 faculta-

1164 2812 1256 2845 tem
1305 2801 1345 2846 ei
1384 2810 1427 2843 et
1467 2816 1591 2857 spem
1625 2800 1720 2843 eius
1757 2799 2060 2859 acquirendae

1164 2876 1255 2905 non
1279 2859 1453 2906 deesse,
1485 2859 1594 2900 ferri
1619 2873 1723 2900 eum
1747 2857 1804 2900 ad
1824 2873 2058 2902 summum

1164 2916 1386 2974 fastigium
1410 2916 1501 2972 ipsa
1527 2924 1684 2958 natura
1703 2930 1799 2959 sua.
1827 2913 2060 2962 similiter

1166 2974 1282 3017 Plin.
1305 2972 1447 3030 Epist.
1473 2974 1514 3020 5,
1535 2972 1577 3023 9,
1599 2973 1640 3014 5.
1672 2986 1865 3016 summa
1895 2987 2055 3017 conse-

1166 3039 1419 3088 quatinus,
1470 3032 1513 3074 si
1542 3031 1737 3075 virtutes
1768 3031 1868 3074 eius
1896 3037 2056 3082 matu·-

1166 3090 1384 3135 ruissent.

1222 3217 1278 3245 oc
1316 3202 1415 3245 tibi.
1489 3201 1605 3246 Edd.
1641 3203 1848 3261 antiquae
1889 3201 2058 3253 omise-

1166 3268 1274 3303 runt
1310 3274 1367 3301 ac
1404 3259 1646 3318 copulam,
1693 3275 1826 3320 quam
1864 3276 1915 3303 ex
1952 3259 2057 3307 cod·

1165 3317 1324 3367 Fam„
1355 3326 1405 3360 ut
1427 3318 1625 3371 videtur,
1666 3334 1772 3363 nam
1793 3316 1894 3361 MS.
1916 3316 2055 3375 Neap.

1167 3389 1346 3433 quoque
1389 3375 1563 3419 exhibet
1609 3391 1728 3425 eam,
1787 3373 1880 3417 inte
1937 3373 2056 3419 osuit

1166 3433 1339 3490 Lipsius
1362 3440 1405 3474 et
1431 3433 1643 3492 deinceps
1664 3446 1837 3476 omnes.
1945 3447 2057 3474 ron-

1168 3488 1267 3536 kius
1313 3489 1604 3536 coniieiebate
1657 3501 1869 3533 exercere
1909 3491 2060 3532 hone«-

1168 3554 1319 3599 stum,
1361 3555 1405 3591 et
1428 3549 1533 3595 tibi.
1576 3547 1651 3609 qui
1675 3546 1712 3592 si
1735 3553 1887 3592 motus
1913 3555 1978 3591 est
2003 3548 2058 3594 ad
