2150 4022
171 225 300 286 204
476 223 723 285 IULII
770 221 1089 286 AGRIC.
1123 224 1364 305 VITA
1408 223 1734 291 CAP.·42.
1786 216 1790 222 ¹

174 358 302 414 mul
330 367 745 435 ¹terrentesque
781 367 1114 431 pertraxere
1155 356 1231 411 ad
1257 351 1694 425 Domitianum.
1727 384 1732 392 ·
1787 359 1894 434 qui
1929 378 2035 434 pa-

174 453 336 499 ratus
363 442 770 510 simulatione,
812 441 877 497 in
905 440 1313 514 adrogantiam
1347 442 1826 516 compositusjffet
1844 443 2035 502 audiit
2073 431 2090 446 ⁴

172 547 373 603 preces
424 527 777 596 excusantiS,
833 540 920 596 et,
978 547 1112 583 cum
1154 525 1483 596 adnuisset,
1525 526 1634 601 'agi
1667 519 1784 584 sibi
1820 529 2036 604 gratias

173 632 377 688 passus
413 623 527 668 est:
575 633 684 686 nec
717 613 954 669 erubuit
992 611 1266 668 beneficii
1301 612 1548 672 invidia.
1637 614 1923 671 'salarium
1944 627 2036 673 ta·-

173 719 312 754 men
336 698 749 773 proconsulari
772 698 1014 770 solitum
1043 697 1244 752 offerri
1270 709 1326 755 et
1352 695 1713 773 quibusdam*
1737 720 1771 756 a
1807 720 1866 756 se
1906 701 2034 776 ipso

173 803 514 840 concessum
549 778 860 858 Agricolae
901 803 1026 839 non
1062 782 1250 838 dedit:
1312 782 1434 839 sive
1468 783 1730 840 offensus
1765 794 1891 842 non
1933 807 2036 861 pe-
2084 821 2087 824 ⁴
2140 817 2148 833 =

173 869 377 938 titum,
420 869 542 925 sive
580 890 646 926 ex
687 868 1079 937 conscientia,
1122 888 1196 923 ne
1233 870 1394 943 quod
1433 881 1697 931 vetuerat
1737 871 2037 929 videretur

173 954 399 1015 emisse.

169 1196 290 1242 cker.
311 1196 609 1251 etHertelius.
664 1196 831 1242 Sensus
857 1205 946 1242 est:
971 1213 1065 1241 non

167 1265 262 1300 tam
302 1256 510 1308 obscuri,
555 1271 690 1315 quam
726 1264 877 1308 antea,
923 1271 1062 1314 quum

167 1313 393 1358 occultius
459 1322 636 1358 tantum
689 1314 1065 1359 criminabantur.

167 1371 247 1416 Sic.
270 1371 481 1428 explicuit
503 1371 770 1426 Becke1-us„
796 1372 875 1415 sed
907 1371 974 1414 vix
1001 1371 1065 1412 fe·

143 1428 312 1495 'reuda
336 1437 400 1471 est
423 1445 473 1473 ea
503 1427 665 1478 lectio,
697 1445 782 1486 qua
816 1429 1065 1488 imputatur

166 1485 411 1553 Agricolae
466 1497 559 1531 tam
614 1487 753 1530 fuisse
803 1503 965 1537 caeco,
1019 1494 1068 1528 ut

166 1559 342 1602 priores
364 1543 557 1588 istorum
581 1544 818 1587 hominurn
843 1545 1066 1587 machina·

166 1601 314 1645 tiones
339 1616 396 1644 ne
421 1603 693 1661 perspexerit
723 1601 921 1659 quidem.
985 1601 1067 1643 Be·

166 1674 226 1703 ne
264 1668 308 1703 et
344 1658 579 1718 ingeniose
622 1660 772 1717 igitur·
801 1659 1069 1704 emendabat

165 1715 409 1761 Rhenanus
443 1720 541 1761 iam
575 1718 783 1773 obscuri,
845 1718 967 1776 quod
1000 1733 1067 1759 re-

168 1783 352 1833 ceptum
392 1783 456 1819 est
499 1777 554 1819 ab
595 1774 811 1819 omnibus
856 1777 1065 1832 deinceps

164 1833 492 1892 interpretibus
537 1843 581 1877 et
621 1850 683 1877 nu
720 1833 805 1885 eris
835 1831 1064 1878 Walchio

166 1898 211 1934 et
235 1891 366 1935 Imm.
393 1890 615 1934 Bekkero.
675 1850 742 1934 liin
776 1892 894 1934 enirn
921 1892 1066 1948 impu-

169 1949 345 1993 dentiae
368 1949 678 2007 procedebant
703 1948 790 2001 isti,
820 1957 872 2004 ¹ut
898 1965 952 1991 ne
977 1957 1066 1991 stu-

166 2006 326 2051 derent
367 2006 552 2064 quidem
600 2006 748 2051 celare
789 2006 1068 2066 Agricolam,

167 2080 282 2124 quae
313 2065 602 2114 molirentur.

225 2156 564 2205 terrentesque.

118 2211 122 2214 ’
166 2214 426 2263 rentesque.

634 2148 719 2194 Ed.
754 2149 858 2194 Put.
895 2166 963 2209 pr.
1005 2156 1070 2192 te-

218 2299 427 2346 poratus
458 2288 774 2336 simulatione.
834 2291 913 2338 Sic
932 2291 1068 2336 MSS.

167 2349 341 2394 Vaticc.
378 2353 511 2405 (teste
546 2349 776 2406 Broterio)
818 2350 920 2395 edd.
956 2351 1068 2395 anti-

167 2424 281 2467 quae
329 2417 372 2450 et
415 2416 603 2452 recentt.
653 2407 912 2466 pleraeque.
1015 2409 1067 2452 In

154 2465 374 2524 *margine
411 2466 514 2509 cod.
542 2465 643 2510 Vat.
675 2465 804 2509 3429.
848 2468 1066 2525 scriptum

168 2523 271 2568 estz'
321 2522 478 2574 „alius
518 2523 650 2567 habet
691 2525 1067 2569 simulatiom's.”

169 2581 380 2625 Primum
428 2582 474 2624 in
523 2582 591 2626 his
626 2582 778 2626 verbis
814 2583 1067 2626 offendebat

165 2639 479 2690 Boxhornius,
510 2641 585 2698 qui
612 2641 976 2698 interpunctione
1010 2641 1068 2684 la·

168 2699 333 2741 horare
378 2697 502 2741 hunc
552 2699 705 2741 locum
751 2699 956 2756 opinatus
1004 2698 1069 2742 sic

170 2755 497 2810 distinguebat:
538 2755 763 2809 baracus,
804 2757 1067 2798 simulatio-

168 2827 228 2856 ne
258 2813 308 2854 in
342 2815 504 2867 adt-og.
534 2814 798 2866 composit„
843 2823 892 2856 ut
922 2822 1068 2868 paro-

173 2879 251 2913 tus
301 2869 626 2928 intelligeretur
674 2869 959 2914 Domitianus
1014 2871 1066 2913 ad

169 2926 415 2986 Agricolae
479 2927 810 2971 excusationem
877 2931 1067 2972 audien-

170 2986 303 3036 da1n3
344 2985 647 3028 simulatione
683 2987 729 3027 in
765 2990 873 3029 adr.
917 3002 1067 3038 comp.

170 3044 313 3094 idem,
357 3042 434 3099 qui
471 3058 564 3084 non
603 3043 831 3086 lubentem
871 3053 914 3087 et
945 3044 1064 3087 invi-

172 3111 269 3144 tum
303 3100 629 3144 excusationem
664 3100 782 3143 illam
821 3119 867 3144 se
903 3102 1066 3153 admit-

170 3165 413 3216 tere.gestu
445 3165 489 3200 et
521 3157 668 3200 verbis
703 3158 754 3199 ad
787 3160 958 3201 tristem
989 3160 1069 3201 ad·-

171 3215 422 3272 rogautiain
493 3215 754 3272 compositis
815 3215 1065 3260 simulabat.

172 3274 274 3316 Non
303 3273 463 3316 melior
490 3271 680 3321 Ernestii
708 3274 961 3318 emendatio
983 3289 1068 3327 pa·

171 3339 284 3373 rata
333 3332 659 3380 simulatione,
734 3346 1066 3387 supervacanea

174 3389 355 3445 ssipont.
391 3386 549 3445 Engel.
587 3396 629 3430 et
665 3385 870 3430 Oberlini
917 3404 1068 3432 corre-

174 3448 292 3490 ctio:
323 3455 527 3501 paratus
551 3445 861 3497 simulationi,
887 3455 930 3490 et
951 3445 1068 3488 Doe-

175 3503 379 3545 derleinii
417 3504 463 3547 in
492 3502 693 3546 translat.
722 3519 894 3547 vernae.
931 3519 972 3559 p.
998 3504 1069 3546 62.

176 3562 218 3604 is
245 3569 473 3615 paratus,
518 3561 821 3604 simulatione
858 3570 900 3604 et
939 3563 1068 3602 vultu

504 955 815 1031 proprium
847 949 1106 1024 *humani
1140 954 1380 1027 'ingenii
1438 965 1552 1024 est,
1620 956 1813 1013 odisse
1858 972 2038 1034 quem
2115 1019 2123 1025 ‚

1140 1205 1225 1240 etc.
1301 1194 1439 1238 Recte
1469 1194 1628 1256 nuperi
1664 1193 1858 1240 editores
1892 1213 2035 1240 serva·

1139 1261 1245 1296 runt
1291 1253 1564 1310 scripturam
1622 1252 1870 1309 vulgatam,
1931 1269 2035 1298 nam

1133 1321 1336 1366 paratus
1357 1309 1548 1353 ablativo
1571 1310 1695 1376 iungi
1721 1327 1852 1368 posse
1885 1315 1929 1356 et
1960 1329 2042 1364 rae

1138 1371 1201 1412 tio
1234 1371 1353 1412 adest
1388 1378 1427 1411 et
1465 1368 1575 1411 locis
1610 1376 1884 1425 scriptorum
1925 1378 2034 1416 vett.

1138 1427 1372 1485 probatur.
1434 1425 1507 1470 Cf.
1535 1424 1730 1470 Waleh.
1755 1427 1811 1470 ad
1834 1426 1878 1479 b.
1902 1428 1934 1472 l.

1196 1543 1405 1598 beneficii
1431 1543 1616 1584 invidia.
1674 1539 1906 1585 Ernestius
1932 1558 2034 1585 cen·

1141 1601 1265 1644 sebat
1301 1599 1589 1643 scribendum
1622 1599 1814 1648 ιἠίιινία,
1855 1609 1906 1653 ut
1925 1596 2037 1650 ὀξύ-

1139 1672 1302 1716 μωρον
1326 1664 1454 1700 esset.
1514 1655 1594 1698 Est
1619 1671 1729 1711 vero
1761 1657 2033 1709 beneficium

1142 1716 1448 1759 invidiosum.v
1477 1715 1542 1757 ln·
1580 1712 1829 1757 crateribus
1849 1714 2037 1760 huiusce

1141 1773 1357 1832 temporis
1384 1771 1521 1815 'multa
1547 1729 1669 1816 l'audi
1693 1786 1816 1814 versa
1844 1788 1940 1816 esse
1963 1789 2036 1817 eo-

1139 1842 1332 1889 rumque
1355 1830 1473 1873 inter
1495 1828 1710 1873 beneficia
1733 1828 1886 1880 relata,
1925 1843 2039 1889 quae

1140 1891 1402 1946 neutiquam
1425 1904 1478 1930 eo
1504 1887 1778 1944 pertineant,
1809 1887 1913 1931 salis
1930 1903 2040 1932 con0*

1138 1957 1240 1992 stat.
1301 1945 1547 2002 Adpositus
1586 1954 1651 1987 est
1681 1945 1878 1989 Senecae
1909 1945 2037 1990 loeus
2076 1951 2081 1957 ’

1140 2006 1196 2047 de
1231 2003 1382 2046 benef.
1418 2000 1460 2055 4,
1499 2002 1567 2046 17.
1595 2004 1698 2057 quis
1732 2009 1800 2044 est
1831 2005 1913 2059 qui
1937 2016 2039 2046 non

1140 2062 1374 2118 beneficus
1416 2061 1568 2102 videri
1606 2062 1781 2102 malit?
1833 2061 1914 2116 qui
1943 2076 2039 2105 non

1139 2122 1260 2162 inter
1282 2120 1460 2160 scelera
1483 2126 1528 2160 et
1550 2117 1750 2159 iniurias
1772 2119 2036 2170 opinionem

1141 2177 1362 2219 bonitatis
1396 2176 1615 2230 affectet?
1659 2176 1741 2232 qui
1769 2190 1868 2219 non
1905 2177 2035 2232 ipsis,

1143 2249 1262 2291 quae
1282 2234 1664 2288 impotentissime
1674 2232 1806 2288 secie,
1841 2236 2038 2288 speciem

1141 2294 1351 2347 aliquam
1386 2292 1554 2333 induat
1587 2292 1702 2333 recti
1709 2290 1730 2332 ἲ
1780 2293 1888 2333 velit
1920 2298 2038 2348 quo-

1142 2365 1230 2406 que
1253 2357 1299 2391 et
1323 2350 1376 2392 iis
1399 2348 1667 2403 beneficium
1688 2350 1886 2404 dedisse,
1924 2365 2040 2405 quos·

1139 2408 1311 2450 laesit?
1369 2406 1564 2449 Gratias
1595 2407 1752 2461 itaque
1773 2409 1856 2461 agi
1873 2408 1963 2450 sibi
1977 2410 2039 2451 ab

1138 2467 1235 2520 liis,
1278 2479 1410 2522 ‘quos
1463 2462 1708 2521 afflixere,
1763 2467 2041 2518 patiuntur:

1141 2526 1374 2579 bonosque
1410 2537 1460 2565 se
1490 2537 1544 2563 ac
1582 2522 1798 2563 liberales
1826 2523 2034 2579 fingunt,

1142 2583 1251 2636 quia
1309 2587 1578 2633 'praestare
1658 2593 1752 2620 non
1819 2588 2037 2633 possunt.

1140 2638 1404 2696 Exemplum
1429 2637 1532 2683 vide
1554 2636 1641 2680 An.
1663 2637 1704 2684 6,
1729 2635 1803 2680 23.

1197 2753 1433 2795 salarium
1467 2780 1479 2793 .
1504 2782 1515 2794 .
1543 2779 1563 2793 .»
1584 2752 1923 2803 proconsulari
1953 2766 2037 2796 so-

1140 2811 1280 2852 litum
1310 2809 1481 2864 offerri.
1553 2807 1623 2851 Cf.
1667 2807 1776 2853 Dio.
1809 2807 1932 2853 Cass.
1965 2811 2036 2861 78,

1140 2869 1210 2910 22.
1259 2865 1407 2921 τούτῳ
1450 2863 1540 2923 γὰρ
1571 2866 1644 2919 (de
1676 2864 1860 2909 Aufidio
1893 2868 2036 2912 Fron-

1141 2935 1246 2968 tone
1280 2938 1431 2966 sermo
1465 2920 1683 2978 est)·01')'te
1713 2921 1794 2976 τὴν
1811 2922 2040 2984 Ἀφρικὴν

1140 2984 1600 3039 κατακληρωσαμένῳ
1624 2982 1718 3024 τῶν
1729 2978 1922 3039 Ἄφρων
1947 2982 2038 3028 αὗ-

1141 3040 1222 3084 rene
1287 3042 1707 3097 παραιτησαμένων
1778 3037 1883 3084 οὔτε
1953 3041 2039 3098 τὴν

1134 3098 1293 3142 Ἀσίαν
1318 3101 1465 3140 καίτοι
1488 3100 1706 3166 Ιιξεταθεὶς
1724 3095 1869 3142 αὐτὸν
1893 3101 2039 3145 ἐκεῖσε

1143 3153 1384 3213 πρότερον.
1469 3171 1575 3212 voye
1624 3153 1719 3212 μὴν-ι
1760 3153 2038 3216 ἱκνούμενον

1138 3217 1275 3271 γέρας
1304 3216 1380 3256 καὶ
1415 3217 1531 3256 οἴκοι
1555 3216 1741 3271 μένοντι
1770 3214 1920 3271 αὐτῷ,
1956 3215 2038 3266 τὰς

1139 3274 1273 3315 πέντε
1307 3274 1383 3313 καὶ
1417 3275 1558 3316 εἴκοσι
1586 3268 1837 3329 μυριάδας,
1886 3273 2037 3328 δοθῆ-

1139 3337 1215 3373 ναι
1236 3326 1518 3386 εἰςηγήσατο.
1557 3329 1612 3374 οὐ
1633 3331 1793 3387 μέντοι.
1815 3331 1893 3373 καὶ
1916 3332 2037 3376 ἐκεῖ·

1142 3403 1220 3436 νος
1260 3386 1400 3436 αὐτὰς
1433 3388 1620 3444 ἔλαβεν,
1658 3385 1803 3430 εἰπὼν
1837 3386 1923 3431 οὐκ
1948 3387 2038 3450 ἀρ-

1139 3448 1302 3502 γυρίου
1363 3444 1463 3487 ἀλλ’
1523 3443 1770 3504 ἡγεμονίας
1833 3445 2036 3494 δεῖσθαι.

1141 3503 1351 3546 Ceterum
1378 3505 1629 3547 notandum
1656 3510 1744 3557 est,
1792 3503 2035 3549 Bl‘eterium

1140 3560 1257 3619 apud
1304 3561 1564 3605 Broterium
1617 3559 1860 3604 correxisse
1902 3560 2036 3608 sala-
