2150 4022
316 296 323 300 ’
381 311 503 373 DE
548 273 1080 383 GER‘MANIA
1132 298 1589 371 memes.

1824 311 1907 371 67

56 468 144 508 ses
168 443 492 505 conditoris
521 440 613 499 sui
642 439 884 496 nomine
910 448 1227 506 vocentur,
1280 438 1516 512 origine
1535 441 1907 512 erubescunt,

55 530 403 605 transgressi-
432 529 578 585 olim
615 537 673 583 et
709 522 1108 598 experimento
1133 521 1271 578 fidei
1298 542 1475 597 super
1494 524 1679 599 ipsam
1701 523 1905 585 Rheni

56 619 244 694 ripam
271 613 568 680 collocati,
609 621 676 668 ut
703 619 996 677 arcerent,
1041 627 1166 664 non
1190 602 1266 664 ut*
1283 610 1736 671 custodirentur.

221 697 444 758 XXIX.
488 693 780 754 Omnium
816 690 1030 750 harum
1071 692 1331 766 gentium
1367 693 1584 752 virtute
1608 697 1910 772 praecipui

51 785 264 845 Batavi
292 804 417 840 non
455 783 711 839 multum
748 799 815 835 ex
853 779 1013 854 ripa,
1067 778 1168 834 sed
1207 778 1462 838 insulam
1487 777 1689 838 Rheni
1717 783 1909 840 amnis
1966 768 1970 772 ⁵

29 860 290 940 colunt,
350 867 657 926 Cattorum
706 864 1008 941 quondam
1054 864 1309 938 populus
1359 873 1416 920 et
1463 866 1751 924 seditione
1798 869 1919 942 do-‚

52 956 288 1013 mestica
312 955 377 1010 in
403 973 498 1009 eas
525 954 689 1008 sedes
713 961 1132 1022 transgreSSUS,
1176 947 1242 1004 in
1262 948 1478 1024 quibus
1499 970 1633 1024 pars
1645 951 1908 1010 Romani

48 1038 286 1116 'imperii
322 1040 545 1097 fierent.

54 1127 232 1199 signe.

55 1211 269 1270 atterit.

108 1400 363 1444 conditoris
396 1399 484 1443 sui.
553 1396 614 1440 cf.
650 1396 736 1439 An.
774 1395 840 1446 12,
869 1385 942 1436 27.

50 1457 223 1518 Lipsius
281 1457 458 1500 volebat
507 1454 762 1497 conditoris
812 1466 943 1502 suae,

49 1532 183 1574 quem
206 1514 440 1558 Passovius
459 1512 667 1556 refutavit
686 1512 734 1553 in
757 1510 942 1553 adnota-

48 1575 122 1618 tis.
189 1571 494 1615 Sed‘fortasse
526 1570 740 1612 conditor
773 1566 942 1610 intelli-

50 1629 221 1687 gendus
253 1637 316 1671 est
340 1631 572 1682 Agrippa,
612 1626 689 1682 qui
719 1623 823 1667 illos
846 1631 940 1666 tra·-

50 1687 188 1731 duxit.
262 1685 400 1727 Sellin
435 1717 447 1728 .
473 1685 501 1727 l.
525 1682 554 1725 l.
582 1698 627 1740 p.
653 1681 726 1725 23.
750 1683 827 1723 sui
850 1696 942 1723 esse

51 1742 336 1803 pronominis
352 1701 550 1785 reffexivi
567 1739 806 1797 genitivum
823 1738 938 1780 bene

50 1802 273 1847 observat,
298 1807 346 1841 ut
368 1800 717 1855 interpretemur
740 1797 939 1838 condito-

49 1873 153 1901 rem
173 1858 249 1909 sui
263 1872 384 1904 eum,
408 1858 483 1913 qui
506 1869 566 1903 se,
590 1853 940 1911 Agrippinenses

49 1915 287 1964 nimirum,
316 1913 534 1956 condidit.

102 1971 326 2017 collocati.
385 1970 492 2014 MS.
515 1967 704 2025 Longol.
742 1965 814 2010 ed.
840 1964 937 2008 No-

47 2027 182 2077 ximb.
207 2027 377 2070 collati.
519 2042 522 2046 ·

104 2085 459 2129 custodirentur.
521 2083 621 2127 MS.
644 2081 755 2126 Tur.
782 2087 940 2124 custo-

44 2144 218 2187 dirent.
597 2167 608 2183 ὲ
676 2186 679 2190 v

102 2199 216 2244 CM).
235 2199 306 2242 29.
347 2199 535 2241 Batavi.
594 2198 670 2242 Sic
682 2197 778 2240 MS.
798 2195 940 2241 Hum-

44 2256 148 2300 mel.
162 2257 235 2307 (ab
250 2256 403 2299 eadem
427 2270 567 2297 manu
587 2257 634 2298 iu
660 2256 821 2311 marg.)
836 2253 937 2296 edd.

43 2313 146 2357 Put.
170 2314 269 2358 Ber.
289 2313 387 2357 Alc.
412 2311 553 2356 Rhen.
581 2329 680 2369 sqq.
741 2311 801 2355 cf.
822 2310 938 2355 Hist.

47 2376 86 2421 1,
109 2372 179 2414 59.
210 2373 252 2419 2,
274 2371 318 2412 8.
343 2371 409 2413 17.
430 2370 503 2412 22.
525 2379 567 2412 et
589 2370 705 2412 alibi.
740 2392 797 2400 —
842 2369 940 2410 Ba-

45 2429 163 2472 tavii
182 2428 317 2471 MSS.
341 2427 450 2470 Tur.
475 2426 663 2483 Longol.
692 2426 792 2468 edd.
820 2425 938 2482 Spir-

45 2485 400 2534 Kath.Norirnb.
423 2507 478 2517 -—
522 2486 706 2534 balani,
731 2484 776 2525 in
797 2498 936 2539 marg.

42 2544 174 2587 batha·
192 2543 294 2586 MS.
318 2541 481 2599 stuttg.
519 2569 578 2577 —-
635 2542 766 2584 bachi
794 2539 938 2582 Hum-

45 2599 153 2657 mel.
173 2601 222 2643 in
247 2607 468 2643 contextu.

105 2673 199 2700 non
222 2660 421 2700 multum
444 2670 507 2698 ex
527 2657 634 2709 ripa·
649 2687 661 2706 ,
706 2658 789 2698 sed
810 2655 942 2697 insu-

42 2716 141 2759 lam
173 2716 338 2758 libeni.
399 2712 635 2756 vocabulo
672 2716 776 2768 rupa
812 2711 941 2754 intel-

43 2771 162 2814 leoto
196 2771 262 2814 vel
294 2770 446 2814 addito
477 2771 635 2812 Rheni
653 2769 809 2813 Tacito
846 2771 938 2826 ple-

43 2843 233 2886 rumque
265 2827 432 2871 dicitur
453 2827 576 2885 regio
601 2827 654 2870 ad
680 2827 888 2869 Rhenum
913 2842 936 2868 a

43 2893 168 2942 parte
194 2884 362 2928 Galliae
386 2883 482 2927 sita.
545 2883 636 2926 Iam
675 2899 772 2926 non
808 2887 936 2926 mul-

40 2952 144 2985 tum
167 2957 231 2984 ex
248 2945 352 2996 rzpa
364 2940 512 2984 Batavi
535 2942 747 2985 dicuntur
768 2941 938 2990 colere,

46 3009 96 3042 ut
138 2998 256 3042 hisee
301 2999 447 3042 verbis
499 2999 807 3054 significentur
861 3016 935 3041 ex-

39 3065 182 3100 trema
218 3056 290 3105 illa
314 3054 511 3099 Gallicae
547 3071 675 3103 orae,
719 3071 831 3112 quae
860 3072 937 3097 va-

43 3129 124 3163 cua
144 3110 520 3157 tune'eultoribus
534 3112 688 3156 Batavi
710 3130 732 3154 e
754 3114 936 3169 regione

44 3170 360 3213 transrhenana
400 3170 568 3228 depulsi
603 3181 775 3227 praeter
810 3170 934 3212 iusu-

43 3226 131 3271 lam
160 3229 276 3270 inter
307 3225 412 3269 vada
437 3229 562 3269 sitam
590 3235 933 3284 occupaverant.

42 3281 103 3337 *ss
128 3283 246 3329 Eiet.
261 3286 304 3336 4,
329 3284 396 3327 12.
457 3283 597 3338 igitur
616 3300 710 3327 non
730 3287 932 3326 multum

42 3353 108 3385 ex
140 3342 247 3394 ripa
277 3347 342 3384 est
375 3341 448 3383 ein
475 3342 654 3383 [aleines
677 3342 818 3386 Striclae
849 3345 934 3385 der

47 3396 164 3451 Usar
194 3401 352 3451 egiend.
427 3398 653 3441 Particula
691 3401 775 3441 sed
805 3398 932 3441 insu-

26 3452 149 3501 -lam.
180 3452 301 3498 {beni
328 3454 447 3511 ripae
482 3456 687 3512 opponit.
746 3455 813 3497 Ne
848 3457 934 3513 igi-

44 3516 120 3552 tur
141 3524 246 3554 curn
269 3510 484 3568 Sellingio
507 3514 569 3565 (in
585 3512 811 3556 Observv.
838 3515 937 3557 crit.

0 3612 1 3615 Ἴ
42 3565 94 3610 in
118 3565 271 3631 Agric.
294 3582 340 3624 p.
368 3559 456 3622 152)
490 3577 618 3626 putes
638 3572 720 3610 sed
743 3569 832 3619 vim
855 3572 936 3614 ad-

0 3673 2 3693 l

0 3699 1 3716 l

47 3631 314 3686 ⁴versiauvani
369 3625 454 3671 hoc
507 3625 613 3670 loco
665 3626 937 3686 deposuisse.

634 1032 849 1092 manet·
865 1031 1056 1091 honos
1091 1045 1150 1091 et
1185 1034 1459 1110 antiquae
1491 1035 1779 1093 societatis
1811 1039 1908 1095 in·-

320 1144 458 1180 nam
482 1143 590 1179 nec
616 1120 852 1178 tributis
881 1129 1370 1187 contemnuntur,
1424 1139 1532 1175 nec
1556 1122 1907 1194 publicanus

356 1207 608 1283 exempti
647 1205 928 1262 oneribus
964 1216 1021 1261 et
1055 1203 1473 1265 collationibus
1502 1216 1558 1261 et
1584 1216 1815 1264 tantum
1842 1208 1908 1264 in

1012 1393 1259 1451 Longolius
1290 1394 1441 1438 locum
1475 1395 1742 1454 accipiebat,
1783 1399 1910 1457 quasi

1014 1452 1234 1509 scriptum
1281 1461 1418 1495 esset:

1012 1512 1226 1557 multum,
1242 1513 1324 1552 sed
1336 1517 1394 1558 et,
1412 1511 1532 1566 quod
1547 1521 1806 1557 contortum
1823 1526 1905 1560 est.

1076 1566 1334 1609 Cauarum.
1404 1567 1475 1610 De
1517 1569 1736 1626 scrip-tura
1768 1588 1907 1616 voca-

1013 1622 1110 1666 buli
1145 1623 1235 1666 vid.
1263 1633 1356 1666 not.
1381 1624 1434 1665 ad
1460 1625 1550 1668 An.
1581 1628 1618 1676 1,
1640 1627 1693 1668 55
1749 1630 1812 1681 12,
1835 1623 1906 1674 27.

1016 1679 1084 1728 13,
1118 1681 1186 1724 57.
1245 1680 1358 1723 Hist.
1400 1681 1440 1730 4,
1483 1684 1550 1724 12.
1595 1692 1639 1726 et
1673 1684 1796 1729 alibi.
1856 1689 1910 1732 In

1009 1736 1097 1779 boc
1117 1737 1270 1780 libello
1295 1747 1398 1781 vett.
1424 1739 1522 1781 libri
1550 1739 1813 1800 plerumque
1835 1763 1911 1788 re-

1009 1794 1154 1837 tinent
1174 1795 1439 1852 scripturam
1465 1793 1648 1848 Chatti}
1673 1809 1778 1842 sunt
1799 1817 1909 1846 vero

1011 1851 1140 1894 etiam
1168 1852 1244 1908 qui
1266 1852 1469 1895 scribunt
1497 1854 1655 1896 Catthi
1673 1856 1739 1899 vel
1767 1860 1908 1906 Catti.

1010 1906 1098 1951 Sed
1124 1910 1158 1952 si
1186 1925 1268 1966 qua
1302 1918 1367 1951 est
1398 1910 1444 1951 in
1483 1912 1564 1953 hac
1599 1928 1646 1954 re
1683 1912 1908 1960 librorum

1010 1966 1274 2015 auctoritas,
1314 1967 1522 2020 codices,
1564 1971 1639 2025 qui
1663 1972 1908 2018 Annalium

1013 2030 1057 2065 et
1108 2024 1406 2088 Historiarum
1462 2025 1606 2069 libros
1661 2031 1910 2085 continent,

1013 2091 1118 2124 sunt
1143 2097 1410 2138 superiores.

1067 2141 1265 2193 populus
1297 2170 1309 2181 .
1335 2168 1346 2180 .
1374 2168 1386 2181 .
1418 2147 1764 2195 transgressus.
1822 2145 1907 2192 Ed.

1009 2194 1199 2239 Monac.
1239 2198 1415 2250 populo
1455 2227 1468 2238 .
1507 2229 1518 2240 .
1550 2230 1562 2242 .
1602 2206 1907 2257 transgresso,

1011 2253 1081 2295 De
1104 2270 1151 2296 re
1177 2252 1237 2297 cf.
1260 2253 1370 2296 Hist.
1393 2254 1434 2303 4,
1459 2255 1527 2299 12.

1063 2313 1235 2354 honos.=
1293 2311 1600 2355 EdsNorimb.
1628 2305 1795 2361 honu's.

1066 2370 1290 2423 antiquae
1312 2370 1550 2411 societatis
1569 2371 1761 2424 insigne.
1821 2373 1904 2420 Ed.

1009 2425 1197 2468 Monac.
1220 2429 1413 2480 antiqua
1435 2427 1633 2470 societas
1652 2431 1846 2483 insigne.

1068 2491 1447 2525 contemnuntur.
1512 2483 1614 2526 MS.
1648 2484 1757 2530 Tur.
1795 2504 1908 2531 con-

1011 2547 1248 2583 teruntur.
1330 2539 1447 2583 Edd.
1493 2539 1647 2589 Viteb,
1688 2543 1904 2590 Melanth.

1006 2604 1304 2652 premuntur.
1406 2595 1645 2641 Rhenanus
1711 2599 1906 2647 coniecit

1010 2657 1409 2702 condemnantur,
1458 2653 1671 2720 Micyllus
1710 2663 1905 2703 commi-

1009 2718 1246 2763 nuuntur,
1275 2710 1486 2767 Stephan.
1515 2711 1697 2769 P1ghius
1720 2716 1767 2758 in
1793 2718 1906 2761 Her-

1011 2767 1099 2811 cul.
1132 2767 1316 2810 Prodic.
1352 2784 1394 2824 p.
1433 2767 1502 2811 13.
1545 2779 1900 2831 commutantur,

1013 2824 1222 2868 Aurelius
1274 2834 1637 2876 consternantur
1659 2862 1671 2880 ,
1729 2830 1903 2879 Lipsius

1009 2886 1383 2930 contunduntur,
1416 2882 1600 2927 Crusius
1623 2882 1902 2932 consantan-

1009 2948 1102 2983 tur.
1158 2940 1340 2981 Frustra
1366 2945 1546 2992 omnes,
1578 2951 1624 2984 ut
1650 2944 1790 2989 fusius
1815 2948 1902 2990 do-

1009 2997 1103 3041 cuit
1126 2997 1160 3039 Ι.
1186 2998 1261 3038 Fr.
1290 2996 1543 3040 Gronovius
1570 3000 1624 3042 ad
1649 3001 1691 3044 h.
1710 3003 1736 3044 l.
1797 3004 1902 3047 Ele-

1008 3061 1164 3111 ganter
1181 3055 1375 3112 scriptor
1391 3055 1498 3098 dicit
1523 3065 1903 3114 contemnuntur,

1007 3119 1055 3154 ut
1073 3110 1205 3161 simul
1224 3113 1434 3169 exprimat
1450 3115 1683 3164 rationem,
1709 3133 1819 3172 quae
1839 3120 1902 3161 in·

1006 3167 1332 3211 tercedatinter
1344 3170 1562 3213 victorem
1582 3172 1744 3215 tributa
1762 3176 1902 3232 impo-

1005 3233 1187 3267 nentem
1212 3234 1253 3268 et
1268 3227 1434 3271 victum
1458 3228 1619 3270 tributa
1644 3231 1899 3286 patientem.

1005 3281 1259 3329 Sententia:
1313 3299 1403 3325 non
1444 3285 1501 3327 ita
1546 3296 1903 3332 contemnuntur

1005 3355 1058 3382 ac
1087 3339 1194 3383 viles
1215 3339 1460 3389 hahentur,
1494 3350 1539 3382 ut
1573 3353 1792 3398 cogantur
1825 3347 1900 3389 tri-

1008 3399 1111 3439 buta
1142 3397 1333 3453 pendere
1361 3398 1476 3441 sicut
1502 3396 1707 3442 subactae
1731 3411 1899 3458 ¹arentes.
1932 3412 1937 3418 '

1009 3454 1133 3496 idem
1173 3457 1334 3496 modus
1372 3455 1548 3498 <moenai
1596 3465 1659 3498 est
1696 3455 1752 3500 in'
1777 3475 1850 3518 seq
1890 3495 1901 3506 .

1007 3525 1092 3552 nec
1120 3512 1396 3564 publicanus
1427 3513 1604 3555 atterit.
1667 3514 1735 3558 De
1757 3532 1808 3559 re
1839 3535 1864 3561 c
1890 3551 1900 3562 .

1010 3567 1124 3611 Hist.
1144 3564 1200 3615 4:
1214 3568 1283 3611 12.

1069 3632 1270 3668 tantum.

1205 3684 1337 3743 EQ

1359 3625 1592 3669 Passovius
1648 3629 1741 3671 vult
1791 3638 1902 3674 lan·-

1474 1468 1569 1497 non
1614 1457 1765 1498 solum
1787 1473 1905 1501 non
1952 1494 1962 1499 -
