2150 4022
236 291 359 363 ‘192

514 296 783 362 mm
820 261 1414 363 AGRIG.'x‘⁷1TA
1457 266 1796 366 cimae.

406 427 689 498 XXXVI.
746 425 837 487 Ac
878 429 1072 507 primo
1115 448 1430 503 congressu
1467 431 1698 503 eminus
1736 432 2088 496 certabatur.
2144 422 2150 486 ἶ

237 519 415 579 simul
450 515 807 584 constantia,
865 516 1044 573 simul
1077 526 1202 572 arte
1227 513 1538 586 Britanni,
1585 516 1927 591 ingentibus
1963 504 2091 600 glass

235 605 348 664 diis
372 614 429 683 et
451 601 731 659 brevibus
755 601 958 671 cetris‚
1010 599 1255 656 missilia
1278 611 1620 658 nostrorum
1647 602 1835 666 vitare
1865 604 1961 661 vel
1988 622 2089 661 ex-

234 701 462 758 cutere,
517 698 692 764 atque
729 686 844 762 ipsi
874 699 1148 765 magnam
1183 685 1307 742 vim
1339 685 1597 743 telorum
1637 688 2087 762 superfundere:

232 779 419 834 donec
445 767 721 846 Agricola
761 783 876 828 tres
905 770 1267 829 Batavorum
1306 766 1576 829 cohortes
1607 792 1672 828 ac
1701 771 2089 849 Tungrorum

231 863 378 920 duas
410 854 748 917 cohortatus
776 868 885 926 est,
928 868 996 913 ut
1031 876 1158 913 rem
1192 857 1266 913 ad
1301 872 1614 913 mucrones
1649 877 1716 914 ac
1741 875 1957 917 manus
1979 860 2087 916 ad-

231 949 541 1005 ducerent:
585 944 745 1020 quod
775 953 830 999 et
857 941 1000 1017 ipsis
1027 952 1314 999 vetustate
1340 941 1589 999 militiae
1622 944 2002 1002 exercitatum
2030 958 2088 1002 et

228 1024 794 1089 hostibus-inhabile
817 1047 999 1103 parva
1026 1038 1188 1084 scuta
1221 1038 1277 1084 et
1312 1046 1580 1085 enormes
1615 1028 1842 1102 gladios
1878 1049 2088 1105 geren<-

230 1118 411 1186 tibuS.

510 1134 653 1183 nam
697 1110 1130 1170 Britannorum
1182 1113 1366 1186 gladii
1414 1113 1542 1169 sine
1594 1133 1876 1172 mucrone
1925 1135 2087 1173 com-

229 1204 469 1281 plexum
512 1218 817 1268 armorum
870 1209 928 1256 et
970 1198 1036 1256 in
1084 1209 1211 1255 arto
1262 1217 1523 1274 pugnam
1566 1217 1691 1255 non
1739 1192 2086 1259 tolerabant.

228 1391 461 1446 utriusque
488 1387 700 1434 vocabuli
730 1387 779 1430 in
813 1386 1036 1431 veteribus
1068 1387 1122 1431 li-

228 1449 327 1495 bris
348 1445 648 1492 commutatio
671 1443 942 1498 (cfiErnest.
964 1444 1019 1488 ad
1032 1445 1123 1488 An.

229 1506 271 1557 4,
305 1506 427 1558 60.),
476 1503 555 1547 sed
593 1503 716 1546 nulla
751 1517 864 1560 opus
907 1509 974 1545 est
1015 1519 1121 1547 cor-

226 1562 453 1615 rectione,
494 1575 634 1617 quum
666 1567 920 1614 promptus
949 1561 999 1602 in
1029 1562 1124 1617 alt}-

226 1623 338 1679 quid
359 1618 606 1663 rectissime
631 1617 817 1662 dicatur.

226 1751 228 1753 ,
289 1705 402 1750 CAP.
426 1697 496 1747 86.
525 1703 668 1745 simul
687 1701 974 1744 constantia.
1020 1700 1123 1744 MS.

227 1764 375 1808 Vatic.
406 1759 537 1804 3429.
573 1762 826 1816 simulque,
877 1758 983 1802 inde
1019 1759 1123 1803 edd.

227 1820 416 1866 Becker.
436 1817 610 1863 Hertel.

288 1905 500 1949 brevibus
519 1902 671 1946 cetris.
712 1900 789 1944 Sic
810 1917 854 1944 se
877 1901 1122 1946 correxisse

232 1963 432 2008 Alciatus
456 1959 719 2018 profitetur,
762 1968 827 2001 est
852 1975 963 2004 vero
987 1959 1121 2002 etiam

227 2023 274 2066 i‘n
297 2020 398 2062 edd.
413 2016 624 2061 Be'roald.
647 2026 689 2060 et
712 2032 809 2073 sqq.
835 2017 1047 2059 omnibus
1065 2045 1122 2052 —

227 2078 395 2123 coetris
419 2075 522 2118 MS.
546 2073 584 2111 V
589 2083 647 2116 at.
671 2074 801 2117 3429.
833 2098 890 2106 -
922 2075 1122 2117 caeteris

228 2136 329 2180 edd.
354 2133 457 2176 Put.
482 2148 548 2188 pr.
569 2131 695 2175 Med.
725 2131 882 2175 Venet.
915 2156 968 2164 —-
1012 2147 1121 2174 cae-

225 2195 312 2237 ‘tris
348 2191 418 2234 ed.
449 2190 577 2241 Riv.,
620 2205 753 2246 quam
788 2188 1014 2232 scribendi
1046 2205 1122 2231 ra-

225 2253 395 2296 tionem
419 2247 698 2305 praeferebat
723 2246 930 2290 Heinsius
956 2247 1009 2288 ad
1038 2246 1119 2290 Sit.

224 2308 322 2352 Ital.
343 2305 385 2358 5,
399 2306 501 2349 278.
560 2303 712 2361 Quam
736 2319 820 2346 nos
843 2304 1119 2347 exhibuimus

227 2362 455 2415 formam,
506 2377 565 2405 -ea
606 2361 849 2404 meliorum
895 2361 1119 2404 librorum

225 2423 491 2468 auctoritate
517 2418 691 2463 nititur.
751 2418 860 2461 Erat
882 2426 1119 2463 scutorum

226 2497 366 2539 genus
402 2479 577 2522 loreum
618 2486 661 2520 et
701 2476 832 2535 peltis
876 2476 1020 2519 simile
1059 2476 1118 2520 cf.

223 2539 316 2582 Liv.
342 2536 414 2581 31.
435 2532 506 2579 36.
523 2568 536 2588 ,
565 2550 656 2592 quo
683 2532 908 2593 imprimis
932 2533 1118 2591 Hispani

225 2596 295 2640 usi
329 2595 475 2651 (Caes.
507 2593 614 2636 bell.
651 2592 741 2638 civ.
780 2595 817 2639 1,
839 2590 910 2637 39.
932 2593 1053 2647 70.)‚
1094 2606 1119 2634 a

223 2652 388 2712 quibus
414 2651 470 2695 ad
493 2650 602 2695 alias
629 2648 802 2693 transiit
833 2657 1002 2707 gentes.
1061 2648 1119 2693 cf.

226 2713 281 2755 de
315 2712 356 2754 la
389 2709 537 2754 Cerda
569 2709 626 2750 ad
655 2707 780 2765 Virg.
804 2707 918 2751 Aen.
938 2707 979 2756 7,
1003 2707 1122 2760 732.,

226 2767 488 2812 Comment.
540 2774 630 2810 vet.
682 2765 731 2808 in
781 2764 975 2809 Iuvenal.
1025 2765 1118 2810 Sat.

225 2843 269 2886 p.
291 2825 391 2869 443.
419 2825 489 2868 ed.
521 2822 721 2869 Cramer.

283 2911 511 2951 magnam
564 2895 675 2938 vim.

225 2970 418 3010 magna.

285 3037 381 3073 tres
414 3028 728 3071 Batavorum.
795 3025 873 3070 Sic
905 3043 955 3069 ex
988 3026 1119 3070 tacita

226 3085 431 3132 Rhenani
470 3086 756 3128 correctione
790 3083 913 3127 editt.
961 3098 1119 3127 omnes

227 3163 247 3191 s
282 3161 354 3203 q.‚
392 3141 504 3186 falso
533 3143 651 3184 enim
680 3157 923 3185 numerum
947 3141 995 3184 in
1016 3141 1118 3185 MS.

271 3211 330 3247 at.
344 3200 470 3245 3429.
491 3216 514 3243 a
530 3199 737 3242 Broterio
763 3198 953 3243 exhiberi
970 3198 1117 3241 Dron-

227 3260 328 3305 kius
369 3257 591 3302 adfirmat.
630 3284 688 3293 --
755 3255 870 3301 Edd.
911 3255 1116 3314 antiquae

229 3327 332 3362 ante
352 3315 495 3359 Rhen.
514 3329 599 3369 per
621 3314 798 3356 Batav.

762 2893 846 2939 Ed.
892 2894 994 2940 Put.
1046 2911 1116 2954 pr.

288 3401 600 3454 Tungrorum.
680 3396 757 3440 Sic
794 3414 965 3441 nomen
999 3397 1113 3442 scri-

226 3458 426 3503 bendum
460 3454 637 3501 curavit
664 3454 838 3513 primus
861 3455 1115 3506 Rhenanus,

226 3531 329 3560 nam
353 3517 400 3558 in
424 3514 525 3558 edd.
549 3512 652 3555 Put.
678 3528 744 3569 pr.
769 3512 893 3557 Med.
908 3512 1115 3564 Ven‚Be-

226 3573 369 3617 roald.
402 3570 507 3616 Alc.
547 3569 774 3628 legebatur
807 3570 1114 3623 Tungrorum,

222 3629 553 3674 adversantibus
591 3635 632 3669 et
671 3635 874 3673 veterum
915 3627 1111 3683 lapidum

1195 1387 1594 1451 inscriptionibus,
1638 1388 1686 1436 in
1718 1385 1902 1446 -quibus
1945 1387 2087 1432 (ΞΟΠ.

1194 1444 1428 1498 TUNGR.
1451 1446 1522 1491 vel
1543 1445 1688 1490 COH.
1712 1444 1745 1488 Ι.
1763 1444 2084 1513 ΤΠΝΕΒΟῌ.

1193 1511 1543 1660 ξέξέἒῑῗῐὲρῗέ
1561 1502 1953 1620 ςῗοῗῗὶῗῑῗῖζὲ.
1966 1519 2086 1606 ⁸23}

1253 1707 1303 1744 ut
1322 1715 1440 1742 rem.
1479 1699 1592 1744 Edd.
1611 1699 1715 1745 Put.
1736 1717 1804 1760 pr.
1823 1695 2017 1758 Meddv'
2031 1727 2087 1739 —

1194 1757 1294 1801 edd.
1325 1757 1427 1802 Put.
1456 1758 1571 1802 Ven.
1606 1759 1709 1802 Ber.
1736 1759 1838 1804 Ate.
1869 1756 1996 1803 talio
2030 1782 2088 1794 -

1193 1816 1261 1859 ed.
1283 1815 1380 1858 Riv.
1407 1817 1484 1868 r—e.‚
1525 1832 1573 1859 ex
1601 1831 1694 1873 quo
1720 1831 1825 1860 rem
1860 1817 2086 1877 corrigere

1192 1871 1312 1917 facili
1339 1869 1522 1932 negotio
1548 1881 1724 1933 poterat
1746 1873 2002 1921 Rhenanus.

1250 1977 1550 2028 complexum
1609 1989 1874 2019 armorum.
1962 1977 2088 2024 Bene

1193 2031 1403 2090 explicuit
1435 2031 1668 2075 Ernestius
1702 2048 1928 2092 pugnam,
1972 2051 2086 2094 quae

1192 2089 1241 2131 fit
1286 2089 1485 2138 eminus,
1533 2090 1742 2134 manibus
1779 2092 2084 2145 conserendis,

1192 2147 1315 2191 velut
1349 2147 1465 2204 apud
1498 2145 1623 2191 Caes.
1660 2148 1764 2191 bell.
1801 2148 1888 2194 civ.
1906 2146 1948 2204 3,
1966 2151 2010 2198 8.
2041 2152 2090 2194 si

1193 2205 1242 2246 in
1296 2204 1517 2247 Caesaris
1574 2207 1874 2262 complexum
1930 2211 2087 2253 venire

1186 2269 1374 2317 posset,
1420 2261 1495 2304 sed
1528 2263 1736 2321 ambigua
1770 2263 1830 2308 ibi
1854 2273 1944 2317 “est,
1966 2267 2083 2312 scri·-

1190 2327 1346 2377 ptura‚
1381 2318 1595 2376 etQuint.
1617 2317 2085 2382 declam-4,22.finge

1189 2390 1275 2419 nos
1304 2377 1351 2420 in
1389 2377 1486 2430 ipso
1511 2380 1736 2432 prosperi
1757 2379 1934 2426 Martis
1967 2383 2084 2426 ceci-

1189 2435 1315 2478 disse
1332 2437 1598 2491 complexu.

1249 2543 1295 2578 et
1325 2535 1373 2578 in
1406 2542 1514 2578 arto
1544 2551 1756 2592 pugnam
1787 2553 1881 2582 non
1902 2542 2084 2585 tolera-

1190 2592 1322 2635 banc.
1412 2591 1733 2651 Recipiendam
1793 2596 1895 2641 duxi
1950 2615 1973 2643 e
2031 2615 2083 2644 e-

1191 2650 1308 2706 giam
1370 2649 1540 2693 hancce
1602 2650 1834 2696 Francisci
1890 2655 1967 2699 Me
2002 2657 2082 2703 ici·

1191 2707 1555 2751 emendationem
1568 2739 1582 2758 ,
1614 2724 1747 2767 quam
1769 2709 1955 2771 Lipsius¹
1970 2729 2081 2766 quo-

1191 2781 1303 2822 que,
1358 2762 1608 2818 Gruterus,
1667 2766 1848 2815 Broter.
1905 2770 2080 2817 Ernest.

1188 2821 1466 2865 Lallemand.
1492 2821 1744 2869 Walcbius
1778 2829 1821 2871 et
1842 2826 1877 2871 I.
1900 2827 2082 2874 Bekke-

1189 2895 1266 2922 rus
1298 2879 1562 2937 probarunt.
1621 2881 1788 2940 Nequit
1821 2885 1962 2940 enim,
2001 2889 2081 2933 ubi

1189 2937 1245 2980 ad
1282 2952 1516 2980 armorum
1557 2939 1845 2997 complexum
1879 2958 2082 3002 perven-

1189 3003 1283 3038 tum
1311 3001 1401 3042 est,
1441 2994 1496 3037 de
1518 3010 1668 3056 pugna
1689 2996 1737 3042 in
1765 3008 1918 3058 aperto
1947 3015 2077 3047 com*-
2148 3033 2150 3039 .

1189 3051 1320 3094 missa
1358 3051 1558 3109 cogitari.
1627 3053 1837 3100 Ceterum
1878 3057 1938 3104 cf.
1981 3061 2076 3106 Liv.
2149 3052 2150 3057 Ἰ

1189 3110 1259 3161 28,
1294 3107 1368 3152 33.
1409 3113 1532 3165 quod
1564 3111 1614 3155 in
1645 3121 1754 3157 orto
1779 3129 1946 3169 pugna
1973 3119 2078 3162 Ro·-

1189 3182 1334 3208 mano
1367 3167 1527 3221 optior
1557 3175 1703 3225 quam
1719 3201 1723 3211 ι
1737 3172 1948 3228 Hispano
1984 3177 2079 3219 mi-

1188 3225 1265 3265 liei
1285 3225 1461 3280 futura
1503 3228 1766 3285 videbatur,
1821 3229 1880 3274 ita
1920 3242 2079 3277 nostro
2093 3223 2111 3240 ⁸

1189 3297 1367 3338 quoque
1394 3282 1654 3327 locu-talem
1679 3300 1879 3344 pugnam
1900 3302 1995 3334 non
2017 3290 2080 3335 fe·
2142 3293 2145 3338 ἔ

1186 3340 1346 3382 rebant
1399 3339 1605 3384 Britanni
1665 3350 1708 3386 et
1748 3342 2082 3403 aufugiebant-³
2140 3355 2144 3363 “

1156 3400 1159 3402 ’
1187 3395 1302 3438 Edd.
1332 3397 1540 3453 antiquae
1574 3404 1699 3452 (nam
1727 3401 1782 3444 de
1806 3401 1906 3446 MS.
1930 3405 2078 3452 Vatic.
2138 3399 2142 3447 Ῑ

1185 3453 1312 3497 8429.
1330 3485 1342 3503 ,
1384 3457 1510 3498 cuius
1533 3457 1845 3501 auctoritatem
1871 3458 2074 3521 interpo—
2136 3459 2142 3509 s

1185 3511 1275 3554 suit
1323 3510 1580 3563 Beckerus,
1649 3521 1694 3558 et
1746 3515 1980 3563 Broterius
2032 3529 2077 3564 et
2134 3526 2137 3550 2

1185 3567 1419 3612 Dronkius
1494 3575 1673 3622 tacent)
1747 3572 1953 3619 exhibent
2026 3578 2076 3620 in
2131 3587 2135 3626 j

1185 3634 1374 3679 aperto,
1419 3627 1541 3682 quod
1575 3627 1826 3673 restitutum
1863 3640 1926 3674 est
1953 3649 1974 3675 a
1996 3633 2071 3677 Bi·
2129 3667 2131 3670 s
