2150 4022
462 223 584 286 DE:
641 207 1175 286 GERMANIA
1227 221 1426 286 CAP.
1470 225 1567 287 18.
1617 221 1625 240 ‘
1856 225 1938 286 45

80 347 202 418 -s'dli
247 356 635 415 barbarorum
684 353 936 428 singulis
994 354 1279 412 uxoribus
1335 353 1613 414 contenti*
1647 367 1786 414 sunt
1841 376 1943 414 ex·-

78 444 268 520 ceptis
292 443 612 518 admodum
637 439 868 516 pauciS‚
912 438 1165 514 quinon
1186 439 1467 511 libidine,
1510 441 1612 498 sed
1647 441 1727 497 oh
1762 441 1942 498 nobi-

90 531 312 586 litatem
342 527 635 602 plurimis.⁸
647 524 870 599 nuptiis
901 524 1264 580 ambiuntur.
1374 524 1588 583 Dotem
1625 545 1751 582 non
1787 545 1940 584 uxor

87 614 331 681 marito,
374 613 473 668 sed
496 610 667 668 uxori
692 609 937 665 maritus
970 608 1159 664 offert,
1245 609 1537 667 intersunt
1576 622 1846 686 parentes
1881 623 1941 668 et

42 746 45 750 r
88 698 410 774 propinqui
448 717 512 752 ac
546 715 792 753 munera
833 693 1105 769 probant.
1213 713 1459 750 munera
1498 715 1622 752 non
1663 697 1736 752 ad
1785 696 1939 752 deli-

90 784 207 839 cias
241 778 557 839 muliebres
593 772 851 856 quaesita
871 824 887 847 ‚
946 798 1051 833 nec
1081 778 1296 854 quibus
1330 799 1484 835 nova
1523 793 1706 856 nupta
1743 801 1942 838 coma-

91 880 217 938 tur,
261 869 362 923 sed
398 869 579 923 boves
609 878 666 922 et
702 867 1005 921 frenatum
1035 883 1252 939 equum
1294 875 1354 920 et,
1386 875 1615 920 scutum
1637 887 1786 939 ⁸cum
1819 866 1942 922 sra-

89 974 216 1009 mea
250 953 578 1028 gladioque.
665 951 729 1006 in
753 944 897 1005 haec
927 968 1174 1004 munera
1198 968 1347 1004 uxor
1378 949 1676 1023 accipitur.
1763 963 1939 1026 atque

91 1038 343 1094 invicem
373 1038 497 1112 ipsa
540 1055 841 1091 armorum
873 1033 1101 1109 aliquid
1140 1033 1269 1089 viro
1312 1033 1517 1092 adfert.
1603 1029 1717 1090 hoc
1750 1036 1940 1092 maxi-

89 1143 250 1179 mum
281 1122 585 1178 vinculum
602 1167 618 1190 ,
661 1116 803 1175 haec
827 1138 1035 1174 arcana
1064 1138 1220 1174 sacra
1243 1163 1259 1188 ,
1305 1114 1413 1175 hos
1438 1118 1772 1191 coniugales
1798 1121 1940 1177 deos

90 1208 470 1266 arbitrantur,
555 1204 643 1262 Ne
672 1224 732 1261 se
773 1203 991 1260 mulier
1030 1214 1191 1259 extra
1226 1203 1514 1261 virtutum
1560 1204 1941 1278 cogitationes

379 1477 535 1518 keiner
578 1474 796 1516 Hinsicht
841 1475 977 1515 mehr

1105 1475 1152 1516 in
1171 1475 1286 1515 haee
1319 1477 1531 1516 munera.
1591 1472 1870 1532 praepositio
1891 1479 1942 1520 in

540 1532 629 1576 Sed
662 1532 770 1575 haec
807 1531 975 1574 nemini

1049 1531 1359 1573 conditionem
1415 1529 1658 1588 significat,
1719 1534 1802 1575 sub
1853 1550 1940 1591 qua

1050 1599 1162 1654 etc„
1209 1596 1256 1630 ut
1288 1603 1498 1645 graecum
1536 1588 1618 1632 ἐπί
1646 1605 1750 1633 cum
1785 1591 1940 1639 dativo

1050 1654 1270 1688 iunctum.

87 1477 238 1520 Sitten
283 1478 334 1519 in

89 1552 146 1578 zu
178 1537 311 1577 laben
341 1547 471 1590 seyn-

88 1591 387 1651 persuadebit.

143 1676 428 1719 laudaveris.
487 1672 590 1716 MS.
615 1671 781 1730 stuttg.
806 1675 974 1714 lauda-

90 1735 211 1778 veris

90 1793 254 1835 verim.

145 1862 312 1917 (nuptiis
341 1859 626 1902 ambiuntur.
706 1857 762 1902 H.
800 1873 839 1900 e.
873 1874 974 1900 am-

87 1919 271 1964 biuntur
294 1917 494 1974 accipere
518 1916 708 1972 nuptias.
771 1915 831 1960 cf.
858 1914 973 1958 Hist.

87 1979 129 2029 4,
170 1978 239 2019 51.
299 1976 443 2017 tantis
500 1975 728 2016 sociorum
780 1973 975 2015 auxiliis

88 2035 276 2082 ambiri.
359 2033 449 2076 An.
483 2033 523 2080 2,
554 2029 627 2074 43.
658 2034 805 2072 donec
848 2032 972 2072 ultro

1106 1745 1205 1786 viro
1236 1745 1406 1798 adfert.
1464 1743 1710 1802 Longolius
1734 1750 1939 1798 adnotat:

1047 1800 1159 1852 „alii
1183 1804 1385 1851 marito,
1412 1802 1558 1844 minus
1583 1805 1745 1849 bene.”
1798 1807 1936 1864 Quod

1047 1858 1124 1900 ubi
1166 1857 1222 1900 sit
1265 1858 1477 1902 nescitur.

1046 1924 1162 1958 teres
1194 1923 1235 1957 et
1268 1915 1542 1962 recentiores
1572 1929 1833 1966 constanter
1862 1941 1937 1968 ex-

1043 1972 1198 2016 hibent
1223 1974 1341 2016 viro.

1560 1859 1672 1905 Nam
1715 1865 1816 1908 libri
1863 1884 1938 1912 vo·
1991 1870 2000 1877 ‘

0 2734 11 2739 ,
87 2698 270 2741 marito.

87 2094 346 2138 ambiretur
394 2092 601 2132 delatum
655 2087 713 2129 ab
759 2088 970 2142 Augusto

87 2151 384 2197 consulatum
442 2147 661 2200 accipere.
761 2144 969 2188 Ambitus

86 2219 232 2268 partes
272 2220 330 2248 ne
370 2220 474 2249 cum
506 2203 757 2247 Weikerto
801 2203 970 2246 tribuas

72 2267 192 2325 'ipsis
212 2262 486 2321 virginibus,
517 2262 593 2304 sed
615 2261 874 2317 parentibus
898 2262 969 2303 vet

118 2319 348 2381 ropinquis
379 2336 481 2363 cum
515 2318 692 2363 Hessio.
762 2317 820 2362 cf.
845 2317 970 2362 Caes.

86 2343 141 2426 ἓ.
174 2380 234 2424 G.
280 2381 317 2426 l,
350 2377 420 2421 53.
456 2380 580 2419 duae
599 2375 804 2431 fuerunt
826 2376 970 2418 Ario·-

86 2441 195 2483 visti
211 2450 383 2480 uxores
402 2444 489 2478 etc.

143 2535 272 2566 uxor
317 2519 512 2561 marito.
598 2516 714 2562 Voc.
757 2531 887 2560 uxor
924 2517 970 2560 iu

85 2581 187 2628 edd.
215 2579 351 2622 Rom.
387 2574 596 2618 Norimb.
644 2590 738 2617 non
782 2573 970 2631 legitur:

86 2656 109 2684 a
138 2637 274 2682 MSS.
306 2633 461 2678 Bamb.
499 2640 542 2674 et
582 2631 804 2675 Arundel.
851 2633 972 2675 abest

328 2690 463 2749 Apud
488 2688 717 2731 Romanos
749 2704 860 2731 uxor
881 2706 971 2732 ma·

87 2756 175 2798 rito
201 2751 409 2795 offerebat
439 2747 609 2790 dotem.
671 2745 730 2790 cf.
756 2745 968 2790 Heineec.

87 2812 193 2856 Anti
230 2841 242 2852 .
273 2809 312 2858 2,
343 2806 385 2848 8.
467 2803 535 2846 De
569 2802 804 2846 Gallomn1
841 2820 969 2847 more

85 2871 177 2913 vid.
198 2826 331 2911 (ibes.
354 2864 406 2906 B.
431 2861 487 2904 G.
518 2862 558 2911 6,
583 2862 647 2904 19.
707 2860 969 2904 Dithmarus

86 2927 139 2970 ad
164 2926 206 2969 h.
229 2924 255 2966 Ι.
281 2922 413 2964 docet
438 2918 733 2961 donationem
767 2919 882 2962 hanc
910 2919 968 2961 ob

86 2981 261 3040 nuptias
292 2979 508 3021 diversam
543 2993 634 3018 esse
666 2977 719 3017 ab
754 2992 807 3018 eo
846 2975 968 3030 quod

86 3041 252 3084 dicitur
283 3035 611 3088 Morgengabe,
659 3049 792 3090 quam
826 3033 967 3075 dona-

83 3098 252 3142 tionem
298 3091 482 3134 maritus
518 3099 618 3146 post
647 3091 836 3148 primam
877 3105 964 3132 no-

84 3163 201 3200 ctem
231 3151 457 3194 offerebat.

137 3238 320 3280 delicias
344 3232 588 3274 muliebres
611 3265 621 3276 .
638 3264 647 3275 .
666 3263 677 3276 .
695 3263 705 3275 .
732 3239 963 3275 comatur.

82 3294 183 3340 MS.
211 3292 376 3348 stuttg.
404 3292 649 3332 muliebres
680 3290 825 3333 cultus
857 3319 869 3332 .
892 3319 903 3331 .
923 3319 963 3334 ..

81 3357 294 3394 ornatur.

139 3439 181 3475 et
240 3438 455 3474 renatum
494 3444 661 3484 equum
691 3436 735 3470 ee
764 3437 960 3473 sculum.

82 3488 163 3532 Ed.
244 3488 345 3532 aris.
388 3495 432 3530 ec
468 3486 718 3543 frenatum
769 3502 965 3542 equum:

83 3560 243 3601 equum
270 3553 312 3588 el
333 3551 528 3588 scutum.

1098 2075 1201 2127 ipsa
1222 2089 1487 2143 armorum.
1547 2075 1648 2122 MS.
1663 2079 1826 2137 Stuttg.
1850 2098 1935 2126 or·-

1043 2146 1227 2174 morum
1252 2146 1370 2187 msa.—

1097 2233 1206 2273 hoec
1252 2247 1432 2274 arcana
1485 2247 1644 2278 sacra.
1734 2236 1935 2296 Respicit

1042 2289 1223 2332 Tacitus
1269 2289 1323 2332 ad
1377 2290 1514 2333 ritum
1561 2293 1935 2343 confarreationis

1043 2346 1158 2404 apud
1194 2346 1423 2390 Romanos
1460 2360 1696 2406 usurpatae
1736 2353 1815 2402 (de
1847 2370 1935 2411 qua

1043 2404 1103 2448 cf.
1129 2406 1217 2448 An.
1239 2405 1283 2453 4,
1314 2406 1428 2457 16.)‚
1456 2413 1498 2448 et
1528 2405 1685 2450 similis
1710 2408 1784 2452 hic
1805 2409 1934 2456 loeus

1043 2470 1110 2504 est
1140 2460 1202 2503 ini
1237 2477 1374 2519 quem
1413 2462 1600 2519 legimus
1640 2482 1681 2510 c.
1717 2466 1784 2509 13.
1817 2469 1935 2512 haec

1042 2521 1169 2573 opud
1184 2519 1296 2560 >illos
1320 2526 1454 2571 toga,
1485 2521 1554 2561 hic
1570 2522 1758 2575 primus
1777 2526 1934 2570 iuven-

1043 2584 1120 2618 tae
1150 2577 1314 2619 honos.
1374 2574 1554 2619 Hessius
1583 2593 1767 2623 arcana
1794 2595 1934 2626 sacra

1043 2632 1215 2676 mavult
1245 2631 1388 2691 accipi
1421 2632 1475 2676 de
1510 2637 1834 2682 communione
1867 2657 1932 2684 sa-

1042 2704 1253 2738 crorum,
1283 2689 1338 2733 ad
1376 2705 1487 2746 quae
1518 2706 1657 2742 uxor,
1695 2705 1931 2755 postquam

1042 2745 1577 2811 per-confarreationem
1635 2750 1683 2793 in
1745 2769 1931 2798 manum

1041 2803 1188 2846 marni
1225 2813 1520 2856 convenerat,
1563 2807 1701 2852 sacris
1734 2812 1932 2867 paternis

1039 2859 1185 2904 soluta
1207 2860 1522 2905 admittebatur
1543 2866 1791 2908 secundum
1811 2866 1928 2910 Dio.

1040 2932 1141 2974 nyS.
1183 2916 1407 2960 Ilalicarn.
1443 2919 1510 2971 2.,
1550 2936 1592 2978 p.
1629 2923 1699 2964 95.
1732 2929 1931 2980 γυναῖκα

1041 2973 1248 3032 γαμετὴν
1277 2974 1391 3016 κατὰ
1424 2975 1597 3034 νόμους
1632 2980 1782 3036 ἱεροὺς
1815 2997 1931 3026 συν-

1040 3034 1272 3075 ελθοῦσαν
1301 3030 1436 3089 ἀνδρὶ
1459 3037 1686 3079 κοινωνὸν
1710 3035 1932 3084 ἁπάντων

1036 3086 1153 3133 εἶναι
1175 3087 1429 3146 χρημάτων
1453 3107 1499 3135 τε
1523 3095 1599 3135 καὶ
1624 3097 1777 3154 ἱερῶν.
1841 3098 1929 3142 Sed

1036 3164 1128 3190 uon
1173 3147 1327 3195 videm
1365 3164 1446 3191 cur
1490 3150 1597 3194 haec
1638 3169 1761 3197 sacra
1795 3168 1926 3198 com-

1038 3205 1190 3247 munia
1214 3205 1356 3248 mariti
1380 3214 1423 3248 et
1447 3208 1598 3250 uxoris
1620 3208 1829 3253 dicantur
1850 3227 1929 3254 ar-

1036 3277 1172 3304 cana.
1253 3262 1431 3306 Arcana
1474 3280 1599 3308 sacra
1634 3275 1763 3318 sunt,
1815 3285 1928 3326 quae

1035 3334 1267 3367 arcanam,
1326 3321 1559 3377 mysticam
1609 3321 1774 3366 habent
1817 3325 1929 3379 vim,

1035 3374 1179 3431 qualia
1229 3385 1334 3418 sunt
1384 3393 1532 3429 sacra,
1594 3379 1757 3436 quibus
1814 3380 1928 3427 fiunt

1035 3432 1216 3489 nuptiae
1239 3432 1559 3478 confarreatae.
1617 3435 1828 3482 Ceterum
1853 3441 1924 3485 ed.

1034 3489 1172 3532 Paris.
1212 3505 1297 3548 pro
1333 3492 1445 3534 haee
1491 3506 1676 3534 armna
1719 3494 1804 3540 fert
1851 3498 1926 3542 hio

1032 3548 1256 3588 archana.
