2150 4022
518 304 1042 395 mALootJS.
1115 306 1320 370 cAP.
1363 311 1465 371 31.
1784 311 1909 370 349

69 434 440 496 efficiendum
463 436 873 510 intelligebant
899 456 1046 512 opus
1077 456 1229 507 esse,
1274 458 1397 495 non
1422 449 1490 496 ut
1513 438 1578 495 in
1604 434 1912 496 rhetorum

67 520 282 582 scholis
310 524 733 591 declamarent,
777 542 883 578 nec
909 535 974 579 ut
1001 522 1147 578 fictis
1168 535 1276 578 nec
1301 525 1426 580 ullo
1453 525 1629 585 modo
1656 525 1730 581 ad
1752 525 1911 580 veri-

65 620 242 667 tatem
281 608 690 665 accedentibus
731 606 1143 682 controversiis
1185 607 1449 681 linguam
1487 610 1664 666 modo
1706 620 1764 666 et
1801 630 1910 665 vo-

66 712 190 750 cem
218 704 576 762 exercerent3
637 693 736 748 sed
761 704 825 748 ut
852 693 923 747 iis
954 693 1177 748 artibus
1208 705 1410 766 pectus
1442 694 1788 768 implerent,
1843 694 1910 750 in

65 778 280 855 quibus
304 779 376 833 de
402 777 574 835 bonis
605 798 669 833 ac
698 777 868 833 malis
886 821 902 845 ‚
951 779 1022 832 de
1052 772 1298 832 honesto
1328 789 1384 834 et
1409 778 1598 852 turpi,
1655 780 1726 834 de
1754 779 1910 836 iusto

62 875 118 920 et
145 863 363 919 iniusto
389 863 740 937 disputatur.
827 858 968 917 haec
998 862 1156 917 enim
1187 872 1270 916 est
1295 863 1516 919 oratori
1543 863 1800 920 subiecta
1831 866 1909 920 ad

61 949 377 1004 dicendum
413 947 675 1008 materia.
744 967 902 1002 »nam
941 947 1005 1001 in
1049 946 1282 1002 iudiciis
1319 948 1441 1003 fere
1484 949 1556 1003 de
1601 949 1909 1025 aequitate,

61 1034 126 1089 in
154 1033 679 1089 deliberationibus
707 1032 776 1087 de
809 1028 1110 1087 honestate
1139 1031 1509 1101 disserimUS,
1565 1032 1645 1088 ita
1683 1044 1748 1089 ut
1781 1035 1912 1109 Ple-⁸.

58 1137 307 1194 rumque
343 1113 484 1174 haec
526 1118 650 1192 ipsa
698 1117 950 1172 invicem
987 1116 1368 1173 misceantur:
1435 1119 1507 1172 de
1550 1117 1764 1193 quibus
1806 1139 1907 1175 co·-

56 1345 110 1380 ut
133 1335 344 1394 particula
370 1334 530 1377 omissa
556 1335 599 1377 in
626 1332 942 1378 MSSNatiec.

56 1402 219 1437 exstare
236 1393 460 1435 Broterius
475 1400 670 1442 testatur,
683 1408 819 1448 quare
835 1393 940 1433 Bro-

55 1461 137 1495 ter.
164 1451 248 1493 iam
279 1459 319 1492 et
342 1448 534 1492 Seebod.
564 1449 740 1492 Dronk.
765 1449 938 1492 Osann.

47 1507 196 1551 Orell.
234 1505 444 1560 {Belzkeru
488 1515 530 1548 et
565 1507 806 1562 Boettich]
844 1523 938 1548 eam

54 1566 290 1608 lectionem
334 1564 667 1619 praetulerunt,
715 1564 761 1606 in
806 1579 937 1621 qnam

54 1622 226 1666 Acidal.
251 1621 482 1664 inciderat.
542 1622 806 1678 Discrepant
832 1637 940 1664 vero

55 1680 156 1724 edd.
209 1688 340 1722 νεα-ε
415 1678 460 1720 in
514 1678 614 1720 edd.
664 1678 785 1732 Spir.
838 1678 940 1722 Put.

55 1736 156 1782 Riv.
193 1735 390 1779 Rhenan.
419 1735 521 1778 Ald.
547 1735 661 1792 Lips.
693 1735 865 1778 Pithoe.
899 1745 942 1777 et

54 1810 152 1853 sqq.
193 1796 316 1844 [cuin
350 1791 561 1847 Rupert.]
606 1801 657 1833 ut
698 1795 940 1835 rhetorum

51 1852 222 1895 scholis
255 1850 472 1907 scriptum
506 1861 595 1900 est3
637 1850 736 1893 edd.
763 1851 865 1894 Ber.
899 1858 940 1891 et

53 1910 156 1954 Alc.
204 1910 444 1949 rhetorum
493 1909 665 1949 scholis
717 1908 937 1950 exhibent.

52 1964 241 2010 Acidalii
269 1980 379 2007 vero
407 1963 714 2007 coniecturam
739 1964 938 2015 alteram,

52 2036 163 2082 quae
186 2022 269 2080 ipsi
294 2022 514 2078 placuerat
539 2021 714 2079 magis‚·
747 2029 796 2063 ut
826 2025 936 2062 rhe-

53 2089 208 2123 torum
273 2082 322 2119 in
383 2079 554 2120 scholis
575 2109 587 2126 ,
684 2078 936 2121 Heumann.

50 2137 228 2182 Schulz.
243 2135 450 2178 oberlin„
469 2135 565 2190 ssip.
579 2145 861 2193 receperunt.
879 2159 936 2168 ·-—

49 2196 141 2239 Pro
183 2199 456 2236 exercerent
497 2193 597 2237 MS.
634 2192 772 2251 Neap.
815 2194 936 2237 dedit

50 2258 285 2298 exercent.
358 2267 359 2270 ¹

109 2373 158 2409 ut
181 2367 236 2408 iis
262 2365 442 2406 ortibus
470 2372 632 2416 pectus
665 2366 932 2417 implerent.

52 2423 186 2470 MSS.
213 2421 298 2465 Nea
333 2456 343 2466 .
376 2425 440 2474 [et
467 2421 626 2474 Farn.]
660 2422 937 2475 implorent,-

51 2500 102 2526 ex
119 2481 279 2524 eodem
303 2438 424 2521 iibro
449 2478 607 2536 scripsi
636 2478 718 2526 iis,
750 2495 934 2541 praepo·

51 2539 331 2587 sitionenrin
356 2544 529 2586 tamen,
570 2550 700 2592 quam
729 2536 845 2578 iden»
877 2537 928 2578 li·

51 2600 130 2642 ber
186 2592 404 2641 exhibuit,
476 2593 764 2636 omittendam
819 2594 934 2643 duxi,

50 2667 303 2712 quanquam
338 2651 383 2694 in
418 2649 539 2707 Spir.
569 2665 751 2707 quoque
785 2650 853 2693 ed.
887 2654 934 2694 in

48 2714 123 2757 his
166 2710 345 2752 artibus
389 2709 574 2763 legitur,
626 2723 708 2763 pro
755 2723 843 2764 quo
885 2709 930 2750 in

49 2766 260 2813 omnibus
293 2765 392 2808 edd.
426 2772 600 2822 praeter
626 2763 766 2807 Orell.
793 2764 930 2815 [Bek-

48 2827 142 2870 ker.
176 2828 218 2867 et
243 2821 484 2877 Boettich.]
521 2823 593 2864 his
621 2823 799 2864 artibus
831 2823 930 2864 edi-

47 2893 141 2928 tum
167 2888 246 2924 est.
306 2878 491 2922 Nullum
529 2878 649 2921 enirn
679 2879 772 2922 scio
805 2888 921 2923 vete·

49 2955 149 2983 rum
193 2936 465 2994 scriptorum
509 2935 690 2984 locum,
745 2951 835 2993 quo
883 2953 934 2981 ea

48 3003 268 3041 structura
295 2993 520 3044 firmetur,
560 2994 661 3045 [nisi
691 2994 932 3036 auetorita-

47 3063 137 3097 tem
165 3050 274 3095 locis
293 3050 395 3094 satis
421 3049 565 3092 dubiis
589 3050 784 3093 tribuere
805 3050 933 3102 velis,

48 3109 211 3168 quibus
235 3123 274 3150 v,
304 3110 528 3158 compleri
558 3123 707 3164 praep.
741 3109 788 3149 in
822 3108 929 3150 asci-

48 3168 128 3210 vit.
161 3165 216 3208 cf.
245 3164 354 3207 Otto
379 3163 430 3206 ad
457 3163 551 3207 Cic.
577 3164 629 3205 de
653 3165 752 3207 Fin.
774 3165 928 3221 p.350.

47 3222 307 3267 Genitivum
336 3219 401 3262 vel
428 3219 693 3263 Ciceronem
731 3222 930 3277 posuisse

49 3283 232 3337 Zumpt.
277 3276 430 3320 docuit
478 3276 522 3318 in
569 3277 649 3319 Ed·
696 3279 927 3336 Spalding.

43 3337 263 3394 supplem.
291 3335 390 3378 Vol.
420 3333 475 3376 V.
508 3351 551 3392 p.
575 3335 697 3390 2444

102 3457 146 3492 et
179 3449 316 3503 turpi.
364 3446 452 3490 Sic
483 3447 582 3490 MS.
609 3446 777 3506 Neap.,
817 3450 923 3492 dnm

47 3522 202 3550 omnes
226 3506 324 3549 edd.
347 3519 403 3546 ac
427 3506 555 3558 turpi
578 3506 812 3562 praebent3
842 3523 927 3550 va-

46 3564 160 3606 riant
198 3571 343 3604 autem
370 3561 479 3602 'libri
516 3561 560 3602 in
601 3577 655 3603 oc
687 3570 728 3605 et
761 3572 806 3605 et
839 3564 926 3608 vid.

44 3619 267 3663 Goerenz.
298 3618 351 3661 ad
382 3617 481 3661 Cic.
511 3617 649 3662 Aead.
684 3620 725 3668 2,
758 3622 824 3669 11,
854 3620 925 3665 36.

1016 1334 1157 1378 Paulo
1192 1343 1293 1393 post
1323 1333 1390 1378 ed.
1412 1334 1528 1378 lunt.
1554 1334 1762 1395 copulam
1790 1335 1908 1381 inter

1014 1396 1135 1435 iusto
1162 1401 1207 1435 et
1230 1394 1404 1435 iniusto
1426 1392 1590 1438 omisit.

1069 1510 1182 1549 haec
1211 1509 1331 1560 enim
1356 1513 1442 1550 est.
1498 1507 1599 1551 MS.
1624 1508 1763 1567 Neap.
1789 1512 1913 1553 haee

1013 1574 1082 1606 est
1107 1565 1245 1607 enim.
1277 1564 1357 1615 [cf.
1383 1573 1474 1606 not.
1499 1564 1551 1606 ad
1577 1582 1671 1624 cap.
1699 1569 1906 1625 praeced.

1013 1638 1090 1666 vv.
1127 1625 1195 1664 ita
1227 1622 1350 1664 em'm
1387 1625 1492 1673 est.]
1531 1646 1590 1654 —
1647 1623 1823 1667 Deinde
1857 1625 1906 1668 in

1013 1680 1117 1722 edd.
1145 1687 1250 1723 vett.
1268 1712 1280 1729 ,
1324 1678 1455 1720 etiam
1484 1678 1658 1724 Pithoei
1694 1684 1905 1724 oratoris

1014 1746 1171 1787 exstat,
1212 1738 1332 1792 quod
1358 1736 1533 1793 Lipsius
1569 1739 1820 1782 emendavit
1853 1741 1902 1783 in

1012 1795 1221 1842 oratori,
1267 1793 1383 1836 haud
1415 1794 1548 1837 dubie
1579 1810 1603 1836 e
1628 1795 1729 1838 cod.
1750 1796 1905 1848 Fara„

1012 1867 1196 1907 eamque
1221 1851 1488 1908 scripturam
1514 1853 1781 1908 posteriores
1803 1870 1903 1898 ser-

1010 1916 1182 1951 varunt.
1243 1908 1335 1950 Pro
1365 1911 1431 1949 ad
1459 1910 1706 1951 dicendum
1743 1919 1903 1954 mote-

1009 1968 1083 2008 ria
1106 1966 1150 2007 in
1174 1965 1351 2008 Puteol.
1377 1964 1447 2006 ed.
1469 1981 1724 2024 expressum
1747 1977 1810 2011 est
1834 1978 1901 2028 ty-

1007 2023 1075 2080 pis
1098 2026 1162 2063 ad
1180 2024 1384 2066 da'cdudu
1406 2025 1626 2076 mecerin,
1659 2025 1706 2068 in
1728 2025 1902 2069 eadem-

1008 2095 1095 2136 que
1146 2081 1306 2122 deinde
1353 2082 1561 2136 equitate
1607 2097 1692 2139 pro
1745 2083 1902 2140 aequi·

1008 2144 1132 2191 tote,
1177 2137 1298 2195 quod
1323 2136 1394 2178 ed.
1420 2137 1519 2180 Riv.
1550 2139 1595 2180 in
1621 2140 1773 2195 equite
1803 2155 1901 2184 mu·

1009 2194 1138 2245 tavit,
1187 2195 1399 2249 copiosae
1443 2210 1527 2253 pro
1566 2200 1746 2252 copiose
1781 2199 1896 2242 scri·

1008 2259 1133 2309 ptum
1162 2260 1242 2294 est.

1063 2381 1179 2407 nam
1203 2367 1254 2407 in
1279 2366 1464 2409 iudiciis
1488 2397 1499 2408 .
1527 2398 1536 2407 .
1564 2398 1574 2408 .
1603 2368 1914 2424 disserimuss

1008 2422 1077 2464 ita
1103 2420 1167 2464 ut<
1190 2455 1201 2467 .
1226 2454 1236 2465 .
1264 2454 1274 2466 .
1306 2426 1602 2466 misceantur.
1662 2424 1738 2468 Sic
1762 2426 1914 2470 MSS..

1007 2481 1146 2535 Neap.
1197 2480 1259 2533 (in
1297 2496 1388 2538 quo
1435 2492 1583 2525 tamen
1620 2485 1897 2540 plerumque

1006 2535 1223 2579 omissum
1271 2540 1353 2593 est)
1406 2545 1447 2580 et
1493 2537 1664 2582 Vaticc.
1709 2547 1750 2582 et
1792 2540 1896 2585 dein

1006 2593 1110 2637 edd.
1145 2593 1321 2636 Dronk.
1359 2593 1532 2638 Osann.
1576 2595 1720 2639 Orell.
1755 2597 1896 2648 [Bek-

1005 2649 1124 2699 lcer„
1169 2651 1243 2693 ‹ui
1276 2651 1330 2693 de
1354 2652 1485 2694 Farn.
1517 2652 1619 2694 cod.
1651 2655 1814 2706 tacuit,
1851 2664 1896 2698 et

1004 2667 1281 2763 Boetticl1.];
1363 2709 1470 2751 edd.
1529 2708 1727 2768 reliquae
1787 2713 1896 2756 άίείο,

1003 2779 1110 2807 mus
1150 2765 1381 2822 praebent.
1471 2764 1641 2809 Ursino
1693 2775 1735 2811 et
1781 2769 1896 2812 Mu-

1005 2830 1100 2865 reto
1126 2821 1238 2865 haec
1258 2823 1386 2865 verba
1411 2822 1611 2866 mutilata
1640 2840 1732 2868 esse
1760 2826 1893 2872 vide-

1004 2881 1194 2927 bantur,
1232 2894 1362 2933 cunn,
1408 2879 1509 2937 qnia
1534 2881 1578 2923 in
1604 2880 1891 2927 deliberatio-

1006 2935 1138 2979 nibus
1164 2951 1256 2978 non
1286 2937 1390 2979 satis
1423 2943 1543 2981 recte
1574 2937 1628 2980 de
1661 2938 1894 2985 honestate

1007 2993 1269 3042 disseratur,
1309 3002 1432 3044 tum,
1470 2994 1572 3051 quia
1596 2995 1712 3038 tertii
1735 3013 1890 3042 causa·

1003 3066 1102 3092 rum
1130 3049 1328 3107 generis,
1361 3050 1690 3104 laudationum,
1722 3055 1891 3098 mentio

1003 3108 1163 3149 omissa
1191 3106 1280 3151 sit..
1323 3107 1553 3151 Malebant
1584 3108 1720 3167 igitur
1742 3114 1901 3156 verbis

1003 3166 1141 3205 auctis
1173 3162 1230 3206 ita
1265 3164 1413 3207 locum
1438 3166 1732 3210 eonstttuere:
1772 3183 1892 3212 nom
1936 3207 1938 3209 .

1001 3222 1046 3262 ιή
1085 3222 1260 3262 iudiciis
1287 3222 1397 3278 sere
1431 3226 1487 3264 de
1523 3226 1780 3280 aequitate,
1839 3227 1888 3270 in

999 3279 1406 3321 deliberationibus
1450 3284 1509 3320 de
1556 3283 1782 3331 utilitate,
1840 3285 1891 3326 in

999 3336 1342 3379 laudationibus
1385 3339 1442 3378 {le
1486 3340 1729 3380 honestate
1771 3339 1890 3383 dici-

999 3406 1130 3442 mus;
1180 3390 1314 3450 idque
1359 3392 1563 3437 Acidalio
1608 3404 1651 3436 et
1688 3395 1885 3440 Schurz-

998 3447 1166 3491 fleisch.
1187 3449 1563 3507 adprobaverunt.
1623 3451 1712 3495 Sed
1738 3452 1782 3494 in
1809 3469 1888 3512 po-

998 3504 1186 3547 steriore
1210 3504 1379 3550 ratione
1401 3523 1492 3550 non
1518 3507 1790 3552 haerendum
1807 3519 1887 3559 est,

998 3563 1098 3618 quia
1126 3563 1319 3619 scriptor
1346 3563 1438 3620 ipse
1464 3580 1557 3621 cap.
1575 3564 1643 3607 85.
1669 3565 1759 3609 duo
1784 3583 1886 3610 cau-

997 3633 1146 3662 sarum
1170 3634 1331 3676 genera
1347 3653 1358 3675 ,
1405 3635 1515 3678 quae
1541 3622 1657 3679 apud
1683 3622 1884 3669 rhetores
