2150 4022
502 195 627 291 DE
664 210 1205 273 ..GERMANIA
1248 214 1442 276 CAP.
1482 219 1582 275 22.
1879 213 1961 273 55

113 350 269 415 tibus
330 357 386 402 et
449 343 796 402 asciscendis
860 343 1267 418 principibuS,
1330 348 1433 403 Vde
1502 364 1643 422 pace
1707 345 1961 422 denique

111 453 192 491 ac·
239 431 396 488 hello
461 431 809 506 plerumque
880 429 944 483 in
1016 429 1303 486 conviviis
1367 431 1756 492 consultant:
1825 441 1958 486 tan-

108 537 283 593 quam
330 515 497 572 nullo
540 515 725 587 magis
780 525 1043 588 tempore
1105 525 1207 571 aut
1262 517 1336 571 ad
1390 516 1682 591 simplices
1740 515 1959 587 cogita-

107 595 295 659 tiones
331 611 523 674 pateat
554 600 815 669 animm,
859 610 960 655 aut
1001 600 1076 655 ad
1118 618 1358 672 magnas
1395 602 1721 660 incalescat.
1792 597 1956 656 Gens

107 707 231 743 non
280 696 468 743 astuta
522 705 634 742 nec
680 684 893 741 callida
948 683 1138 759 aperit
1184 681 1378 742 adhuc
1433 696 1648 743 secreta
1702 685 1953 761 pectoris

101 900 174 945 dis
227 909 363 945 exst'at
412 900 458 943 in
500 897 637 942 MSS.
674 898 843 942 Vaticc.
879 898 987 943 Tur.

100 959 326 1003 flammei.
347 955 537 1013 Longol.
570 956 732 1015 Stuttg.
768 956 869 999 edd.
895 957 984 1001 Pa-

99 1017 178 1060 ris.
198 1016 329 1060 Rom.
354 1014 562 1058 Norimb.
587 1013 754 1059 Vienn.
780 1013 983 1057 Rhenan.

103 1074 271 1126 (1533.)
309 1073 411 1121 Ald.
440 1087 538 1130 sqq.
567 1096 623 1106 —
679 1072 985 1114 reconciliatis

98 1132 200 1175 MS.
230 1130 445 1173 Arundel.
470 1128 570 1173 edd.
596 1129 711 1186 Spir.
736 1129 982 1171 Rath-Put.

97 1189 170 1233 M.
202 1198 243 1232 et
274 1188 328 1230 V.
362 1187 545 1246 Monac.
578 1187 784 1230 Beroald.
816 1186 980 1233 Alc-im.

98 1245 297 1293 Rhenan.
332 1245 496 1300 (1519.)
573 1243 681 1297 (Ed.
724 1244 883 1286 Ateiat.
931 1244 977 1287 in

97 1303 299 1360 margine
329 1301 480 1343 habetz
516 1301 632 1349 „Sic
664 1300 782 1359 leget
820 1305 906 1344 sed
933 1310 980 1345 et

95 1363 155 1403 de
168 1359 518 1403 reconciliandis
532 1359 581 1400 in
587 1361 727 1401 vicem
746 1361 977 1415 inimicis).

93 1441 142 1454 -
162 1419 358 1460 inimicis
380 1415 585 1459 exhibent
601 1417 736 1462 MSS.
751 1417 978 1460 Hummel.

91 1474 281 1532 Lougoi.
305 1474 467 1531 Stuttg.
497 1473 595 1517 edd.
622 1474 828 1518 Norimb.
854 1473 976 1516 Rhe-

93 1548 198 1576 nan.
222 1531 393 1588 (1533.)
425 1531 530 1576 Aid.
564 1549 664 1591 sqq.
703 1557 763 1565 —
820 1533 975 1574 inimi-

94 1591 211 1632 citiis
252 1588 375 1644 (sive
415 1590 688 1644 inimiciciis)
728 1590 829 1633 MS.
861 1589 975 1632 Tur.

94 1646 197 1689 edd.
219 1646 339 1704 Spir.
363 1645 494 1689 Kath.
516 1647 617 1691 Put.
639 1646 707 1688 Μ.
738 1655 779 1690 et
805 1647 862 1692 V.
895 1646 975 1689 Pa-

92 1703 170 1746 ris.
198 1704 382 1747 Monac.
418 1703 579 1746 Vienn.
617 1704 824 1747 Beroald.
873 1704 976 1746 Alc.

92 1758 295 1804 Rhenan.
320 1760 499 1815 (1519.).
567 1761 638 1803 De
663 1759 832 1805 Vaticc.
855 1760 978 1804 Bro-

92 1817 228 1860 terius
250 1817 295 1859 in
319 1816 408 1861 hoc.
430 1819 650 1861 vocabulo
671 1826 803 1861 tacet.
851 1818 970 1861 Scri—

91 1882 269 1928 pturam
298 1875 546 1918 mimicitiis
563 1875 714 1918 fovent
737 1874 974 1919 P'assovius

91 1939 136 1973 et
168 1930 379 1976 Oreltius.
454 1931 524 1974 De
558 1933 707 1976 eadem
739 1940 972 1990 permuta-

91 1987 212 2031 tione
236 1988 326 2032 vid.
341 1988 568 2033 Schwarz.
589 1989 643 2033 ad
666 1988 788 2032 Plin.
805 1989 972 2048 Paneg.

89 2061 135 2104 p.
157 2045 257 2089 439.

144 2119 448 2161 adsciscendis
505 2117 788 2174 principibus
903 2118 975 2162 De

88 2173 285 2219 dictione
317 2176 376 2219 cf.
409 2177 502 2220 An.
534 2179 660 2230 1,10.
693 2175 765 2220 31.
801 2176 872 2221 60.
900 2177 973 2221 73.

86 2232 131 2280 2,
154 2231 225 2276 60.
255 2233 298 2284 4,
320 2234 389 2276 57.
421 2233 462 2286 5,
482 2233 522 2278 6.

139 2318 433 2373 plerumque.
519 2317 602 2360 Ed.
643 2315 784 2360 Paris.
823 2319 970 2372 pleri-

84 2388 189 2429 que.

143 2448 209 2487 ad
238 2446 465 2498 simplices
492 2447 809 2500 cogitationes.
882 2445 969 2490 Va-

84 2500 150 2544 rie
167 2502 530 2562 interpretantur.
556 2503 809 2547 Ernestius:
838 2506 971 2558 „sim-

82 2561 224 2612 plices
254 2561 282 2605 i,
316 2575 356 2601 e.
390 2558 568 2613 faciles,
616 2561 737 2610 lenes
768 2562 850 2616 (sic
881 2565 971 2604 An-

86 2619 188 2665 ton)
224 2617 345 2660 refer
376 2616 430 2659 ad
465 2633 537 2669 ea,
578 2634 689 2676 quae
718 2618 886 2661 dixerat
918 2621 971 2661 de

86 2672 328 2720 inimicitiis
349 2675 593 2730 ponendis,
625 2675 855 2726 amicitiis,
888 2677 967 2719 ad·-

87 2729 327 2776 finitatibus
347 2732 594 2788 iungendis,
623 2733 729 2775 item
752 2734 806 2776 de
822 2736 972 2790 pace.’‘

88 2786 363 2834 Oberlinus:
408 2789 614 2840 „nudas,
659 2806 751 2834 non
789 2791 972 2843 fucatas,

85 2843 236 2896 forsan
259 2855 300 2888 et
325 2847 512 2890 minoris
536 2849 813 2893 momenti.''
874 2848 972 2893 Hoc

84 2900 284 2958 Dilthejo
309 2903 586 2962 potissimum
614 2904 759 2962 placet
794 2905 852 2948 ob
885 2921 971 2964 op-

86 2959 280 3018 positum
308 2975 518 3013 magnas.
579 2963 638 3005 At
667 2961 791 3005 nulla
813 2962 886 3005 hic
907 2972 971 3007 est

86 3015 308 3074 oppositio
346 3017 466 3060 inter
510 3026 753 3077 utrumque
792 3020 970 3064 adiecti-

86 3088 224 3123 vum‚
282 3074 358 3118 sed
403 3074 519 3118 inter
561 3077 697 3119 verba
724 3085 891 3132 pateat
928 3086 971 3122 et

86 3131 346 3174 incalescat.
419 3131 692 3178 Bredovius:
731 3150 864 3188 „non
901 3136 969 3178 fa-

88 3186 220 3239 ciles,
270 3187 413 3236 lenes,
460 3191 537 3233 sed
577 3189 799 3242 sincerae,
842 3207 970 3250 aper-

87 3251 179 3295 tae,
231 3245 277 3288 in
319 3245 480 3302 quibus
520 3246 628 3290 nibil
661 3248 855 3294 simulati
897 3258 972 3294 aut

84 3300 364 3347 dissimulati.
378 3302 405 3324 ’'
516 3305 869 3361 Eminet-litigius
927 3316 971 3350 et

87 3354 266 3423 ssessius
300 3360 492 3418 probant
532 3360 740 3407 Obertint
777 3364 971 3423 explica-

91 3421 284 3468 tionem,
379 3418 466 3461 uod
510 3419 614 3461 dixit
654 3423 830 3472 nudas,
881 3437 976 3463 mm

79 3471 289 3525 fucatas.
378 3475 526 3525 tecte,
560 3484 609 3519 ut
642 3478 748 3520 mihi
779 3479 974 3523 videtur.

91 3525 291 3586 Namque
310 3531 536 3588 simplices
557 3535 854 3589 cogitationes
874 3546 978 3580 sunt

1056 897 1219 955 quibus
1242 899 1350 942 nihil
1369 898 1502 943 alieni
1528 915 1552 942 e
1575 915 1708 957 prava
1739 898 1946 957 cupidine

1055 965 1131 1000 aut
1149 957 1255 1000 dolo
1280 966 1353 1000 aut
1378 956 1434 999 ali
1472 973 1529 999 uo
1553 956 1703 1000 studio
1723 956 1946 1000 admisce-

1054 1024 1144 1058 tur.
1207 1015 1264 1059 ct.
1293 1024 1386 1057 not.
1414 1030 1456 1056 a(
1490 1014 1579 1058 An.
1607 1017 1644 1064 1,
1663 1014 1735 1057 69.
1796 1013 1942 1056 Tuen·

1055 1085 1127 1117 tur
1169 1071 1283 1116 hanc
1332 1071 1750 1131 interpretationem
1788 1078 1831 1113 et
1869 1087 1941 1113 se-

1053 1131 1249 1190 quentia.

1107 1203 1190 1230 nec
1213 1188 1403 1229 callida.
1462 1183 1679 1226 Gr'oslotii
1706 1183 1844 1226 codex
1873 1199 1940 1225 ve-

1050 1256 1120 1289 tus
1152 1253 1235 1287 out
1267 1245 1464 1290 callida,
1505 1242 1626 1298 quod
1663 1240 1807 1299 placet
1828 1241 1943 1283 Pas-

1049 1303 1175 1348 sovio
1205 1302 1263 1344 ob
1297 1300 1494 1358 exempla
1518 1300 1613 1342 An.
1632 1297 1672 1349 3,
1696 1297 1766 1340 54.
1791 1314 1940 1354 neque

1050 1362 1164 1404 mihi
1197 1367 1279 1401 aut
1310 1358 1437 1400 vobis
1471 1356 1604 1407 usui5
1658 1355 1725 1404 13,
1757 1355 1826 1399 39.
1857 1370 1938 1398 ne·

1049 1434 1137 1476 que
1179 1419 1293 1473 paci
1332 1423 1416 1458 aut
1462 1415 1640 1470 'proelio
1692 1421 1937 1469 paratum.

1048 1476 1180 1521 Adde
1202 1475 1292 1518 An.
1321 1476 1357 1525 1,
1378 1473 1451 1516 49.
1475 1486 1622 1526 neque
1651 1475 1832 1525 legatus
1854 1477 1937 1513 aut

1048 1534 1256 1576 tribunus
1280 1534 1560 1572 moderator
1580 1529 1762 1585 adfuit,·
1799 1528 1841 1579 2,
1866 1529 1938 1571 15.

1046 1605 1126 1631 nec
1159 1590 1396 1631 Arminius
1435 1594 1519 1629 aut
1559 1587 1702 1629 ceteri
1733 1585 1940 1628 Germa-

1046 1662 1216 1690 norum
1253 1659 1475 1700 proceres
1526 1645 1803 1687 omittebant
1847 1651 1936 1686 etc.

1049 1705 1118 1747 Ab
1143 1705 1279 1747 altera
1315 1712 1438 1761 parte
1467 1708 1585 1745 stant
1616 1699 1816 1758 exempla
1843 1700 1936 1751 An.

1049 1764 1086 1812 1,
1110 1764 1152 1804 1.
1187 1775 1336 1815 neque
1367 1759 1696 1802 decemviralis
1726 1757 1938 1812 potestas

1046 1822 1172 1860 ultra
1215 1819 1473 1867 biennium,
1525 1830 1675 1871 neque
1719 1815 1931 1857 tribuno-

1046 1891 1155 1918 rum
1178 1876 1379 1917 militum
1401 1876 1648 1918 consulare
1665 1873 1735 1915 ius
1757 1874 1837 1914 diu
1859 1886 1935 1915 va·
1969 1883 1972 1890 “

1043 1935 1159 1983 Ζιιι”ι,·
1214 1935 1252 1984 1,
1279 1933 1325 1976 4.
1357 1946 1454 1974 non
1481 1938 1636 1973 aetate
1668 1944 1818 1986 neque
1855 1943 1932 1972 re-

1047 2006 1153 2033 rum
1180 1990 1471 2044 experientia
1508 1996 1671 2030 tantae
1700 1987 1817 2029 moli
1838 2002 1935 2041 pa-

1046 2063 1148 2091 rem
1164 2066 1178 2100 ;
1211 2053 1248 2099 1,
1261 2047 1306 2090 9.
1335 2061 1454 2103 quae
1474 2060 1624 2101 neque
1637 2046 1934 2103 pasaripos-

1045 2113 1152 2151 senc
1174 2119 1320 2161 neque
1339 2105 1506 2146 haberi
1514 2117 1604 2157 per
1622 2105 1769 2145 bonas
1788 2103 1932 2146 artes.

1046 2163 1178 2207 Adde
1206 2165 1243 2214 1,
1268 2162 1333 2205 19.
1353 2161 1425 2204 23.
1444 2161 1516 2209 25,
1536 2161 1609 2204 26.
1632 2159 1786 2204 4t.45.
1806 2160 1934 2204 alios·

1045 2235 1133 2278 que
1156 2220 1299 2264 locos.
1359 2218 1447 2263 Sed
1473 2217 1717 2263 discrimen
1742 2218 1844 2262 satis
1867 2219 1932 2262 lu-

1044 2279 1273 2321 culentum
1299 2285 1364 2320 est
1387 2276 1505 2320 inter
1530 2285 1771 2332 utrumque
1796 2291 1936 2332 genus

1046 2335 1248 2387 dicendi,
1313 2335 1367 2379 de
1414 2348 1507 2391 quo
1557 2334 1616 2377 cf.
1659 2333 1933 2376 Ramshorn.

1044 2391 1128 2435 Gr.
1157 2393 1312 2446 §.180.
1346 2408 1392 2449 p.
1410 2391 1508 2435 532.
1540 2399 1634 2435 not.
1655 2394 1694 2433 1.
1714 2415 1772 2424 --
1808 2390 1934 2433 Idem

1041 2450 1284 2495 Passovius
1306 2449 1465 2507 probat
1486 2447 1821 2492 distinctionem
1843 2448 1933 2490 edi-

1042 2508 1177 2550 tionis
1214 2506 1378 2550 Vienn.
1407 2521 1491 2548 nec
1531 2507 1717 2550 callida.
1767 2507 1931 2560 Aperit

1044 2572 1155 2612 etc.,
1186 2555 1319 2621 qua'm
1345 2573 1492 2622 aptam
1518 2578 1613 2605 esse
1635 2578 1767 2622 nego.
1815 2563 1930 2606 Nam

1042 2621 1224 2664 Tacitus
1243 2622 1331 2663 iam
1358 2637 1452 2663 non
1476 2620 1523 2662 in
1552 2637 1605 2663 eo
1628 2627 1714 2672 est,
1744 2627 1794 2663 ut
1818 2635 1933 2679 gen-

1041 2688 1134 2721 tem
1169 2678 1304 2721 fuisse
1338 2694 1430 2720 non
1469 2686 1657 2722 astutam
1688 2694 1772 2722 nec
1804 2677 1931 2723 calli-

1043 2737 1143 2779 dam
1170 2737 1352 2779 doceat:
1383 2735 1458 2777 sed
1486 2751 1581 2777 eam
1606 2735 1831 2792 aperuisse
1859 2736 1932 2779 ad-

1042 2793 1131 2836 huc
1168 2802 1336 2835 secreta
1367 2793 1585 2851 pectoris,
1637 2794 1802 2851 quippe
1837 2809 1930 2836 non

1043 2858 1231 2907 astutam
1285 2865 1430 2908 neque
1485 2850 1720 2899 callidam,
1778 2859 1829 2893 ut
1871 2852 1928 2894 ita

1042 2909 1149 2951 haee
1186 2908 1325 2951 verba
1356 2906 1665 2966 explicationis
1694 2924 1825 2952 causa
1858 2909 1927 2952 in-

1042 2964 1254 3022 terposita
1277 2964 1380 3008 sint.

1099 3025 1264 3064 adhuc.
1324 3023 1400 3066 Sic
1421 3023 1556 3067 MSS.
1569 3023 1679 3066 Tur.
1694 3023 1929 3067 Hummel.

1043 3079 1144 3122 edd.
1186 3079 1305 3135 Spir.
1348 3079 1480 3125 Kath.
1532 3081 1638 3124 Put.
1678 3082 1746 3124 M.
1796 3093 1839 3126 et
1871 3081 1928 3125 V.

1043 3137 1230 3180 Monac.
1275 3136 1437 3184 Vienn.
1482 3138 1686 3183 Beroatd.
1744 3148 1930 3196 utraque

1044 3194 1248 3236 Rhenan.
1289 3211 1389 3253 sqq.
1434 3221 1490 3231 —-
1560 3200 1624 3238 od
1669 3199 1754 3238 hoc
1794 3196 1929 3241 MSS.

1043 3251 1259 3294 Arundel.
1285 3253 1475 3311 Longol.
1502 3254 1601 3297 edd.
1622 3254 1827 3297 Nou-imb.
1854 3254 1931 3297 Al-

1045 3308 1145 3353 ciat.
1171 3309 1357 3367 Lo'ngol.
1393 3336 1438 3346 -
1483 3314 1677 3354 adhaec
1702 3312 1811 3363 (sive
1833 3314 1929 3380 hee)

1046 3366 1146 3408 edd.
1168 3365 1301 3410 Rom.
1327 3369 1470 3412 Paris.
1529 3369 1693 3411 Eadem
1725 3369 1932 3414 consusto
1998 3382 2002 3391 '

1046 3425 1286 3467 sexcenties
1317 3425 1364 3468 in
1388 3426 1616 3472 veteribus
1649 3425 1772 3468 libris
1803 3427 1907 3471 inve

1047 3481 1186 3524 nitur.
1262 3484 1322 3526 cf.
1354 3493 1448 3527 not.
1486 3485 1539 3526 ad
1574 3482 1684 3527 Hist.
1716 3486 1757 3534 2,
1789 3487 1852 3527 10.
1892 3493 1933 3528 et

1047 3538 1119 3581 81.
1182 3539 1270 3583 An.
1299 3539 1366 3594 13,
1387 3540 1459 3584 84.
1492 3542 1561 3591 12,
1579 3540 1652 3584 ΞΟ.
1689 3542 1752 3593 14,
1771 3543 1841 3585 24.
