2150 4022
501 271 639 334 DE..
669 266 1206 341 GERMAMA
1259 265 1596 341 CAP..·46.
1839 268 1978 329 '105

126 408 299 468 matis
320 417 458 465 sunt
479 405 547 461 in
569 404 830 480 plaustro
857 418 1125 478 equoque
1146 398 1500 461 viventibuS.
1585 396 1808 456 Fennis
1826 400 1982 461 mira

127 493 356 563 feritaS‚
397 491 571 548 foeda
595 497 936 564 paupertas:
980 505 1105 541 non
1129 503 1322 554 arma,
1362 505 1487 542 non
1514 483 1683 562 equi,
1725 504 1850 541 non
1874 506 1980 560 pe—

127 590 315 637 nates:
352 575 536 633 victui
557 570 773 642 herba,
813 570 1053 629 vestitui
1076 569 1289 645 pelleS‚
1334 570 1527 627 cubile
1550 566 1784 630 humus,
1854 572 1980 639 sola

130 666 197 722 in
217 661 439 736 sagittis
462 679 618 737 spes,
649 678 794 735 quas
818 656 1019 732 inopia
1043 655 1187 711 ferri
1211 654 1439 710 ossibus
1462 666 1747 730 asperant.
1791 655 1981 712 idem-

130 768 244 827 que
267 758 513 804 venatus
538 745 697 801 viros
723 743 945 820 pariter
980 761 1046 797 ac
1077 739 1325 796 feminas
1362 739 1484 798 alit.
1558 741 1786 814 passim
1821 742 1982 801 enim

132 834 489 892 comitantur
507 841 849 907 partemque
873 826 1123 903 praedae
1143 834 1368 900 petunt.
1455 844 1563 881 nec
1595 826 1758 892 aliud
1781 827 1982 884 infan-

130 920 289 977 tibus
312 918 573 974 ferarum
599 915 998 989 imbriumque
1024 910 1370 984 suffugium,
1403 930 1580 987 quam
1601 922 1668 967 ut
1692 913 1757 967 in
1781 913 1981 990 aliquo

130 1023 432 1061 ramorum
460 1022 616 1058 nexu
650 1009 1052 1073 contegantur.
1138 991 1256 1052 huc
1281 996 1534 1058 redeunt
1559 995 1829 1069 iuveneS‚
1870 995 1985 1058 hoe

133 1109 342 1146 senum
387 1086 838 1162 receptaculum.
935 1082 1038 1150 sed
1079 1081 1305 1138 beatius
1355 1081 1748 1152 arbitrantur,
1808 1106 1987 1160 quam

134 1175 430 1248 ingemere
469 1172 651 1247 agriS‚
716 1170 1050 1226 inlaborare
1097 1167 1401 1235 domibus,
1468 1186 1600 1222 suas
1648 1168 1985 1247 alienasque

134 1261 402 1317 fortunas
427 1278 525 1334 spe
551 1268 825 1332 metuque
851 1272 1102 1311 versare.
1174 1252 1363 1308 securi
1394 1253 1673 1308 adversus
1699 1250 1986 1328 homineS‚

135 1345 324 1402 securi
367 1345 645 1400 adversus
689 1343 828 1397 deos
870 1359 997 1395 rem
1051 1337 1464 1410 difficillimam
1519 1337 1780 1396 adsecuti
1832 1353 1986 1416 sunt,

133 1440 202 1486 ut
268 1428 387 1485 illis
453 1448 529 1484 ne
590 1438 729 1484 voto
795 1425 1034 1502 quidem
1095 1443 1242 1497 opus
1310 1433 1472 1481 esset.
1597 1420 1803 1482 Cetera
1868 1427 1987 1484 iam

138 1659 445 1719 suppeditant:
484 1658 558 1701 sed
584 1672 841 1705 caveamus,
871 1671 927 1698 ne
953 1671 1030 1698 su-

139 1717 399 1776 perstitione
441 1716 631 1773 quadam
674 1722 869 1758 veterem
913 1713 1030 1755 scri-

139 1783 317 1834 pturam
342 1773 609 1830 contemptis
630 1770 918 1828 ingeniorum
944 1769 1028 1811 do-

139 1833 211 1876 nis
258 1831 426 1889 ubique
464 1827 784 1888 praeferamus.
863 1829 1030 1872 Scuto-

56 1935 60 1942 ,
139 1903 249 1933 rum
279 1887 547 1932 vocabulum
575 1886 719 1942 potuit
747 1884 891 1927 fraudi
925 1900 1030 1935 esse,

140 1955 192 1990 ut
205 1949 379 2000 pedum
402 1952 653 1987 mutaretur
674 1942 719 1985 in
739 1943 969 1997 peditum.

198 2006 303 2046 sola
335 2003 384 2045 in
414 2001 599 2055 sagittis
618 2014 742 2052 spes..
792 1998 867 2042 Sic
890 1998 1029 2041 MSS.

139 2061 253 2106 Tur.
285 2060 400 2104 Stutt
437 2066 517 2101 art.
559 2057 658 2100 edd.
691 2056 900 2099 Norimb.
931 2055 1030 2098 Alc.

140 2118 288 2162 Rben.
323 2117 396 2172 (15
428 2115 486 2171 3.)
526 2114 631 2158 Ald.
665 2129 762 2171 sqq.
806 2122 848 2156 et
887 2128 1032 2170 nuper

140 2174 334 2219 Bekker.
348 2190 452 2217 cum
465 2173 575 2216 aliis.
592 2199 647 2208 --
659 2174 786 2214 solae
799 2173 844 2213 in
857 2172 1034 2226 sagittis

139 2247 245 2287 spes
267 2231 367 2275 edd.
390 2230 507 2289 Spir.
532 2230 665 2272 Kath.
689 2228 790 2271 Put.
815 2229 884 2270 M.
909 2236 952 2271 et
973 2226 1030 2269 V.

140 2290 284 2334 Paris.
317 2287 523 2332 Beroald.
558 2286 759 2329 Rhenan.
796 2283 1035 2354 (1512.)'et

143 2342 1036 2450 augistini3?⁸1};0V.351¹3?212¹¹:;.;:‚

145 2468 194 2504 ut
213 2461 412 2504 videatur
434 2459 576 2502 inesse
593 2460 720 2505 sola,
749 2457 959 2513 idemque
983 2456 1036 2498 si-

143 2519 332 2562 lentium
357 2525 421 2560 est
444 2517 498 2559 de
524 2514 620 2559 aliis
643 2513 892 2558 codicibus.
953 2512 1039 2555 Po·

145 2576 230 2619 tuit
269 2574 405 2632 igitur
440 2571 658 2616 mendum
692 2587 740 2614 ex
776 2570 883 2613 edit.
921 2570 1041 2627 Spir.

144 2632 333 2677 transire
350 2630 398 2673 in
418 2638 650 2698 sequentes
669 2627 902 2671 editione&
961 2627 1041 2670 Ce-

147 2699 293 2733 terum
335 2688 522 2747 pluralis
566 2702 782 2729 numerus
822 2683 934 2727 nihil
970 2683 1043 2727 hie

147 2747 304 2798 efficit,
354 2753 398 2787 et
430 2743 750 2789 incommodus
782 2749 848 2785 est
878 2741 936 2784 ob
973 2757 1037 2784 se·

148 2820 294 2871 quens
314 2817 449 2869 quas.
507 2802 640 2846 Certe
661 2815 798 2843 nemo
829 2807 1037 2842 nostrum

151 2859 627 3017 h?5icabrii{{{c¹gge3}tgtg
650 2913 915 3016 edglg'aris.
944 2913 1038 2956 No·

146 2992 330 3086 bleilr'it’er
353 2972 514 3074 aelel-Si
525 2973 762 3074 TurJ)edd.
777 2987 1038 3087 Spiffltlliath.

151 3090 253 3132 Put.
285 3087 356 3132 M.
385 3095 428 3130 et
451 3086 508 3129 V.
539 3086 722 3130 Monac.
755 3087 919 3129 Vienn.
949 3085 1040 3128 Be-

152 3145 298 3189 roald.
330 3145 431 3188 Alc.
489 3142 693 3202 Utraque
726 3142 903 3188 dicendi
937 3141 1041 3186 for-

153 3201 276 3246 mula
301 3202 423 3251 bona
445 3208 525 3244 est.

208 3254 534 3312 contegantur.
591 3256 675 3301 Ed.
697 3256 803 3302 Ald.
833 3265 1041 3313 contega-

154 3324 256 3368 tur,
289 3332 314 3359 e
335 3315 501 3358 mendo
523 3322 630 3382 typo
661 3315 861 3373 raphico.

210 3375 312 3416 huc.
369 3371 456 3416 Ed.
476 3371 637 3415 Nonm
672 3403 684 3416 .
704 3387 843 3417 nunc.

214 3433 296 3473 sed
337 3429 526 3472 beatius.
598 3428 673 3473 Sic
704 3429 838 3474 MSS.
871 3430 1046 3475 Vatiee.

158 3501 339 3538 omnes,
365 3486 476 3530 Tur.
497 3485 614 3530 Stutt
649 3518 660 3529 .
685 3485 787 3530 edd.
810 3497 914 3532 ante
933 3487 1046 3530 Rhe-

158 3558 326 3587 nanum
356 3551 400 3587 et
426 3558 572 3602 nuper
593 3501 772 3587 ffinest.
795 3561 815 3587 s
849 3561 917 3613 q„
962 3544 1048 3588 nisi

163 3599 285 3658 quod
300 3597 614 3645 Lunemannus
634 3608 677 3646 et
689 3600 838 3646 Walc
870 3619 937 3647 ius
948 3618 1048 3647 ma·

1100 1655 1282 1696 luerunt
1311 1655 1360 1695 id
1386 1653 1568 1695 beatius
1591 1669 1694 1697 cum
1720 1656 1822 1700 edd.
1850 1658 1991 1706 Rhen.

1102 1710 1207 1754 Ald.
1229 1726 1326 1768 sqq.
1384 1710 1627 1769 Aptissime
1658 1721 1807 1757 tamen
1835 1719 1992 1763 verba:

1101 1784 1184 1811 nec
1211 1769 1343 1810 aliud
1376 1798 1387 1811 .
1415 1800 1424 1809 .
1450 1799 1462 1810 .
1489 1800 1500 1811 .
1529 1771 1614 1809 sed
1640 1800 1652 1812 .
1673 1801 1686 1813 .
1708 1801 1718 1810 .
1747 1788 1841 1815 sese
1871 1776 1993 1831 egrei-

1099 1825 1244 1925 Eiunt.
1306 1824 1419 1868 Nam
1444 1824 1482 1867 si
1504 1840 1598 1868 non
1622 1827 1780 1880 aliud,
1809 1832 1992 1886 putabas

1133 1898 1189 1926 oc
1209 1882 1375 1925 tristius
1397 1881 1482 1924 illis
1505 1882 1678 1927 visum:
1710 1890 1796 1929 sed
1815 1890 1997 1935 beatius

1099 1941 1399 1983 arbitrantur
1422 1947 1508 1982 etc.

1157 1998 1442 2040 inlaborare.
1500 1996 1584 2042 Ed.
1613 1997 1800 2046 Monac.
1834 2006 1997 2049 elabo-

1102 2069 1231 2098 rare.
1606 2059 1609 2067 '

1159 2126 1272 2155 suas
1327 2113 1598 2169 alienasque
1636 2115 1870 2169 fortunas
1919 2135 1998 2175 spe

1106 2177 1319 2225 metuque
1341 2184 1544 2215 versare.
1602 2172 1846 2218 Fortunas
1874 2180 1995 2221 alie-

1105 2242 1198 2270 nas
1237 2227 1434 2285 intellige
1478 2229 1716 2286 pecuniam
1756 2233 1902 2278 fenori
1942 2238 1997 2280 ab

1105 2283 1201 2327 aliis
1226 2292 1465 2343 sumptam.

1165 2349 1216 2383 ut
1244 2343 1351 2385 illis.
1413 2343 1490 2409 Sic
1523 2341 1659 2410 MSS.
1690 2344 1798 2390 Tur.
1831 2349 1998 2408 stuttg.

1108 2399 1210 2441 edd.
1225 2399 1355 2443 Kath.
1370 2399 1511 2442 Paris.
1525 2399 1731 2446 Norunb.
1747 2404 2000 2454 Ale.Rhen.

1095 2456 1406 2511 χ(1533.)Α1ὀ.
1433 2473 1528 2515 sqq.
1570 2485 1629 2493 —-
1698 2461 1746 2502 in
1773 2463 1864 2506 illis
1897 2466 1997 2508 edd.

1112 2514 1228 2569 Spir.
1255 2513 1354 2556 Put.
1380 2514 1443 2557 M.
1467 2523 1509 2557 et
1522 2513 1577 2558 V.
1594 2516 1999 2567 Monac.Beroald.

1110 2570 1255 2613 Rhen.
1278 2571 1461 2628 (1519.).
1523 2570 1748 2618 Nimirum
1783 2576 1854 2621 ed.
1881 2579 1999 2636 Spir.

1112 2627 1413 2685 interpungit:
1455 2632 1656 2673 assecuti
1677 2641 1791 2675 sunt
1816 2636 1867 2679 in
1894 2638 2000 2683 illis.

1111 2700 1170 2727 ne
1189 2692 1293 2727 voto
1309 2694 1423 2752 ‘etc.;
1455 2686 1554 2729 edd.
1582 2686 2002 2751 Puteol.-aliaeque=

1111 2750 1313 2785 assecutl
1336 2751 1474 2786 sunt.-
1512 2745 1561 2786 in
1584 2745 1677 2789 illis
1697 2763 1757 2790 ne
1782 2758 1892 2792 voto
1915 2761 2001 2799 etc.

1109 2798 1181 2842 De
1197 2798 1331 2865 MSS.
1350 2799 1522 2844 Vaticc.
1540 2800 1767 2847 Broterius
1788 2806 1849 2850 ita
1873 2817 2003 2864 tacet,

1112 2866 1161 2900 ut
1181 2856 1387 2901 videatur
1413 2856 1558 2902 inesse
1587 2867 1638 2901 ut
1658 2861 1772 2906 illis.

1168 2928 1284 2968 opus
1327 2922 1462 2960 esset.
1543 2913 1621 2960 Sic
1661 2917 1797 2964 MSS.
1830 2923 2003 2971 Vatiae.

1113 2987 1293 3021 omneS,
1343 2971 1455 3015 Tur.
1483 2973 1649 3032 stuttg.
1683 2985 1724 3019 et
1762 2978 1863 3024 edd.
1901 2994 2004 3028 ante

1111 3028 1396 3094 Rhea-anum,
1411 3029 1486 3086 qui
1501 3046 1548 3074 ex
1561 3031 1743 3089 ingenio
1758 3036 1879 3082 dedit
1893 3055 2004 3094 opus

1112 3087 1198 3136 sit,
1238 3085 1370 3146 idque
1400 3096 1631 3143 sequentes
1663 3091 1858 3138 editores
1892 3099 2002 3141 reti-

1112 3151 1309 3209 nuerunt
1346 3159 1487 3202 usque
1522 3145 1575 3188 ad
1611 3146 1887 3196 Ernestium.
1962 3157 2005 3199 Is

1112 3208 1303 3243 restituit
1329 3210 1470 3254 esset,
1510 3203 1613 3260 quia
1642 3209 1867 3262 praecedit
1899 3227 2006 3269 per-

1111 3258 1278 3301 fectum
1298 3262 1507 3302 adsecuti
1520 3268 1641 3304 sunt.
1701 3264 1759 3306 At
1778 3264 1886 3310 haec
1907 3284 2005 3314 non

1112 3322 1204 3381 erat
1224 3314 1388 3359 idonea
1409 3316 1536 3359 ratio.
1598 3319 1798 3363 Verbum
1821 3325 2008 3381 ponitur

1114 3388 1160 3414 in
1183 3372 1410 3430 optativo,
1450 3374 1552 3432 quia
1579 3374 1757 3420 Tacitus
1782 3395 1876 3424 non
1898 3384 2002 3428 nar-

1116 3437 1186 3495 rat
1204 3437 1308 3472 voto
1327 3431 1421 3473 illis
1441 3445 1538 3474 non
1560 3447 1678 3488 opus
1695 3449 1821 3488 esse,
1843 3446 1891 3480 ut
1910 3457 2007 3485 rem

1117 3499 1166 3529 in
1199 3486 1318 3531 facto
1353 3488 1569 3545 positam=
1608 3490 1684 3532 sed
1719 3491 1827 3538 dicit
1857 3494 1945 3542 hoc
1983 3516 2008 3543 e

1119 3559 1197 3588 sua
1243 3543 1531 3613 cogitatione.
1613 3546 1734 3591 Nos:
1789 3550 1897 3610 dass
1937 3558 2007 3599 sie

1120 3603 1240 3645 auch
1266 3605 1394 3646 nicht
1424 3604 1601 3647 einmal
1624 3606 1714 3649 das
1734 3607 2009 3673 Bedis'rsniss
