<?xml version="1.0" encoding="UTF-8"?>
<!DOCTYPE html PUBLIC "-//W3C//DTD XHTML 1.0 Transitional//EN"
    "http://www.w3.org/TR/xhtml1/DTD/xhtml1-transitional.dtd">
<html xmlns="http://www.w3.org/1999/xhtml" xml:lang="en" lang="en">
 <head>
  <title>
</title>
<meta http-equiv="Content-Type" content="text/html;charset=utf-8" />
  <meta name='ocr-system' content='tesseract 3.04.00' />
  <meta name='ocr-capabilities' content='ocr_page ocr_carea ocr_par ocr_line ocrx_word'/>
</head>
<body>
  <div class='ocr_page' id='page_1' title='image "./operarecensuitet04taciuoft_0223.png"; bbox 0 0 2150 4022; ppageno 0'>
   <div class='ocr_carea' id='block_1_1' title="bbox 35 1462 220 1518">
    <p class='ocr_par' dir='ltr' id='par_1_1' title="bbox 35 1462 220 1518">
     <span class='ocr_line' id='line_1_1' title="bbox 35 1462 220 1518; baseline -0.011 -12"><span class='ocrx_word' id='word_1_1' title='bbox 35 1462 37 1465; x_wconf 68' lang='grc'><strong>’</strong></span> <span class='ocrx_word' id='word_1_2' title='bbox 114 1463 220 1518; x_wconf 85' lang='lat' dir='ltr'>puli</span> 
     </span>
    </p>
   </div>
   <div class='ocr_carea' id='block_1_2' title="bbox 403 245 1028 312">
    <p class='ocr_par' dir='ltr' id='par_1_2' title="bbox 403 245 1028 312">
     <span class='ocr_line' id='line_1_2' title="bbox 403 245 1028 312; baseline -0.013 0"><span class='ocrx_word' id='word_1_3' title='bbox 403 250 662 312; x_wconf 88' lang='lat' dir='ltr'>IULlI-</span> <span class='ocrx_word' id='word_1_4' title='bbox 696 245 1028 307; x_wconf 87' lang='lat' dir='ltr'>AGRIC.</span> 
     </span>
    </p>
   </div>
   <div class='ocr_carea' id='block_1_3' title="bbox 122 377 1027 462">
    <p class='ocr_par' dir='ltr' id='par_1_3' title="bbox 122 377 1027 462">
     <span class='ocr_line' id='line_1_3' title="bbox 122 377 1027 462; baseline -0.013 -19"><span class='ocrx_word' id='word_1_5' title='bbox 122 405 300 462; x_wconf 80' lang='lat' dir='ltr'>quam</span> <span class='ocrx_word' id='word_1_6' title='bbox 340 401 406 438; x_wconf 83' lang='lat' dir='ltr'>ex</span> <span class='ocrx_word' id='word_1_7' title='bbox 434 401 601 437; x_wconf 85' lang='lat' dir='ltr'>more</span> <span class='ocrx_word' id='word_1_8' title='bbox 626 377 1027 455; x_wconf 77' lang='lat' dir='ltr'>principatus,</span> 
     </span>
    </p>
   </div>
   <div class='ocr_carea' id='block_1_4' title="bbox 1076 243 1700 310">
    <p class='ocr_par' dir='ltr' id='par_1_4' title="bbox 1076 243 1700 310">
     <span class='ocr_line' id='line_1_4' title="bbox 1076 243 1700 310; baseline 0.006 -6"><span class='ocrx_word' id='word_1_9' title='bbox 1076 246 1316 306; x_wconf 88' lang='lat' dir='ltr'><strong>VITA</strong></span> <span class='ocrx_word' id='word_1_10' title='bbox 1372 243 1572 310; x_wconf 89' lang='lat' dir='ltr'>CAP.</span> <span class='ocrx_word' id='word_1_11' title='bbox 1595 243 1700 308; x_wconf 77' lang='lat'>45.</span> 
     </span>
    </p>
   </div>
   <div class='ocr_carea' id='block_1_5' title="bbox 1081 375 1978 451">
    <p class='ocr_par' dir='ltr' id='par_1_5' title="bbox 1081 375 1978 451">
     <span class='ocr_line' id='line_1_5' title="bbox 1081 375 1978 451; baseline 0.002 -20"><span class='ocrx_word' id='word_1_12' title='bbox 1081 396 1186 451; x_wconf 84' lang='lat' dir='ltr'>per</span> <span class='ocrx_word' id='word_1_13' title='bbox 1216 376 1460 435; x_wconf 88' lang='lat' dir='ltr'>nuntios</span> <span class='ocrx_word' id='word_1_14' title='bbox 1487 375 1762 444; x_wconf 82' lang='lat' dir='ltr'>visentiS,</span> <span class='ocrx_word' id='word_1_15' title='bbox 1815 387 1873 433; x_wconf 87' lang='lat' dir='ltr'>et</span> <span class='ocrx_word' id='word_1_16' title='bbox 1901 377 1978 433; x_wconf 90' lang='lat' dir='ltr'>li-</span> 
     </span>
    </p>
   </div>
   <div class='ocr_carea' id='block_1_6' title="bbox 122 460 2037 541">
    <p class='ocr_par' dir='ltr' id='par_1_6' title="bbox 122 460 2037 541">
     <span class='ocr_line' id='line_1_6' title="bbox 122 460 2037 541; baseline -0.005 -13"><span class='ocrx_word' id='word_1_17' title='bbox 122 472 429 527; x_wconf 85' lang='lat' dir='ltr'>bertorum</span> <span class='ocrx_word' id='word_1_18' title='bbox 467 465 647 541; x_wconf 84' lang='lat' dir='ltr'>primi</span> <span class='ocrx_word' id='word_1_19' title='bbox 680 476 734 521; x_wconf 85' lang='lat' dir='ltr'>et</span> <span class='ocrx_word' id='word_1_20' title='bbox 759 463 1127 520; x_wconf 89' lang='lat' dir='ltr'>medicorum</span> <span class='ocrx_word' id='word_1_21' title='bbox 1154 460 1354 517; x_wconf 88' lang='lat' dir='ltr'>intimi</span> <span class='ocrx_word' id='word_1_22' title='bbox 1381 481 1622 518; x_wconf 83' lang='lat' dir='ltr'>venere:</span> <span class='ocrx_word' id='word_1_23' title='bbox 1679 461 1801 518; x_wconf 90' lang='lat' dir='ltr'>sive</span> <span class='ocrx_word' id='word_1_24' title='bbox 1836 482 1976 519; x_wconf 86' lang='lat' dir='ltr'>cura</span> <span class='ocrx_word' id='word_1_25' title='bbox 2035 496 2037 498; x_wconf 96' lang='lat'>·</span> 
     </span>
    </p>
   </div>
   <div class='ocr_carea' id='block_1_7' title="bbox 122 550 987 626">
    <p class='ocr_par' dir='ltr' id='par_1_7' title="bbox 122 550 987 626">
     <span class='ocr_line' id='line_1_7' title="bbox 122 550 987 626; baseline -0.006 -14"><span class='ocrx_word' id='word_1_26' title='bbox 122 555 271 611; x_wconf 86' lang='lat' dir='ltr'>illud</span> <span class='ocrx_word' id='word_1_27' title='bbox 320 552 442 608; x_wconf 89' lang='lat' dir='ltr'>sive</span> <span class='ocrx_word' id='word_1_28' title='bbox 491 550 797 626; x_wconf 88' lang='lat' dir='ltr'>inquisitio</span> <span class='ocrx_word' id='word_1_29' title='bbox 847 561 987 607; x_wconf 85' lang='lat' dir='ltr'>erat.</span> 
     </span>
    </p>
   </div>
   <div class='ocr_carea' id='block_1_8' title="bbox 1087 545 1976 623">
    <p class='ocr_par' dir='ltr' id='par_1_8' title="bbox 1087 545 1976 623">
     <span class='ocr_line' id='line_1_8' title="bbox 1087 545 1976 623; baseline 0 -19"><span class='ocrx_word' id='word_1_30' title='bbox 1087 545 1378 620; x_wconf 85' lang='lat' dir='ltr'>Supremo</span> <span class='ocrx_word' id='word_1_31' title='bbox 1420 547 1662 623; x_wconf 88' lang='lat' dir='ltr'>quidem</span> <span class='ocrx_word' id='word_1_32' title='bbox 1704 546 1800 603; x_wconf 88' lang='lat' dir='ltr'>die</span> <span class='ocrx_word' id='word_1_33' title='bbox 1843 567 1976 604; x_wconf 90' lang='lat' dir='ltr'>mo-</span> 
     </span>
    </p>
   </div>
   <div class='ocr_carea' id='block_1_9' title="bbox 122 631 1978 792">
    <p class='ocr_par' dir='ltr' id='par_1_9' title="bbox 122 631 1978 792">
     <span class='ocr_line' id='line_1_9' title="bbox 122 631 1977 709; baseline -0.003 -15"><span class='ocrx_word' id='word_1_34' title='bbox 122 649 317 695; x_wconf 83' lang='lat' dir='ltr'>menta</span> <span class='ocrx_word' id='word_1_35' title='bbox 360 636 680 692; x_wconf 82' lang='lat' dir='ltr'>deficientis</span> <span class='ocrx_word' id='word_1_36' title='bbox 717 655 822 709; x_wconf 88' lang='lat' dir='ltr'>per</span> <span class='ocrx_word' id='word_1_37' title='bbox 861 632 1174 707; x_wconf 88' lang='lat' dir='ltr'>dispositos</span> <span class='ocrx_word' id='word_1_38' title='bbox 1216 651 1480 687; x_wconf 82' lang='lat' dir='ltr'>cursores</span> <span class='ocrx_word' id='word_1_39' title='bbox 1521 631 1793 689; x_wconf 85' lang='lat' dir='ltr'>nuntiata</span> <span class='ocrx_word' id='word_1_40' title='bbox 1833 653 1977 689; x_wconf 90' lang='lat' dir='ltr'>con-</span> 
     </span>
     <span class='ocr_line' id='line_1_10' title="bbox 123 715 1978 792; baseline -0.003 -13"><span class='ocrx_word' id='word_1_41' title='bbox 123 725 337 790; x_wconf 77' lang='lat' dir='ltr'>stabat,</span> <span class='ocrx_word' id='word_1_42' title='bbox 393 722 560 777; x_wconf 86' lang='lat' dir='ltr'>nullo</span> <span class='ocrx_word' id='word_1_43' title='bbox 591 721 862 778; x_wconf 80' lang='lat' dir='ltr'><strong>credente</strong></span> <span class='ocrx_word' id='word_1_44' title='bbox 892 719 974 774; x_wconf 89' lang='lat' dir='ltr'>sic</span> <span class='ocrx_word' id='word_1_45' title='bbox 1003 715 1344 785; x_wconf 81' lang='lat' dir='ltr'>accelerari,</span> <span class='ocrx_word' id='word_1_46' title='bbox 1404 736 1554 792; x_wconf 81' lang='lat' dir='ltr'>quae</span> <span class='ocrx_word' id='word_1_47' title='bbox 1588 716 1774 773; x_wconf 85' lang='lat' dir='ltr'>tristis</span> <span class='ocrx_word' id='word_1_48' title='bbox 1804 718 1978 774; x_wconf 87' lang='lat' dir='ltr'>audi-</span> 
     </span>
    </p>
   </div>
   <div class='ocr_carea' id='block_1_10' title="bbox 122 819 232 867">
    <p class='ocr_par' dir='ltr' id='par_1_10' title="bbox 122 819 232 867">
     <span class='ocr_line' id='line_1_11' title="bbox 122 819 232 867; baseline 0.036 -3"><span class='ocrx_word' id='word_1_49' title='bbox 122 819 232 867; x_wconf 82' lang='lat' dir='ltr'>ret.</span> 
     </span>
    </p>
   </div>
   <div class='ocr_carea' id='block_1_11' title="bbox 111 999 1015 2151">
    <p class='ocr_par' dir='ltr' id='par_1_11' title="bbox 111 999 1015 2151">
     <span class='ocr_line' id='line_1_12' title="bbox 119 999 1015 1058; baseline -0.009 -10"><span class='ocrx_word' id='word_1_50' title='bbox 119 1004 194 1048; x_wconf 78' lang='lat'>43.</span> <span class='ocrx_word' id='word_1_51' title='bbox 235 1005 380 1046; x_wconf 88' lang='lat' dir='ltr'>simul</span> <span class='ocrx_word' id='word_1_52' title='bbox 414 1002 635 1058; x_wconf 83' lang='lat' dir='ltr'>quidquid</span> <span class='ocrx_word' id='word_1_53' title='bbox 675 1002 759 1042; x_wconf 82' lang='lat' dir='ltr'>hoc</span> <span class='ocrx_word' id='word_1_54' title='bbox 801 1000 851 1044; x_wconf 80' lang='lat' dir='ltr'>in</span> <span class='ocrx_word' id='word_1_55' title='bbox 883 999 1015 1042; x_wconf 85' lang='lat' dir='ltr'>nobis</span> 
     </span>
     <span class='ocr_line' id='line_1_13' title="bbox 121 1059 1012 1110; baseline -0.007 -7"><span class='ocrx_word' id='word_1_56' title='bbox 121 1061 414 1104; x_wconf 78' lang='lat' dir='ltr'>auctoritatis</span> <span class='ocrx_word' id='word_1_57' title='bbox 456 1068 552 1110; x_wconf 89' lang='lat' dir='ltr'>est,</span> <span class='ocrx_word' id='word_1_58' title='bbox 602 1059 776 1100; x_wconf 80' lang='lat' dir='ltr'>crebris</span> <span class='ocrx_word' id='word_1_59' title='bbox 818 1066 1012 1099; x_wconf 86' lang='lat' dir='ltr'>contra-</span> 
     </span>
     <span class='ocr_line' id='line_1_14' title="bbox 119 1113 1014 1162; baseline -0.009 0"><span class='ocrx_word' id='word_1_60' title='bbox 119 1120 394 1162; x_wconf 74' lang='lat' dir='ltr'>dictionibus</span> <span class='ocrx_word' id='word_1_61' title='bbox 416 1120 760 1159; x_wconf 74' lang='lat' dir='ltr'>destruendum</span> <span class='ocrx_word' id='word_1_62' title='bbox 784 1130 882 1158; x_wconf 88' lang='lat' dir='ltr'>non</span> <span class='ocrx_word' id='word_1_63' title='bbox 905 1113 1014 1156; x_wconf 76' lang='lat' dir='ltr'>exi-</span> 
     </span>
     <span class='ocr_line' id='line_1_15' title="bbox 120 1173 1013 1226; baseline -0.008 -7"><span class='ocrx_word' id='word_1_64' title='bbox 120 1178 376 1219; x_wconf 85' lang='lat' dir='ltr'>stimabam</span> <span class='ocrx_word' id='word_1_65' title='bbox 391 1193 406 1226; x_wconf 89' lang='lat'><em>;</em></span> <span class='ocrx_word' id='word_1_66' title='bbox 445 1175 553 1217; x_wconf 82' lang='lat' dir='ltr'>ibid.</span> <span class='ocrx_word' id='word_1_67' title='bbox 582 1173 622 1224; x_wconf 75' lang='lat'>3,</span> <span class='ocrx_word' id='word_1_68' title='bbox 651 1174 719 1217; x_wconf 90' lang='lat'>16.</span> <span class='ocrx_word' id='word_1_69' title='bbox 754 1180 1013 1214; x_wconf 81' lang='lat' dir='ltr'>narratum</span> 
     </span>
     <span class='ocr_line' id='line_1_16' title="bbox 120 1231 1009 1288; baseline -0.006 -13"><span class='ocrx_word' id='word_1_70' title='bbox 120 1236 179 1276; x_wconf 84' lang='lat' dir='ltr'>ab</span> <span class='ocrx_word' id='word_1_71' title='bbox 211 1234 293 1287; x_wconf 85' lang='lat' dir='ltr'>iis,</span> <span class='ocrx_word' id='word_1_72' title='bbox 335 1232 419 1288; x_wconf 88' lang='lat' dir='ltr'>qui</span> <span class='ocrx_word' id='word_1_73' title='bbox 446 1239 665 1273; x_wconf 83' lang='lat' dir='ltr'>nostram</span> <span class='ocrx_word' id='word_1_74' title='bbox 698 1234 762 1272; x_wconf 87' lang='lat' dir='ltr'>ad</span> <span class='ocrx_word' id='word_1_75' title='bbox 797 1231 1009 1272; x_wconf 80' lang='lat' dir='ltr'>iuventu-</span> 
     </span>
     <span class='ocr_line' id='line_1_17' title="bbox 121 1287 1012 1339; baseline -0.008 -6"><span class='ocrx_word' id='word_1_76' title='bbox 121 1299 216 1334; x_wconf 85' lang='lat' dir='ltr'>tem</span> <span class='ocrx_word' id='word_1_77' title='bbox 241 1294 554 1339; x_wconf 83' lang='lat' dir='ltr'>duraverunt;</span> <span class='ocrx_word' id='word_1_78' title='bbox 583 1288 693 1331; x_wconf 84' lang='lat' dir='ltr'>ibid.</span> <span class='ocrx_word' id='word_1_79' title='bbox 716 1288 757 1338; x_wconf 81' lang='grc'>4,</span> <span class='ocrx_word' id='word_1_80' title='bbox 778 1287 850 1331; x_wconf 83' lang='grc'>32.</span> <span class='ocrx_word' id='word_1_81' title='bbox 875 1301 1012 1328; x_wconf 87' lang='lat' dir='ltr'>nemo</span> 
     </span>
     <span class='ocr_line' id='line_1_18' title="bbox 121 1345 1010 1397; baseline -0.006 -6"><span class='ocrx_word' id='word_1_82' title='bbox 121 1351 321 1391; x_wconf 85' lang='lat' dir='ltr'>annales</span> <span class='ocrx_word' id='word_1_83' title='bbox 341 1355 529 1389; x_wconf 85' lang='lat' dir='ltr'>nostras</span> <span class='ocrx_word' id='word_1_84' title='bbox 551 1361 654 1387; x_wconf 90' lang='lat' dir='ltr'>cum</span> <span class='ocrx_word' id='word_1_85' title='bbox 677 1345 912 1397; x_wconf 79' lang='lat' dir='ltr'>scriptura</span> <span class='ocrx_word' id='word_1_86' title='bbox 939 1359 1010 1386; x_wconf 85' lang='lat' dir='ltr'>eo-</span> 
     </span>
     <span class='ocr_line' id='line_1_19' title="bbox 120 1403 1014 1458; baseline -0.008 -10"><span class='ocrx_word' id='word_1_87' title='bbox 120 1421 228 1448; x_wconf 82' lang='lat' dir='ltr'>rum</span> <span class='ocrx_word' id='word_1_88' title='bbox 251 1404 562 1458; x_wconf 80' lang='lat' dir='ltr'>contenderit,</span> <span class='ocrx_word' id='word_1_89' title='bbox 604 1403 689 1458; x_wconf 87' lang='lat' dir='ltr'>qui</span> <span class='ocrx_word' id='word_1_90' title='bbox 720 1409 894 1444; x_wconf 87' lang='lat' dir='ltr'>veteres</span> <span class='ocrx_word' id='word_1_91' title='bbox 921 1416 1014 1454; x_wconf 78' lang='lat' dir='ltr'>po-</span> 
     </span>
     <span class='ocr_line' id='line_1_20' title="bbox 280 1462 1014 1514; baseline -0.005 -10"><span class='ocrx_word' id='word_1_92' title='bbox 280 1462 490 1505; x_wconf 81' lang='lat' dir='ltr'>Romani</span> <span class='ocrx_word' id='word_1_93' title='bbox 548 1474 627 1502; x_wconf 85' lang='lat' dir='ltr'>res</span> <span class='ocrx_word' id='word_1_94' title='bbox 691 1474 989 1514; x_wconf 82' lang='lat' dir='ltr'>composuere</span> <span class='ocrx_word' id='word_1_95' title='bbox 1000 1474 1014 1509; x_wconf 94' lang='lat'>,·</span> 
     </span>
     <span class='ocr_line' id='line_1_21' title="bbox 120 1518 1013 1571; baseline -0.006 -8"><span class='ocrx_word' id='word_1_96' title='bbox 120 1519 234 1563; x_wconf 86' lang='lat' dir='ltr'>ibid.</span> <span class='ocrx_word' id='word_1_97' title='bbox 256 1521 387 1562; x_wconf 84' lang='lat' dir='ltr'>nobis</span> <span class='ocrx_word' id='word_1_98' title='bbox 411 1519 460 1560; x_wconf 87' lang='lat' dir='ltr'>in</span> <span class='ocrx_word' id='word_1_99' title='bbox 483 1526 590 1559; x_wconf 84' lang='lat' dir='ltr'>arto</span> <span class='ocrx_word' id='word_1_100' title='bbox 619 1524 664 1559; x_wconf 87' lang='lat' dir='ltr'>et</span> <span class='ocrx_word' id='word_1_101' title='bbox 688 1518 913 1571; x_wconf 81' lang='lat' dir='ltr'>inglorius</span> <span class='ocrx_word' id='word_1_102' title='bbox 935 1519 1013 1559; x_wconf 86' lang='lat' dir='ltr'>Ia-</span> 
     </span>
     <span class='ocr_line' id='line_1_22' title="bbox 118 1575 1015 1626; baseline -0.006 -6"><span class='ocrx_word' id='word_1_103' title='bbox 118 1580 219 1621; x_wconf 82' lang='lat' dir='ltr'>bor.</span> <span class='ocrx_word' id='word_1_104' title='bbox 278 1575 427 1619; x_wconf 87' lang='lat' dir='ltr'>Cicer.</span> <span class='ocrx_word' id='word_1_105' title='bbox 450 1576 497 1618; x_wconf 87' lang='lat' dir='ltr'>in</span> <span class='ocrx_word' id='word_1_106' title='bbox 522 1575 650 1619; x_wconf 83' lang='lat' dir='ltr'>Catil.</span> <span class='ocrx_word' id='word_1_107' title='bbox 667 1577 703 1626; x_wconf 92' lang='lat' dir='ltr'>l,</span> <span class='ocrx_word' id='word_1_108' title='bbox 718 1575 760 1623; x_wconf 89' lang='lat'>9,</span> <span class='ocrx_word' id='word_1_109' title='bbox 782 1576 852 1617; x_wconf 90' lang='grc'>22.</span> <span class='ocrx_word' id='word_1_110' title='bbox 882 1582 1015 1616; x_wconf 89' lang='lat' dir='ltr'>tam-</span> 
     </span>
     <span class='ocr_line' id='line_1_23' title="bbox 118 1633 1013 1687; baseline -0.003 -10"><span class='ocrx_word' id='word_1_111' title='bbox 118 1638 208 1679; x_wconf 85' lang='lat' dir='ltr'>etsi</span> <span class='ocrx_word' id='word_1_112' title='bbox 241 1637 396 1684; x_wconf 85' lang='lat' dir='ltr'>video,</span> <span class='ocrx_word' id='word_1_113' title='bbox 433 1635 478 1676; x_wconf 79' lang='lat' dir='ltr'>si</span> <span class='ocrx_word' id='word_1_114' title='bbox 502 1648 610 1674; x_wconf 87' lang='lat' dir='ltr'>mea</span> <span class='ocrx_word' id='word_1_115' title='bbox 645 1647 753 1674; x_wconf 85' lang='lat' dir='ltr'>voce</span> <span class='ocrx_word' id='word_1_116' title='bbox 780 1633 1013 1687; x_wconf 85' lang='lat' dir='ltr'>perterri-</span> 
     </span>
     <span class='ocr_line' id='line_1_24' title="bbox 119 1689 1014 1735; baseline -0.004 0"><span class='ocrx_word' id='word_1_117' title='bbox 119 1700 199 1735; x_wconf 81' lang='lat' dir='ltr'>tus</span> <span class='ocrx_word' id='word_1_118' title='bbox 230 1693 297 1734; x_wconf 83' lang='lat' dir='ltr'>ire</span> <span class='ocrx_word' id='word_1_119' title='bbox 327 1692 376 1732; x_wconf 87' lang='lat' dir='ltr'>in</span> <span class='ocrx_word' id='word_1_120' title='bbox 407 1692 601 1731; x_wconf 76' lang='lat' dir='ltr'>exilium</span> <span class='ocrx_word' id='word_1_121' title='bbox 633 1693 846 1732; x_wconf 84' lang='lat' dir='ltr'>animum</span> <span class='ocrx_word' id='word_1_122' title='bbox 871 1689 1014 1731; x_wconf 87' lang='lat' dir='ltr'>indu-</span> 
     </span>
     <span class='ocr_line' id='line_1_25' title="bbox 111 1748 1013 1804; baseline -0.003 -11"><span class='ocrx_word' id='word_1_123' title='bbox 111 1751 277 1804; x_wconf 68' lang='lat' dir='ltr'>xxeris,</span> <span class='ocrx_word' id='word_1_124' title='bbox 321 1754 500 1803; x_wconf 71' lang='lat' dir='ltr'>quanta</span> <span class='ocrx_word' id='word_1_125' title='bbox 530 1754 787 1801; x_wconf 78' lang='lat' dir='ltr'>tempestas</span> <span class='ocrx_word' id='word_1_126' title='bbox 810 1748 1013 1790; x_wconf 84' lang='lat' dir='ltr'>invidiae</span> 
     </span>
     <span class='ocr_line' id='line_1_26' title="bbox 118 1805 1013 1862; baseline -0.004 -12"><span class='ocrx_word' id='word_1_127' title='bbox 118 1808 276 1862; x_wconf 70' lang='lat' dir='ltr'>nobis,</span> <span class='ocrx_word' id='word_1_128' title='bbox 320 1807 366 1848; x_wconf 86' lang='lat' dir='ltr'>si</span> <span class='ocrx_word' id='word_1_129' title='bbox 387 1805 547 1846; x_wconf 87' lang='lat' dir='ltr'>minus</span> <span class='ocrx_word' id='word_1_130' title='bbox 569 1807 615 1846; x_wconf 83' lang='lat' dir='ltr'>in</span> <span class='ocrx_word' id='word_1_131' title='bbox 632 1818 864 1859; x_wconf 82' lang='lat' dir='ltr'>praesens</span> <span class='ocrx_word' id='word_1_132' title='bbox 887 1812 1013 1848; x_wconf 86' lang='lat' dir='ltr'>tem·</span> 
     </span>
     <span class='ocr_line' id='line_1_27' title="bbox 115 1863 1013 1920; baseline -0.001 -13"><span class='ocrx_word' id='word_1_133' title='bbox 115 1880 204 1920; x_wconf 83' lang='lat' dir='ltr'>pus</span> <span class='ocrx_word' id='word_1_134' title='bbox 267 1863 454 1905; x_wconf 79' lang='lat' dir='ltr'>recenti</span> <span class='ocrx_word' id='word_1_135' title='bbox 501 1863 735 1904; x_wconf 83' lang='lat' dir='ltr'>memoria</span> <span class='ocrx_word' id='word_1_136' title='bbox 784 1864 1013 1906; x_wconf 86' lang='lat' dir='ltr'>scelerum</span> 
     </span>
     <span class='ocr_line' id='line_1_28' title="bbox 119 1921 1013 1975; baseline -0.002 -11"><span class='ocrx_word' id='word_1_137' title='bbox 119 1931 339 1975; x_wconf 82' lang='lat' dir='ltr'>tuorum,</span> <span class='ocrx_word' id='word_1_138' title='bbox 389 1926 441 1961; x_wconf 87' lang='lat' dir='ltr'>at</span> <span class='ocrx_word' id='word_1_139' title='bbox 475 1921 522 1961; x_wconf 84' lang='lat' dir='ltr'>in</span> <span class='ocrx_word' id='word_1_140' title='bbox 559 1921 883 1972; x_wconf 82' lang='lat' dir='ltr'>posteritatem</span> <span class='ocrx_word' id='word_1_141' title='bbox 918 1922 1013 1964; x_wconf 89' lang='lat' dir='ltr'>im·-</span> 
     </span>
     <span class='ocr_line' id='line_1_29' title="bbox 111 1975 1014 2035; baseline -0.001 -14"><span class='ocrx_word' id='word_1_142' title='bbox 111 1981 332 2035; x_wconf 85' lang='lat' dir='ltr'>pendeat.</span> <span class='ocrx_word' id='word_1_143' title='bbox 392 1975 507 2018; x_wconf 85' lang='lat' dir='ltr'>Vide</span> <span class='ocrx_word' id='word_1_144' title='bbox 530 1975 723 2030; x_wconf 85' lang='lat' dir='ltr'>Quintil.</span> <span class='ocrx_word' id='word_1_145' title='bbox 747 1976 853 2020; x_wconf 83' lang='lat' dir='ltr'>Inst.</span> <span class='ocrx_word' id='word_1_146' title='bbox 878 1991 947 2020; x_wconf 88' lang='lat' dir='ltr'>or.</span> <span class='ocrx_word' id='word_1_147' title='bbox 971 1978 1014 2029; x_wconf 88' lang='grc'>7,</span> 
     </span>
     <span class='ocr_line' id='line_1_30' title="bbox 115 2032 1011 2091; baseline -0.001 -12"><span class='ocrx_word' id='word_1_148' title='bbox 115 2037 158 2086; x_wconf 89' lang='lat'>6,</span> <span class='ocrx_word' id='word_1_149' title='bbox 171 2037 243 2080; x_wconf 76' lang='grc'>20.</span> <span class='ocrx_word' id='word_1_150' title='bbox 306 2034 521 2079; x_wconf 78' lang='lat' dir='ltr'>Ceterum</span> <span class='ocrx_word' id='word_1_151' title='bbox 547 2032 811 2091; x_wconf 83' lang='lat' dir='ltr'>Agricolam</span> <span class='ocrx_word' id='word_1_152' title='bbox 835 2050 1011 2078; x_wconf 87' lang='lat' dir='ltr'>veneno</span> 
     </span>
     <span class='ocr_line' id='line_1_31' title="bbox 115 2090 1013 2151; baseline -0.002 -13"><span class='ocrx_word' id='word_1_153' title='bbox 115 2093 416 2151; x_wconf 80' lang='lat' dir='ltr'>interceptum</span> <span class='ocrx_word' id='word_1_154' title='bbox 475 2090 682 2134; x_wconf 81' lang='lat' dir='ltr'>adfirmat</span> <span class='ocrx_word' id='word_1_155' title='bbox 743 2091 837 2134; x_wconf 88' lang='lat' dir='ltr'>Dio</span> <span class='ocrx_word' id='word_1_156' title='bbox 890 2093 1013 2137; x_wconf 83' lang='lat' dir='ltr'>Cass.</span> 
     </span>
    </p>
   </div>
   <div class='ocr_carea' id='block_1_12' title="bbox 115 2152 285 2207">
    <p class='ocr_par' dir='ltr' id='par_1_12' title="bbox 115 2152 285 2207">
     <span class='ocr_line' id='line_1_32' title="bbox 115 2152 285 2207; baseline -0.012 -12"><span class='ocrx_word' id='word_1_157' title='bbox 115 2152 188 2207; x_wconf 85' lang='lat'>66,</span> <span class='ocrx_word' id='word_1_158' title='bbox 214 2153 285 2194; x_wconf 53' lang='grc' dir='ltr'>ρο.</span> 
     </span>
    </p>
   </div>
   <div class='ocr_carea' id='block_1_13' title="bbox 116 2221 1011 2510">
    <p class='ocr_par' dir='ltr' id='par_1_13' title="bbox 116 2221 1011 2510">
     <span class='ocr_line' id='line_1_33' title="bbox 175 2221 1011 2276; baseline -0.002 -8"><span class='ocrx_word' id='word_1_159' title='bbox 175 2240 236 2268; x_wconf 81' lang='lat' dir='ltr'>cx</span> <span class='ocrx_word' id='word_1_160' title='bbox 268 2238 398 2265; x_wconf 84' lang='lat' dir='ltr'>more</span> <span class='ocrx_word' id='word_1_161' title='bbox 427 2221 737 2276; x_wconf 72' lang='lat' dir='ltr'>principatus.</span> <span class='ocrx_word' id='word_1_162' title='bbox 798 2221 1011 2275; x_wconf 88' lang='lat' dir='ltr'>Ursinus,</span> 
     </span>
     <span class='ocr_line' id='line_1_34' title="bbox 116 2278 1007 2339; baseline -0.003 -12"><span class='ocrx_word' id='word_1_163' title='bbox 116 2284 349 2330; x_wconf 58' lang='lat' dir='ltr'>NIuretus,</span> <span class='ocrx_word' id='word_1_164' title='bbox 408 2279 582 2322; x_wconf 75' lang='lat' dir='ltr'>Acidat.</span> <span class='ocrx_word' id='word_1_165' title='bbox 628 2278 812 2336; x_wconf 86' lang='lat' dir='ltr'>Bipont.</span> <span class='ocrx_word' id='word_1_166' title='bbox 852 2280 1007 2339; x_wconf 83' lang='lat' dir='ltr'>Engel.</span> 
     </span>
     <span class='ocr_line' id='line_1_35' title="bbox 116 2337 1009 2398; baseline -0.003 -14"><span class='ocrx_word' id='word_1_167' title='bbox 116 2338 427 2398; x_wconf 85' lang='lat' dir='ltr'>praeferebant</span> <span class='ocrx_word' id='word_1_168' title='bbox 447 2337 696 2389; x_wconf 58' lang='lat' dir='ltr'>principis,</span> <span class='ocrx_word' id='word_1_169' title='bbox 727 2345 775 2379; x_wconf 94' lang='lat' dir='ltr'>ut</span> <span class='ocrx_word' id='word_1_170' title='bbox 799 2354 914 2380; x_wconf 88' lang='lat' dir='ltr'>unus</span> <span class='ocrx_word' id='word_1_171' title='bbox 937 2339 1009 2381; x_wconf 91' lang='lat' dir='ltr'>in-</span> 
     </span>
     <span class='ocr_line' id='line_1_36' title="bbox 116 2392 1008 2453; baseline -0.002 -13"><span class='ocrx_word' id='word_1_172' title='bbox 116 2396 394 2453; x_wconf 81' lang='lat' dir='ltr'>telligeretur</span> <span class='ocrx_word' id='word_1_173' title='bbox 440 2392 758 2444; x_wconf 83' lang='lat' dir='ltr'>Domitianus,</span> <span class='ocrx_word' id='word_1_174' title='bbox 826 2395 902 2437; x_wconf 89' lang='lat' dir='ltr'>sed</span> <span class='ocrx_word' id='word_1_175' title='bbox 952 2397 1008 2438; x_wconf 91' lang='lat' dir='ltr'>ad</span> 
     </span>
     <span class='ocr_line' id='line_1_37' title="bbox 117 2450 1010 2510; baseline 0 -14"><span class='ocrx_word' id='word_1_176' title='bbox 117 2469 276 2496; x_wconf 87' lang='lat' dir='ltr'>omnes</span> <span class='ocrx_word' id='word_1_177' title='bbox 338 2450 564 2510; x_wconf 84' lang='lat' dir='ltr'>principes</span> <span class='ocrx_word' id='word_1_178' title='bbox 620 2450 884 2494; x_wconf 83' lang='lat' dir='ltr'>referendus</span> <span class='ocrx_word' id='word_1_179' title='bbox 944 2462 1010 2496; x_wconf 90' lang='lat' dir='ltr'>est</span> 
     </span>
    </p>
   </div>
   <div class='ocr_carea' id='block_1_14' title="bbox 118 2528 233 2555">
    <p class='ocr_par' dir='ltr' id='par_1_14' title="bbox 118 2528 233 2555">
     <span class='ocr_line' id='line_1_38' title="bbox 118 2528 233 2555; baseline -0.017 0"><span class='ocrx_word' id='word_1_180' title='bbox 118 2528 233 2555; x_wconf 85' lang='lat' dir='ltr'>mos.</span> 
     </span>
    </p>
   </div>
   <div class='ocr_carea' id='block_1_15' title="bbox 115 2578 1012 3207">
    <p class='ocr_par' dir='ltr' id='par_1_15' title="bbox 115 2578 1012 3207">
     <span class='ocr_line' id='line_1_39' title="bbox 174 2578 1008 2631; baseline -0.002 -8"><span class='ocrx_word' id='word_1_181' title='bbox 174 2583 445 2625; x_wconf 80' lang='lat' dir='ltr'>libertorum</span> <span class='ocrx_word' id='word_1_182' title='bbox 472 2578 623 2631; x_wconf 81' lang='lat' dir='ltr'>primi</span> <span class='ocrx_word' id='word_1_183' title='bbox 646 2585 692 2619; x_wconf 83' lang='lat' dir='ltr'>et</span> <span class='ocrx_word' id='word_1_184' title='bbox 718 2580 1008 2621; x_wconf 78' lang='lat' dir='ltr'>medicorum</span> 
     </span>
     <span class='ocr_line' id='line_1_40' title="bbox 115 2635 1012 2692; baseline -0.002 -11"><span class='ocrx_word' id='word_1_185' title='bbox 115 2639 283 2684; x_wconf 81' lang='lat' dir='ltr'>intimi.</span> <span class='ocrx_word' id='word_1_186' title='bbox 345 2635 560 2686; x_wconf 88' lang='lat' dir='ltr'>Videtur,</span> <span class='ocrx_word' id='word_1_187' title='bbox 595 2635 740 2692; x_wconf 89' lang='lat' dir='ltr'>inquit</span> <span class='ocrx_word' id='word_1_188' title='bbox 764 2635 1012 2686; x_wconf 79' lang='lat' dir='ltr'>Ernestius,</span> 
     </span>
     <span class='ocr_line' id='line_1_41' title="bbox 116 2692 1011 2754; baseline -0.003 -14"><span class='ocrx_word' id='word_1_189' title='bbox 116 2695 413 2754; x_wconf 84' lang='lat' dir='ltr'>epithetorum</span> <span class='ocrx_word' id='word_1_190' title='bbox 447 2693 716 2750; x_wconf 77' lang='lat' dir='ltr'>permutatio</span> <span class='ocrx_word' id='word_1_191' title='bbox 750 2692 863 2736; x_wconf 82' lang='lat' dir='ltr'>facta</span> <span class='ocrx_word' id='word_1_192' title='bbox 901 2709 1011 2738; x_wconf 86' lang='lat' dir='ltr'>esse.</span> 
     </span>
     <span class='ocr_line' id='line_1_42' title="bbox 115 2749 1010 2797; baseline -0.003 0"><span class='ocrx_word' id='word_1_193' title='bbox 115 2756 386 2797; x_wconf 80' lang='lat' dir='ltr'>libertorum</span> <span class='ocrx_word' id='word_1_194' title='bbox 422 2750 584 2792; x_wconf 83' lang='lat' dir='ltr'>intimi</span> <span class='ocrx_word' id='word_1_195' title='bbox 624 2749 720 2792; x_wconf 86' lang='lat' dir='ltr'>noti</span> <span class='ocrx_word' id='word_1_196' title='bbox 763 2759 885 2794; x_wconf 89' lang='lat' dir='ltr'>sunt.</span> <span class='ocrx_word' id='word_1_197' title='bbox 949 2751 1010 2795; x_wconf 88' lang='lat' dir='ltr'>cf.</span> 
     </span>
     <span class='ocr_line' id='line_1_43' title="bbox 117 2807 1006 2869; baseline -0.007 -14"><span class='ocrx_word' id='word_1_198' title='bbox 117 2825 251 2869; x_wconf 81' lang='lat' dir='ltr'>supra</span> <span class='ocrx_word' id='word_1_199' title='bbox 281 2826 322 2852; x_wconf 90' lang='lat' dir='ltr'>c.</span> <span class='ocrx_word' id='word_1_200' title='bbox 361 2808 431 2852; x_wconf 83' lang='lat'>40.</span> <span class='ocrx_word' id='word_1_201' title='bbox 491 2809 580 2850; x_wconf 89' lang='lat' dir='ltr'>An.</span> <span class='ocrx_word' id='word_1_202' title='bbox 619 2810 660 2858; x_wconf 84' lang='lat'>6,</span> <span class='ocrx_word' id='word_1_203' title='bbox 693 2807 787 2856; x_wconf 65' lang='lat'>50„</span> <span class='ocrx_word' id='word_1_204' title='bbox 831 2823 881 2850; x_wconf 86' lang='lat' dir='ltr'>ex</span> <span class='ocrx_word' id='word_1_205' title='bbox 916 2824 1006 2865; x_wconf 88' lang='lat' dir='ltr'>quo</span> 
     </span>
     <span class='ocr_line' id='line_1_44' title="bbox 117 2863 1006 2922; baseline -0.003 -11"><span class='ocrx_word' id='word_1_206' title='bbox 117 2869 223 2911; x_wconf 82' lang='lat' dir='ltr'>loco</span> <span class='ocrx_word' id='word_1_207' title='bbox 263 2866 458 2908; x_wconf 86' lang='lat' dir='ltr'>medicos</span> <span class='ocrx_word' id='word_1_208' title='bbox 498 2863 712 2922; x_wconf 84' lang='lat' dir='ltr'>principis</span> <span class='ocrx_word' id='word_1_209' title='bbox 746 2881 771 2908; x_wconf 89' lang='lat' dir='ltr'>a</span> <span class='ocrx_word' id='word_1_210' title='bbox 803 2865 1006 2908; x_wconf 87' lang='lat' dir='ltr'>consiliis</span> 
     </span>
     <span class='ocr_line' id='line_1_45' title="bbox 116 2921 1007 2980; baseline -0.003 -12"><span class='ocrx_word' id='word_1_211' title='bbox 116 2926 252 2968; x_wconf 81' lang='lat' dir='ltr'>fuisse</span> <span class='ocrx_word' id='word_1_212' title='bbox 269 2924 370 2965; x_wconf 85' lang='lat' dir='ltr'>satis</span> <span class='ocrx_word' id='word_1_213' title='bbox 388 2929 585 2979; x_wconf 86' lang='lat' dir='ltr'>apparet.</span> <span class='ocrx_word' id='word_1_214' title='bbox 617 2921 892 2965; x_wconf 74' lang='lat' dir='ltr'>intimorum</span> <span class='ocrx_word' id='word_1_215' title='bbox 906 2939 1007 2980; x_wconf 81' lang='lat' dir='ltr'>pro-</span> 
     </span>
     <span class='ocr_line' id='line_1_46' title="bbox 116 2977 1006 3036; baseline -0.003 -11"><span class='ocrx_word' id='word_1_216' title='bbox 116 2984 237 3025; x_wconf 81' lang='lat' dir='ltr'>fecto</span> <span class='ocrx_word' id='word_1_217' title='bbox 281 2979 560 3022; x_wconf 83' lang='lat' dir='ltr'>medicorum</span> <span class='ocrx_word' id='word_1_218' title='bbox 595 2977 742 3023; x_wconf 81' lang='lat' dir='ltr'>officia</span> <span class='ocrx_word' id='word_1_219' title='bbox 787 2979 1006 3036; x_wconf 80' lang='lat' dir='ltr'>efflagita-</span> 
     </span>
     <span class='ocr_line' id='line_1_47' title="bbox 116 3035 1006 3094; baseline -0.001 -14"><span class='ocrx_word' id='word_1_220' title='bbox 116 3041 283 3083; x_wconf 86' lang='lat' dir='ltr'>bantur</span> <span class='ocrx_word' id='word_1_221' title='bbox 315 3035 591 3084; x_wconf 78' lang='lat' dir='ltr'>necessario,</span> <span class='ocrx_word' id='word_1_222' title='bbox 640 3036 677 3079; x_wconf 88' lang='lat' dir='ltr'>si</span> <span class='ocrx_word' id='word_1_223' title='bbox 709 3037 893 3094; x_wconf 84' lang='lat' dir='ltr'>quidem</span> <span class='ocrx_word' id='word_1_224' title='bbox 931 3053 1006 3082; x_wconf 86' lang='lat' dir='ltr'>ve·</span> 
     </span>
     <span class='ocr_line' id='line_1_48' title="bbox 118 3092 1007 3150; baseline -0.003 -11"><span class='ocrx_word' id='word_1_225' title='bbox 118 3109 237 3139; x_wconf 90' lang='lat' dir='ltr'>neno</span> <span class='ocrx_word' id='word_1_226' title='bbox 261 3092 523 3136; x_wconf 80' lang='lat' dir='ltr'>interfectus</span> <span class='ocrx_word' id='word_1_227' title='bbox 545 3093 850 3150; x_wconf 77' lang='lat' dir='ltr'>estAgricola.</span> <span class='ocrx_word' id='word_1_228' title='bbox 916 3095 1007 3137; x_wconf 81' lang='lat' dir='ltr'>Er-</span> 
     </span>
     <span class='ocr_line' id='line_1_49' title="bbox 116 3142 1005 3207; baseline 0.001 -11"><span class='ocrx_word' id='word_1_229' title='bbox 116 3142 311 3196; x_wconf 87' lang='lat' dir='ltr'>nestium</span> <span class='ocrx_word' id='word_1_230' title='bbox 334 3158 483 3193; x_wconf 84' lang='lat' dir='ltr'>tamen</span> <span class='ocrx_word' id='word_1_231' title='bbox 505 3149 706 3207; x_wconf 88' lang='lat' dir='ltr'>sequitur</span> <span class='ocrx_word' id='word_1_232' title='bbox 717 3150 1005 3197; x_wconf 73' lang='lat' dir='ltr'>Rieklefsius.</span> 
     </span>
    </p>
   </div>
   <div class='ocr_carea' id='block_1_16' title="bbox 115 3232 1005 3633">
    <p class='ocr_par' dir='ltr' id='par_1_16' title="bbox 115 3232 1005 3633">
     <span class='ocr_line' id='line_1_50' title="bbox 172 3232 1005 3277; baseline 0 0"><span class='ocrx_word' id='word_1_233' title='bbox 172 3239 411 3277; x_wconf 87' lang='lat' dir='ltr'>momenta</span> <span class='ocrx_word' id='word_1_234' title='bbox 427 3235 485 3274; x_wconf 79' lang='lat' dir='ltr'>(Ie</span> <span class='ocrx_word' id='word_1_235' title='bbox 521 3232 679 3275; x_wconf 82' lang='lat' dir='ltr'>cientis</span> <span class='ocrx_word' id='word_1_236' title='bbox 698 3264 710 3276; x_wconf 92' lang='lat'>.</span> <span class='ocrx_word' id='word_1_237' title='bbox 725 3264 736 3275; x_wconf 88' lang='lat'>.</span> <span class='ocrx_word' id='word_1_238' title='bbox 751 3264 762 3277; x_wconf 87' lang='lat'>.</span> <span class='ocrx_word' id='word_1_239' title='bbox 783 3236 1005 3277; x_wconf 88' lang='lat' dir='ltr'>nuntiata</span> 
     </span>
     <span class='ocr_line' id='line_1_51' title="bbox 115 3290 1003 3348; baseline 0 -14"><span class='ocrx_word' id='word_1_240' title='bbox 115 3292 373 3335; x_wconf 79' lang='lat' dir='ltr'>constabat.</span> <span class='ocrx_word' id='word_1_241' title='bbox 508 3290 598 3332; x_wconf 85' lang='lat' dir='ltr'>uod</span> <span class='ocrx_word' id='word_1_242' title='bbox 643 3305 693 3332; x_wconf 86' lang='lat' dir='ltr'>ex</span> <span class='ocrx_word' id='word_1_243' title='bbox 736 3291 1003 3348; x_wconf 84' lang='lat' dir='ltr'>interpreta-</span> 
     </span>
     <span class='ocr_line' id='line_1_52' title="bbox 118 3346 1004 3404; baseline 0.001 -14"><span class='ocrx_word' id='word_1_244' title='bbox 118 3357 271 3392; x_wconf 89' lang='lat' dir='ltr'>mento</span> <span class='ocrx_word' id='word_1_245' title='bbox 295 3348 513 3390; x_wconf 86' lang='lat' dir='ltr'>insertum</span> <span class='ocrx_word' id='word_1_246' title='bbox 535 3346 696 3404; x_wconf 81' lang='lat' dir='ltr'>legitur</span> <span class='ocrx_word' id='word_1_247' title='bbox 718 3347 764 3390; x_wconf 91' lang='lat' dir='ltr'>in</span> <span class='ocrx_word' id='word_1_248' title='bbox 786 3349 887 3391; x_wconf 83' lang='lat' dir='ltr'>MS.</span> <span class='ocrx_word' id='word_1_249' title='bbox 906 3349 1004 3392; x_wconf 81' lang='lat' dir='ltr'>Vat-</span> 
     </span>
     <span class='ocr_line' id='line_1_53' title="bbox 117 3405 1004 3462; baseline 0 -14"><span class='ocrx_word' id='word_1_250' title='bbox 117 3405 245 3448; x_wconf 71' lang='lat'>3429.</span> <span class='ocrx_word' id='word_1_251' title='bbox 285 3413 522 3447; x_wconf 84' lang='lat' dir='ltr'>momenta</span> <span class='ocrx_word' id='word_1_252' title='bbox 561 3406 667 3458; x_wconf 81' lang='lat' dir='ltr'>ipsa</span> <span class='ocrx_word' id='word_1_253' title='bbox 703 3407 863 3462; x_wconf 47' lang='lat' dir='ltr'>defin,</span> <span class='ocrx_word' id='word_1_254' title='bbox 920 3406 1004 3448; x_wconf 90' lang='lat' dir='ltr'>soli</span> 
     </span>
     <span class='ocr_line' id='line_1_54' title="bbox 119 3460 1005 3520; baseline 0.001 -18"><span class='ocrx_word' id='word_1_255' title='bbox 119 3460 340 3504; x_wconf 79' lang='lat' dir='ltr'>Beckerus</span> <span class='ocrx_word' id='word_1_256' title='bbox 383 3469 425 3505; x_wconf 84' lang='lat' dir='ltr'>et</span> <span class='ocrx_word' id='word_1_257' title='bbox 470 3461 693 3504; x_wconf 78' lang='lat' dir='ltr'>liertelius</span> <span class='ocrx_word' id='word_1_258' title='bbox 737 3470 1005 3520; x_wconf 80' lang='lat' dir='ltr'>receperunt</span> 
     </span>
     <span class='ocr_line' id='line_1_55' title="bbox 119 3517 1005 3575; baseline 0.003 -17"><span class='ocrx_word' id='word_1_259' title='bbox 119 3519 334 3575; x_wconf 81' lang='lat' dir='ltr'>probante</span> <span class='ocrx_word' id='word_1_260' title='bbox 345 3517 597 3563; x_wconf 77' lang='lat' dir='ltr'>Ricktefsio.</span> <span class='ocrx_word' id='word_1_261' title='bbox 632 3518 835 3561; x_wconf 86' lang='lat' dir='ltr'>Rhenani</span> <span class='ocrx_word' id='word_1_262' title='bbox 852 3536 1005 3563; x_wconf 86' lang='lat' dir='ltr'>emen-</span> 
     </span>
     <span class='ocr_line' id='line_1_56' title="bbox 119 3574 999 3633; baseline -0.001 -15"><span class='ocrx_word' id='word_1_263' title='bbox 119 3575 341 3619; x_wconf 82' lang='lat' dir='ltr'>dationem</span> <span class='ocrx_word' id='word_1_264' title='bbox 379 3574 690 3631; x_wconf 78' lang='lat' dir='ltr'>grammaticae</span> <span class='ocrx_word' id='word_1_265' title='bbox 718 3575 823 3620; x_wconf 85' lang='lat' dir='ltr'>artis</span> <span class='ocrx_word' id='word_1_266' title='bbox 867 3592 999 3633; x_wconf 58' lang='lat' dir='ltr'>prae-</span> 
     </span>
    </p>
   </div>
   <div class='ocr_carea' id='block_1_17' title="bbox 321 800 1978 881">
    <p class='ocr_par' dir='ltr' id='par_1_17' title="bbox 321 800 1978 881">
     <span class='ocr_line' id='line_1_57' title="bbox 321 800 1978 881; baseline -0.001 -19"><span class='ocrx_word' id='word_1_267' title='bbox 321 807 572 881; x_wconf 87' lang='lat' dir='ltr'>speciem</span> <span class='ocrx_word' id='word_1_268' title='bbox 610 818 806 862; x_wconf 85' lang='lat' dir='ltr'>tamen</span> <span class='ocrx_word' id='word_1_269' title='bbox 838 802 1062 860; x_wconf 87' lang='lat' dir='ltr'>doloris</span> <span class='ocrx_word' id='word_1_270' title='bbox 1093 800 1290 859; x_wconf 83' lang='lat' dir='ltr'>animo</span> <span class='ocrx_word' id='word_1_271' title='bbox 1317 801 1602 877; x_wconf 87' lang='lat' dir='ltr'>vultuque</span> <span class='ocrx_word' id='word_1_272' title='bbox 1629 821 1769 876; x_wconf 82' lang='lat' dir='ltr'>prae</span> <span class='ocrx_word' id='word_1_273' title='bbox 1794 822 1853 859; x_wconf 91' lang='lat' dir='ltr'>se</span> <span class='ocrx_word' id='word_1_274' title='bbox 1880 814 1978 860; x_wconf 85' lang='lat' dir='ltr'>tu·—</span> 
     </span>
    </p>
   </div>
   <div class='ocr_carea' id='block_1_18' title="bbox 1074 994 2008 3618">
    <p class='ocr_par' dir='ltr' id='par_1_18' title="bbox 1081 994 1979 1286">
     <span class='ocr_line' id='line_1_58' title="bbox 1085 994 1979 1055; baseline 0.001 -15"><span class='ocrx_word' id='word_1_275' title='bbox 1085 996 1224 1055; x_wconf 88' lang='lat' dir='ltr'>ceptis</span> <span class='ocrx_word' id='word_1_276' title='bbox 1260 994 1363 1039; x_wconf 85' lang='lat' dir='ltr'>satis</span> <span class='ocrx_word' id='word_1_277' title='bbox 1397 995 1652 1054; x_wconf 85' lang='lat' dir='ltr'>vulgaribus</span> <span class='ocrx_word' id='word_1_278' title='bbox 1692 996 1791 1039; x_wconf 86' lang='lat' dir='ltr'>effla</span> <span class='ocrx_word' id='word_1_279' title='bbox 1825 996 1979 1041; x_wconf 81' lang='lat' dir='ltr'>itatam</span> 
     </span>
     <span class='ocr_line' id='line_1_59' title="bbox 1082 1053 1979 1112; baseline 0.001 -16"><span class='ocrx_word' id='word_1_280' title='bbox 1082 1057 1329 1097; x_wconf 84' lang='lat' dir='ltr'>constabat</span> <span class='ocrx_word' id='word_1_281' title='bbox 1354 1069 1499 1112; x_wconf 82' lang='lat' dir='ltr'>nuper</span> <span class='ocrx_word' id='word_1_282' title='bbox 1522 1054 1779 1098; x_wconf 81' lang='lat' dir='ltr'>reiiciehant</span> <span class='ocrx_word' id='word_1_283' title='bbox 1815 1055 1818 1057; x_wconf 72' lang='grc'><strong>’</strong></span> <span class='ocrx_word' id='word_1_284' title='bbox 1846 1053 1979 1097; x_wconf 79' lang='lat' dir='ltr'>ronk.</span> 
     </span>
     <span class='ocr_line' id='line_1_60' title="bbox 1082 1110 1978 1163; baseline 0 -9"><span class='ocrx_word' id='word_1_285' title='bbox 1082 1110 1272 1155; x_wconf 86' lang='lat' dir='ltr'>Becker.</span> <span class='ocrx_word' id='word_1_286' title='bbox 1309 1113 1351 1154; x_wconf 84' lang='lat' dir='ltr'>et</span> <span class='ocrx_word' id='word_1_287' title='bbox 1376 1110 1572 1163; x_wconf 66' lang='lat' dir='ltr'>Hertel„</span> <span class='ocrx_word' id='word_1_288' title='bbox 1610 1120 1876 1157; x_wconf 82' lang='lat' dir='ltr'>revocantes</span> <span class='ocrx_word' id='word_1_289' title='bbox 1910 1111 1978 1154; x_wconf 81' lang='lat' dir='ltr'>ini</span> 
     </span>
     <span class='ocr_line' id='line_1_61' title="bbox 1082 1168 1979 1228; baseline -0.002 -16"><span class='ocrx_word' id='word_1_290' title='bbox 1082 1169 1368 1226; x_wconf 88' lang='lat' dir='ltr'>antiquarum</span> <span class='ocrx_word' id='word_1_291' title='bbox 1406 1168 1509 1212; x_wconf 87' lang='lat' dir='ltr'>edd.</span> <span class='ocrx_word' id='word_1_292' title='bbox 1552 1169 1820 1228; x_wconf 86' lang='lat' dir='ltr'>scripturam</span> <span class='ocrx_word' id='word_1_293' title='bbox 1865 1183 1979 1212; x_wconf 85' lang='lat' dir='ltr'>con-</span> 
     </span>
     <span class='ocr_line' id='line_1_62' title="bbox 1081 1229 1288 1286; baseline -0.01 -17"><span class='ocrx_word' id='word_1_294' title='bbox 1081 1229 1288 1286; x_wconf 73' lang='lat' dir='ltr'>stabant.</span> 
     </span>
    </p>

    <p class='ocr_par' dir='ltr' id='par_1_19' title="bbox 1074 1283 2008 3618">
     <span class='ocr_line' id='line_1_63' title="bbox 1139 1283 1980 1338; baseline -0.001 -12"><span class='ocrx_word' id='word_1_295' title='bbox 1139 1285 1332 1338; x_wconf 80' lang='lat' dir='ltr'>speciem</span> <span class='ocrx_word' id='word_1_296' title='bbox 1385 1290 1548 1327; x_wconf 85' lang='lat' dir='ltr'>tamen</span> <span class='ocrx_word' id='word_1_297' title='bbox 1598 1284 1775 1326; x_wconf 83' lang='lat' dir='ltr'>doloris</span> <span class='ocrx_word' id='word_1_298' title='bbox 1818 1283 1980 1326; x_wconf 84' lang='lat' dir='ltr'>animo</span> 
     </span>
     <span class='ocr_line' id='line_1_64' title="bbox 1082 1342 1981 1397; baseline -0.002 -13"><span class='ocrx_word' id='word_1_299' title='bbox 1082 1344 1302 1397; x_wconf 86' lang='lat' dir='ltr'>vultuque</span> <span class='ocrx_word' id='word_1_300' title='bbox 1341 1355 1464 1396; x_wconf 86' lang='lat' dir='ltr'>prae</span> <span class='ocrx_word' id='word_1_301' title='bbox 1505 1357 1555 1385; x_wconf 89' lang='lat' dir='ltr'>se</span> <span class='ocrx_word' id='word_1_302' title='bbox 1596 1343 1719 1384; x_wconf 82' lang='lat' dir='ltr'>tulit.</span> <span class='ocrx_word' id='word_1_303' title='bbox 1807 1342 1981 1383; x_wconf 85' lang='lat' dir='ltr'>Animo</span> 
     </span>
     <span class='ocr_line' id='line_1_65' title="bbox 1083 1397 1980 1456; baseline -0.001 -15"><span class='ocrx_word' id='word_1_304' title='bbox 1083 1402 1304 1455; x_wconf 84' lang='lat' dir='ltr'>vultuque</span> <span class='ocrx_word' id='word_1_305' title='bbox 1324 1397 1638 1456; x_wconf 86' lang='lat' dir='ltr'>explicandum</span> <span class='ocrx_word' id='word_1_306' title='bbox 1663 1406 1729 1441; x_wconf 90' lang='lat' dir='ltr'>est</span> <span class='ocrx_word' id='word_1_307' title='bbox 1755 1413 1836 1456; x_wconf 89' lang='lat' dir='ltr'>per</span> <span class='ocrx_word' id='word_1_308' title='bbox 1859 1397 1980 1440; x_wconf 88' lang='lat' dir='ltr'>Hen-</span> 
     </span>
     <span class='ocr_line' id='line_1_66' title="bbox 1085 1455 1981 1514; baseline 0 -16"><span class='ocrx_word' id='word_1_309' title='bbox 1085 1457 1276 1513; x_wconf 83' lang='lat' dir='ltr'>diadyn=</span> <span class='ocrx_word' id='word_1_310' title='bbox 1330 1455 1462 1502; x_wconf 81' lang='lat' dir='ltr'>vultu</span> <span class='ocrx_word' id='word_1_311' title='bbox 1498 1458 1558 1500; x_wconf 91' lang='lat' dir='ltr'>ita</span> <span class='ocrx_word' id='word_1_312' title='bbox 1595 1457 1875 1514; x_wconf 87' lang='lat' dir='ltr'>composito,</span> <span class='ocrx_word' id='word_1_313' title='bbox 1928 1462 1981 1498; x_wconf 75' lang='lat' dir='ltr'>ut</span> 
     </span>
     <span class='ocr_line' id='line_1_67' title="bbox 1086 1511 1981 1571; baseline 0.002 -16"><span class='ocrx_word' id='word_1_314' title='bbox 1086 1512 1225 1555; x_wconf 87' lang='lat' dir='ltr'>animi</span> <span class='ocrx_word' id='word_1_315' title='bbox 1268 1513 1401 1557; x_wconf 90' lang='lat' dir='ltr'>dolor</span> <span class='ocrx_word' id='word_1_316' title='bbox 1432 1513 1539 1563; x_wconf 89' lang='lat' dir='ltr'>inde</span> <span class='ocrx_word' id='word_1_317' title='bbox 1572 1512 1788 1571; x_wconf 77' lang='lat' dir='ltr'>cognosci</span> <span class='ocrx_word' id='word_1_318' title='bbox 1824 1511 1981 1571; x_wconf 80' lang='lat' dir='ltr'>possit.</span> 
     </span>
     <span class='ocr_line' id='line_1_68' title="bbox 1086 1570 1978 1622; baseline 0 -9"><span class='ocrx_word' id='word_1_319' title='bbox 1086 1571 1164 1614; x_wconf 83' lang='lat' dir='ltr'>Sic</span> <span class='ocrx_word' id='word_1_320' title='bbox 1196 1570 1310 1614; x_wconf 81' lang='lat' dir='ltr'>Hist.</span> <span class='ocrx_word' id='word_1_321' title='bbox 1345 1576 1385 1622; x_wconf 88' lang='lat'>1,</span> <span class='ocrx_word' id='word_1_322' title='bbox 1415 1571 1487 1614; x_wconf 86' lang='lat'>85.</span> <span class='ocrx_word' id='word_1_323' title='bbox 1521 1573 1740 1614; x_wconf 76' lang='lat' dir='ltr'>animum</span> <span class='ocrx_word' id='word_1_324' title='bbox 1771 1573 1978 1613; x_wconf 84' lang='lat' dir='ltr'>vultum-</span> 
     </span>
     <span class='ocr_line' id='line_1_69' title="bbox 1086 1628 1980 1684; baseline 0.002 -15"><span class='ocrx_word' id='word_1_325' title='bbox 1086 1642 1172 1684; x_wconf 87' lang='lat' dir='ltr'>que</span> <span class='ocrx_word' id='word_1_326' title='bbox 1205 1630 1444 1681; x_wconf 84' lang='lat' dir='ltr'>conversi;</span> <span class='ocrx_word' id='word_1_327' title='bbox 1486 1628 1596 1672; x_wconf 87' lang='lat' dir='ltr'>ibid.</span> <span class='ocrx_word' id='word_1_328' title='bbox 1624 1630 1667 1680; x_wconf 83' lang='lat'>4,</span> <span class='ocrx_word' id='word_1_329' title='bbox 1695 1628 1766 1671; x_wconf 76' lang='lat'>31.</span> <span class='ocrx_word' id='word_1_330' title='bbox 1805 1642 1980 1671; x_wconf 85' lang='lat' dir='ltr'>sacra—</span> 
     </span>
     <span class='ocr_line' id='line_1_70' title="bbox 1084 1687 1980 1741; baseline 0.001 -14"><span class='ocrx_word' id='word_1_331' title='bbox 1084 1693 1300 1727; x_wconf 85' lang='lat' dir='ltr'>mentum</span> <span class='ocrx_word' id='word_1_332' title='bbox 1339 1701 1436 1728; x_wconf 90' lang='lat' dir='ltr'>non</span> <span class='ocrx_word' id='word_1_333' title='bbox 1467 1689 1600 1728; x_wconf 86' lang='lat' dir='ltr'>vultu</span> <span class='ocrx_word' id='word_1_334' title='bbox 1633 1701 1781 1741; x_wconf 83' lang='lat' dir='ltr'>neque</span> <span class='ocrx_word' id='word_1_335' title='bbox 1815 1687 1980 1728; x_wconf 85' lang='lat' dir='ltr'>am‘mo</span> 
     </span>
     <span class='ocr_line' id='line_1_71' title="bbox 1084 1742 1978 1801; baseline -0.001 -15"><span class='ocrx_word' id='word_1_336' title='bbox 1084 1744 1202 1786; x_wconf 82' lang='lat' dir='ltr'>satis</span> <span class='ocrx_word' id='word_1_337' title='bbox 1233 1743 1527 1799; x_wconf 82' lang='lat' dir='ltr'>adfirmans;</span> <span class='ocrx_word' id='word_1_338' title='bbox 1573 1743 1730 1787; x_wconf 86' lang='lat' dir='ltr'>Horat.</span> <span class='ocrx_word' id='word_1_339' title='bbox 1762 1742 1903 1801; x_wconf 84' lang='lat' dir='ltr'>Epist.</span> <span class='ocrx_word' id='word_1_340' title='bbox 1936 1744 1978 1790; x_wconf 79' lang='lat'>2,</span> 
     </span>
     <span class='ocr_line' id='line_1_72' title="bbox 1085 1800 1981 1857; baseline -0.001 -14"><span class='ocrx_word' id='word_1_341' title='bbox 1085 1802 1124 1851; x_wconf 91' lang='lat'>1,</span> <span class='ocrx_word' id='word_1_342' title='bbox 1146 1800 1216 1843; x_wconf 90' lang='lat'>97.</span> <span class='ocrx_word' id='word_1_343' title='bbox 1235 1803 1482 1855; x_wconf 81' lang='lat' dir='ltr'>suspendit</span> <span class='ocrx_word' id='word_1_344' title='bbox 1497 1804 1623 1857; x_wconf 80' lang='lat' dir='ltr'>picta</span> <span class='ocrx_word' id='word_1_345' title='bbox 1644 1803 1827 1842; x_wconf 84' lang='lat' dir='ltr'>vultum</span> <span class='ocrx_word' id='word_1_346' title='bbox 1848 1814 1981 1843; x_wconf 87' lang='lat' dir='ltr'>men-</span> 
     </span>
     <span class='ocr_line' id='line_1_73' title="bbox 1084 1857 1978 1914; baseline 0 -14"><span class='ocrx_word' id='word_1_347' title='bbox 1084 1865 1268 1913; x_wconf 82' lang='lat' dir='ltr'>temque</span> <span class='ocrx_word' id='word_1_348' title='bbox 1291 1860 1484 1903; x_wconf 82' lang='lat' dir='ltr'>tabella.</span> <span class='ocrx_word' id='word_1_349' title='bbox 1539 1858 1641 1903; x_wconf 84' lang='lat' dir='ltr'>Alia</span> <span class='ocrx_word' id='word_1_350' title='bbox 1664 1857 1708 1900; x_wconf 89' lang='lat' dir='ltr'>id</span> <span class='ocrx_word' id='word_1_351' title='bbox 1733 1872 1873 1914; x_wconf 87' lang='lat' dir='ltr'>gcnus</span> <span class='ocrx_word' id='word_1_352' title='bbox 1896 1872 1978 1900; x_wconf 88' lang='lat' dir='ltr'>no·</span> 
     </span>
     <span class='ocr_line' id='line_1_74' title="bbox 1082 1914 1981 1968; baseline -0.001 -11"><span class='ocrx_word' id='word_1_353' title='bbox 1082 1914 1274 1958; x_wconf 78' lang='lat' dir='ltr'>tavimus</span> <span class='ocrx_word' id='word_1_354' title='bbox 1303 1914 1418 1959; x_wconf 84' lang='lat' dir='ltr'>Hist.</span> <span class='ocrx_word' id='word_1_355' title='bbox 1447 1917 1488 1968; x_wconf 85' lang='lat'>4,</span> <span class='ocrx_word' id='word_1_356' title='bbox 1523 1919 1591 1961; x_wconf 83' lang='lat'>14.</span> <span class='ocrx_word' id='word_1_357' title='bbox 1622 1921 1758 1958; x_wconf 86' lang='lat' dir='ltr'>nocte</span> <span class='ocrx_word' id='word_1_358' title='bbox 1788 1930 1844 1957; x_wconf 89' lang='lat' dir='ltr'>ac</span> <span class='ocrx_word' id='word_1_359' title='bbox 1874 1916 1981 1956; x_wconf 83' lang='lat' dir='ltr'>lae-</span> 
     </span>
     <span class='ocr_line' id='line_1_75' title="bbox 1086 1971 1980 2029; baseline 0.002 -15"><span class='ocrx_word' id='word_1_360' title='bbox 1086 1971 1217 2022; x_wconf 78' lang='lat' dir='ltr'>titia3</span> <span class='ocrx_word' id='word_1_361' title='bbox 1273 1972 1381 2015; x_wconf 86' lang='lat' dir='ltr'>ibid.</span> <span class='ocrx_word' id='word_1_362' title='bbox 1418 1989 1458 2017; x_wconf 90' lang='lat' dir='ltr'>c.</span> <span class='ocrx_word' id='word_1_363' title='bbox 1490 1974 1561 2017; x_wconf 85' lang='lat'>55.</span> <span class='ocrx_word' id='word_1_364' title='bbox 1609 1986 1802 2028; x_wconf 85' lang='lat' dir='ltr'>corpore</span> <span class='ocrx_word' id='word_1_365' title='bbox 1836 1980 1980 2029; x_wconf 76' lang='lat' dir='ltr'>atquc</span> 
     </span>
     <span class='ocr_line' id='line_1_76' title="bbox 1084 2029 1979 2090; baseline 0.004 -20"><span class='ocrx_word' id='word_1_366' title='bbox 1084 2031 1332 2074; x_wconf 82' lang='lat' dir='ltr'>adulterio.</span> <span class='ocrx_word' id='word_1_367' title='bbox 1385 2031 1598 2090; x_wconf 87' lang='lat' dir='ltr'>Spectant</span> <span class='ocrx_word' id='word_1_368' title='bbox 1617 2030 1727 2073; x_wconf 85' lang='lat' dir='ltr'>haec</span> <span class='ocrx_word' id='word_1_369' title='bbox 1748 2030 1901 2072; x_wconf 88' lang='lat' dir='ltr'>omnia</span> <span class='ocrx_word' id='word_1_370' title='bbox 1922 2029 1979 2074; x_wconf 90' lang='lat' dir='ltr'>ad</span> 
     </span>
     <span class='ocr_line' id='line_1_77' title="bbox 1084 2087 1977 2146; baseline 0.003 -18"><span class='ocrx_word' id='word_1_371' title='bbox 1084 2095 1290 2144; x_wconf 85' lang='lat' dir='ltr'>quartam</span> <span class='ocrx_word' id='word_1_372' title='bbox 1319 2088 1487 2145; x_wconf 84' lang='lat' dir='ltr'>figurae</span> <span class='ocrx_word' id='word_1_373' title='bbox 1518 2089 1567 2132; x_wconf 76' lang='grc' dir='ltr'>ἓν</span> <span class='ocrx_word' id='word_1_374' title='bbox 1595 2087 1674 2133; x_wconf 78' lang='grc' dir='ltr'>διὰ</span> <span class='ocrx_word' id='word_1_375' title='bbox 1706 2088 1842 2131; x_wconf 77' lang='grc' dir='ltr'><em>δυοῖν</em></span> <span class='ocrx_word' id='word_1_376' title='bbox 1872 2104 1977 2146; x_wconf 87' lang='lat' dir='ltr'>spe-</span> 
     </span>
     <span class='ocr_line' id='line_1_78' title="bbox 1083 2145 1979 2194; baseline 0.002 -8"><span class='ocrx_word' id='word_1_377' title='bbox 1083 2146 1222 2193; x_wconf 87' lang='lat' dir='ltr'>ciem,</span> <span class='ocrx_word' id='word_1_378' title='bbox 1276 2146 1376 2193; x_wconf 81' lang='lat' dir='ltr'>ubi,</span> <span class='ocrx_word' id='word_1_379' title='bbox 1428 2146 1597 2190; x_wconf 84' lang='lat' dir='ltr'>Rotbio</span> <span class='ocrx_word' id='word_1_380' title='bbox 1632 2145 1663 2189; x_wconf 89' lang='lat' dir='ltr'>l.</span> <span class='ocrx_word' id='word_1_381' title='bbox 1705 2146 1735 2189; x_wconf 89' lang='lat' dir='ltr'>l.</span> <span class='ocrx_word' id='word_1_382' title='bbox 1777 2152 1979 2194; x_wconf 85' lang='lat' dir='ltr'>auctore,</span> 
     </span>
     <span class='ocr_line' id='line_1_79' title="bbox 1083 2202 1979 2262; baseline 0.001 -18"><span class='ocrx_word' id='word_1_383' title='bbox 1083 2202 1278 2245; x_wconf 77' lang='lat' dir='ltr'>accessio</span> <span class='ocrx_word' id='word_1_384' title='bbox 1303 2204 1521 2261; x_wconf 83' lang='lat' dir='ltr'>quaedam</span> <span class='ocrx_word' id='word_1_385' title='bbox 1546 2213 1621 2248; x_wconf 90' lang='lat' dir='ltr'>aut</span> <span class='ocrx_word' id='word_1_386' title='bbox 1646 2219 1724 2262; x_wconf 88' lang='lat' dir='ltr'>per</span> <span class='ocrx_word' id='word_1_387' title='bbox 1753 2203 1979 2260; x_wconf 86' lang='lat' dir='ltr'>praeposi·</span> 
     </span>
     <span class='ocr_line' id='line_1_80' title="bbox 1080 2260 1979 2317; baseline 0.002 -16"><span class='ocrx_word' id='word_1_388' title='bbox 1080 2260 1252 2302; x_wconf 85' lang='lat' dir='ltr'>tionem</span> <span class='ocrx_word' id='word_1_389' title='bbox 1279 2260 1551 2305; x_wconf 88' lang='lat' dir='ltr'>enuntianda</span> <span class='ocrx_word' id='word_1_390' title='bbox 1578 2270 1654 2305; x_wconf 88' lang='lat' dir='ltr'>aut</span> <span class='ocrx_word' id='word_1_391' title='bbox 1686 2260 1979 2317; x_wconf 85' lang='lat' dir='ltr'>eloquutione</span> 
     </span>
     <span class='ocr_line' id='line_1_81' title="bbox 1080 2317 1981 2376; baseline 0 -16"><span class='ocrx_word' id='word_1_392' title='bbox 1080 2317 1493 2361; x_wconf 81' lang='lat' dir='ltr'>circumscribenda</span> <span class='ocrx_word' id='word_1_393' title='bbox 1539 2318 1583 2361; x_wconf 87' lang='lat' dir='ltr'>in</span> <span class='ocrx_word' id='word_1_394' title='bbox 1623 2319 1811 2376; x_wconf 79' lang='lat' dir='ltr'>figuram</span> <span class='ocrx_word' id='word_1_395' title='bbox 1850 2318 1981 2360; x_wconf 89' lang='lat' dir='ltr'>Hen-</span> 
     </span>
     <span class='ocr_line' id='line_1_82' title="bbox 1081 2373 1978 2433; baseline 0.001 -18"><span class='ocrx_word' id='word_1_396' title='bbox 1081 2374 1198 2416; x_wconf 87' lang='lat' dir='ltr'>diad.</span> <span class='ocrx_word' id='word_1_397' title='bbox 1221 2375 1327 2418; x_wconf 88' lang='lat' dir='ltr'>abit.</span> <span class='ocrx_word' id='word_1_398' title='bbox 1388 2375 1528 2430; x_wconf 87' lang='lat' dir='ltr'>Quod</span> <span class='ocrx_word' id='word_1_399' title='bbox 1553 2376 1588 2419; x_wconf 86' lang='lat' dir='ltr'>si</span> <span class='ocrx_word' id='word_1_400' title='bbox 1607 2383 1888 2433; x_wconf 84' lang='lat' dir='ltr'>reputassent</span> <span class='ocrx_word' id='word_1_401' title='bbox 1909 2373 1978 2416; x_wconf 88' lang='lat' dir='ltr'>in-</span> 
     </span>
     <span class='ocr_line' id='line_1_83' title="bbox 1080 2431 1975 2489; baseline 0.004 -17"><span class='ocrx_word' id='word_1_402' title='bbox 1080 2439 1322 2488; x_wconf 86' lang='lat' dir='ltr'>terpretes,</span> <span class='ocrx_word' id='word_1_403' title='bbox 1391 2434 1707 2476; x_wconf 85' lang='lat' dir='ltr'>abstinuissent</span> <span class='ocrx_word' id='word_1_404' title='bbox 1767 2431 1975 2489; x_wconf 80' lang='lat' dir='ltr'>profecto</span> 
     </span>
     <span class='ocr_line' id='line_1_84' title="bbox 1079 2487 1978 2547; baseline 0.003 -17"><span class='ocrx_word' id='word_1_405' title='bbox 1079 2487 1288 2530; x_wconf 82' lang='lat' dir='ltr'>inanibus</span> <span class='ocrx_word' id='word_1_406' title='bbox 1313 2488 1612 2542; x_wconf 87' lang='lat' dir='ltr'>coniecturis,</span> <span class='ocrx_word' id='word_1_407' title='bbox 1642 2489 1759 2547; x_wconf 83' lang='lat' dir='ltr'>quas&#39;</span> <span class='ocrx_word' id='word_1_408' title='bbox 1777 2489 1861 2533; x_wconf 89' lang='lat' dir='ltr'>hac</span> <span class='ocrx_word' id='word_1_409' title='bbox 1884 2492 1978 2533; x_wconf 87' lang='lat' dir='ltr'>&#39;una</span> 
     </span>
     <span class='ocr_line' id='line_1_85' title="bbox 1081 2545 1975 2606; baseline 0.003 -19"><span class='ocrx_word' id='word_1_410' title='bbox 1081 2545 1136 2587; x_wconf 89' lang='lat' dir='ltr'>de</span> <span class='ocrx_word' id='word_1_411' title='bbox 1170 2561 1300 2588; x_wconf 90' lang='lat' dir='ltr'>causa</span> <span class='ocrx_word' id='word_1_412' title='bbox 1338 2547 1588 2598; x_wconf 86' lang='lat' dir='ltr'>tentabant,</span> <span class='ocrx_word' id='word_1_413' title='bbox 1625 2546 1750 2606; x_wconf 92' lang='lat' dir='ltr'>quod</span> <span class='ocrx_word' id='word_1_414' title='bbox 1783 2547 1975 2590; x_wconf 76' lang='lat' dir='ltr'>externis</span> 
     </span>
     <span class='ocr_line' id='line_1_86' title="bbox 1080 2603 1974 2662; baseline 0.003 -18"><span class='ocrx_word' id='word_1_415' title='bbox 1080 2604 1401 2645; x_wconf 82' lang='lat' dir='ltr'>tantummodo</span> <span class='ocrx_word' id='word_1_416' title='bbox 1427 2603 1604 2647; x_wconf 85' lang='lat' dir='ltr'>indiciis</span> <span class='ocrx_word' id='word_1_417' title='bbox 1638 2604 1852 2662; x_wconf 83' lang='lat' dir='ltr'>praeferri</span> <span class='ocrx_word' id='word_1_418' title='bbox 1885 2603 1974 2647; x_wconf 87' lang='lat' dir='ltr'>ali-</span> 
     </span>
     <span class='ocr_line' id='line_1_87' title="bbox 1081 2659 1972 2716; baseline 0.006 -16"><span class='ocrx_word' id='word_1_419' title='bbox 1081 2659 1186 2716; x_wconf 92' lang='lat' dir='ltr'>quid</span> <span class='ocrx_word' id='word_1_420' title='bbox 1210 2660 1361 2716; x_wconf 87' lang='lat' dir='ltr'>possit.</span> <span class='ocrx_word' id='word_1_421' title='bbox 1417 2661 1494 2704; x_wconf 83' lang='lat' dir='ltr'>Sic</span> <span class='ocrx_word' id='word_1_422' title='bbox 1508 2660 1750 2705; x_wconf 83' lang='lat' dir='ltr'>Rhenanus</span> <span class='ocrx_word' id='word_1_423' title='bbox 1772 2660 1972 2705; x_wconf 83' lang='lat' dir='ltr'>volebat:</span> 
     </span>
     <span class='ocr_line' id='line_1_88' title="bbox 1077 2719 1987 2774; baseline 0.005 -16"><span class='ocrx_word' id='word_1_424' title='bbox 1077 2719 1277 2770; x_wconf 82' lang='lat' dir='ltr'>speciem</span> <span class='ocrx_word' id='word_1_425' title='bbox 1307 2724 1340 2759; x_wconf 88' lang='lat' dir='ltr'>t.</span> <span class='ocrx_word' id='word_1_426' title='bbox 1367 2721 1459 2761; x_wconf 84' lang='lat' dir='ltr'>dol.</span> <span class='ocrx_word' id='word_1_427' title='bbox 1494 2721 1682 2762; x_wconf 83' lang='lat' dir='ltr'>omnino</span> <span class='ocrx_word' id='word_1_428' title='bbox 1706 2721 1834 2762; x_wconf 79' lang='lat' dir='ltr'>vultu</span> <span class='ocrx_word' id='word_1_429' title='bbox 1850 2733 1987 2774; x_wconf 58' lang='lat' dir='ltr'>praev</span> 
     </span>
     <span class='ocr_line' id='line_1_89' title="bbox 1077 2774 1972 2824; baseline 0.002 -7"><span class='ocrx_word' id='word_1_430' title='bbox 1077 2789 1126 2817; x_wconf 91' lang='lat' dir='ltr'>se</span> <span class='ocrx_word' id='word_1_431' title='bbox 1148 2776 1276 2824; x_wconf 80' lang='lat' dir='ltr'>tulit3</span> <span class='ocrx_word' id='word_1_432' title='bbox 1303 2774 1656 2819; x_wconf 80' lang='lat' dir='ltr'>Freinshemius:</span> <span class='ocrx_word' id='word_1_433' title='bbox 1679 2778 1854 2819; x_wconf 81' lang='lat' dir='ltr'>amictu</span> <span class='ocrx_word' id='word_1_434' title='bbox 1873 2780 1972 2819; x_wconf 82' lang='lat' dir='ltr'>vul-</span> 
     </span>
     <span class='ocr_line' id='line_1_90' title="bbox 1078 2832 1972 2887; baseline 0.006 -14"><span class='ocrx_word' id='word_1_435' title='bbox 1078 2840 1245 2887; x_wconf 82' lang='lat' dir='ltr'>tuque;</span> <span class='ocrx_word' id='word_1_436' title='bbox 1298 2833 1334 2874; x_wconf 90' lang='lat' dir='ltr'>l.</span> <span class='ocrx_word' id='word_1_437' title='bbox 1378 2833 1457 2875; x_wconf 84' lang='lat' dir='ltr'>Fr.</span> <span class='ocrx_word' id='word_1_438' title='bbox 1497 2832 1783 2877; x_wconf 81' lang='lat' dir='ltr'>Gronovius=</span> <span class='ocrx_word' id='word_1_439' title='bbox 1824 2834 1972 2878; x_wconf 83' lang='lat' dir='ltr'>mimo</span> 
     </span>
     <span class='ocr_line' id='line_1_91' title="bbox 1080 2888 1962 2940; baseline 0.007 -11"><span class='ocrx_word' id='word_1_440' title='bbox 1080 2893 1238 2940; x_wconf 86' lang='lat' dir='ltr'>vultu;</span> <span class='ocrx_word' id='word_1_441' title='bbox 1295 2888 1547 2934; x_wconf 82' lang='lat' dir='ltr'>Ernestius:</span> <span class='ocrx_word' id='word_1_442' title='bbox 1605 2894 1764 2934; x_wconf 80' lang='lat' dir='ltr'>habitu</span> <span class='ocrx_word' id='word_1_443' title='bbox 1816 2896 1962 2935; x_wconf 85' lang='lat' dir='ltr'>vultu-</span> 
     </span>
     <span class='ocr_line' id='line_1_92' title="bbox 1081 2946 1974 3004; baseline 0.006 -17"><span class='ocrx_word' id='word_1_444' title='bbox 1081 2962 1195 3002; x_wconf 85' lang='lat' dir='ltr'>que;</span> <span class='ocrx_word' id='word_1_445' title='bbox 1252 2946 1495 3004; x_wconf 81' lang='lat' dir='ltr'>Engelius:</span> <span class='ocrx_word' id='word_1_446' title='bbox 1549 2951 1708 2991; x_wconf 85' lang='lat' dir='ltr'>animo</span> <span class='ocrx_word' id='word_1_447' title='bbox 1755 2951 1974 3002; x_wconf 66' lang='lat' dir='ltr'>vultune,-</span> 
     </span>
     <span class='ocr_line' id='line_1_93' title="bbox 1078 3004 1968 3062; baseline 0.004 -16"><span class='ocrx_word' id='word_1_448' title='bbox 1078 3004 1335 3062; x_wconf 82' lang='lat' dir='ltr'>Bipontini:</span> <span class='ocrx_word' id='word_1_449' title='bbox 1354 3005 1564 3048; x_wconf 81' lang='lat' dir='ltr'>oratione</span> <span class='ocrx_word' id='word_1_450' title='bbox 1579 3009 1820 3062; x_wconf 83' lang='lat' dir='ltr'>vultuque;</span> <span class='ocrx_word' id='word_1_451' title='bbox 1836 3007 1968 3050; x_wconf 77' lang='lat' dir='ltr'>Mob-</span> 
     </span>
     <span class='ocr_line' id='line_1_94' title="bbox 1078 3061 1968 3121; baseline 0.006 -18"><span class='ocrx_word' id='word_1_452' title='bbox 1078 3061 1172 3104; x_wconf 87' lang='lat' dir='ltr'>rius</span> <span class='ocrx_word' id='word_1_453' title='bbox 1205 3061 1422 3118; x_wconf 85' lang='lat' dir='ltr'>denique:</span> <span class='ocrx_word' id='word_1_454' title='bbox 1471 3077 1687 3106; x_wconf 85' lang='lat' dir='ltr'>sermone</span> <span class='ocrx_word' id='word_1_455' title='bbox 1727 3067 1968 3121; x_wconf 86' lang='lat' dir='ltr'>vultuque.</span> 
     </span>
     <span class='ocr_line' id='line_1_95' title="bbox 1080 3117 1971 3176; baseline 0.007 -17"><span class='ocrx_word' id='word_1_456' title='bbox 1080 3117 1320 3174; x_wconf 78' lang='lat' dir='ltr'>vulgatam</span> <span class='ocrx_word' id='word_1_457' title='bbox 1346 3119 1611 3176; x_wconf 81' lang='lat' dir='ltr'>scripturam</span> <span class='ocrx_word' id='word_1_458' title='bbox 1635 3129 1757 3165; x_wconf 81' lang='lat' dir='ltr'>recte</span> <span class='ocrx_word' id='word_1_459' title='bbox 1779 3129 1971 3167; x_wconf 78' lang='lat' dir='ltr'>transtu·</span> 
     </span>
     <span class='ocr_line' id='line_1_96' title="bbox 1078 3174 1969 3232; baseline 0.006 -14"><span class='ocrx_word' id='word_1_460' title='bbox 1078 3174 1206 3218; x_wconf 76' lang='lat' dir='ltr'>ieris:</span> <span class='ocrx_word' id='word_1_461' title='bbox 1252 3175 1453 3219; x_wconf 74' lang='lat' dir='ltr'>Zeiclzen</span> <span class='ocrx_word' id='word_1_462' title='bbox 1482 3181 1565 3220; x_wconf 85' lang='lat' dir='ltr'>des</span> <span class='ocrx_word' id='word_1_463' title='bbox 1598 3179 1868 3222; x_wconf 81' lang='lat' dir='ltr'>Schmerzes</span> <span class='ocrx_word' id='word_1_464' title='bbox 1893 3180 1969 3232; x_wconf 84' lang='lat' dir='ltr'>je-</span> 
     </span>
     <span class='ocr_line' id='line_1_97' title="bbox 1074 3233 1970 3290; baseline 0.004 -15"><span class='ocrx_word' id='word_1_465' title='bbox 1074 3234 1194 3275; x_wconf 75' lang='lat' dir='ltr'>doch.</span> <span class='ocrx_word' id='word_1_466' title='bbox 1219 3235 1309 3286; x_wconf 77' lang='lat' dir='ltr'>gab</span> <span class='ocrx_word' id='word_1_467' title='bbox 1335 3248 1386 3275; x_wconf 85' lang='lat' dir='ltr'>er</span> <span class='ocrx_word' id='word_1_468' title='bbox 1409 3233 1534 3277; x_wconf 66' lang='lat' dir='ltr'>hund</span> <span class='ocrx_word' id='word_1_469' title='bbox 1558 3237 1606 3278; x_wconf 90' lang='lat' dir='ltr'>in</span> <span class='ocrx_word' id='word_1_470' title='bbox 1631 3235 1898 3290; x_wconf 74' lang='lat' dir='ltr'>Stz&#39;mmung</span> <span class='ocrx_word' id='word_1_471' title='bbox 1921 3253 1970 3280; x_wconf 90' lang='lat' dir='ltr'>u.</span> 
     </span>
     <span class='ocr_line' id='line_1_98' title="bbox 1076 3290 1970 3350; baseline 0.006 -17"><span class='ocrx_word' id='word_1_472' title='bbox 1076 3290 1224 3333; x_wconf 78' lang='lat' dir='ltr'>Blick.</span> <span class='ocrx_word' id='word_1_473' title='bbox 1268 3313 1324 3323; x_wconf 88' lang='lat'>--</span> <span class='ocrx_word' id='word_1_474' title='bbox 1384 3290 1595 3336; x_wconf 82' lang='lat' dir='ltr'>Ceterum</span> <span class='ocrx_word' id='word_1_475' title='bbox 1625 3309 1707 3350; x_wconf 85' lang='lat' dir='ltr'>pro</span> <span class='ocrx_word' id='word_1_476' title='bbox 1732 3301 1895 3335; x_wconf 82' lang='lat' dir='ltr'>tamen</span> <span class='ocrx_word' id='word_1_477' title='bbox 1922 3296 1970 3338; x_wconf 91' lang='lat' dir='ltr'>in</span> 
     </span>
     <span class='ocr_line' id='line_1_99' title="bbox 1078 3346 1968 3406; baseline 0.008 -18"><span class='ocrx_word' id='word_1_478' title='bbox 1078 3347 1180 3389; x_wconf 89' lang='lat' dir='ltr'>edd.</span> <span class='ocrx_word' id='word_1_479' title='bbox 1211 3346 1313 3390; x_wconf 87' lang='lat' dir='ltr'>Put.</span> <span class='ocrx_word' id='word_1_480' title='bbox 1350 3363 1420 3406; x_wconf 86' lang='lat' dir='ltr'>pr.</span> <span class='ocrx_word' id='word_1_481' title='bbox 1454 3349 1581 3394; x_wconf 86' lang='lat' dir='ltr'>Med.</span> <span class='ocrx_word' id='word_1_482' title='bbox 1606 3351 1723 3393; x_wconf 77' lang='lat' dir='ltr'>Ven.</span> <span class='ocrx_word' id='word_1_483' title='bbox 1758 3351 1968 3395; x_wconf 84' lang='lat' dir='ltr'>Beroald.</span> 
     </span>
     <span class='ocr_line' id='line_1_100' title="bbox 1076 3403 2008 3464; baseline 0.004 -16"><span class='ocrx_word' id='word_1_484' title='bbox 1076 3403 1181 3448; x_wconf 75' lang='lat' dir='ltr'>Ale.</span> <span class='ocrx_word' id='word_1_485' title='bbox 1205 3419 1457 3460; x_wconf 74' lang='lat' dir='ltr'>expressum</span> <span class='ocrx_word' id='word_1_486' title='bbox 1480 3415 1544 3449; x_wconf 84' lang='lat' dir='ltr'>est</span> <span class='ocrx_word' id='word_1_487' title='bbox 1569 3415 1695 3461; x_wconf 76' lang='lat' dir='ltr'>turn,</span> <span class='ocrx_word' id='word_1_488' title='bbox 1730 3407 1854 3464; x_wconf 91' lang='lat' dir='ltr'>quod</span> <span class='ocrx_word' id='word_1_489' title='bbox 1878 3406 1969 3453; x_wconf 85' lang='lat' dir='ltr'>iam</span> <span class='ocrx_word' id='word_1_490' title='bbox 2000 3432 2008 3440; x_wconf 87' lang='lat'><em>-</em></span> 
     </span>
     <span class='ocr_line' id='line_1_101' title="bbox 1076 3460 1971 3517; baseline 0.007 -14"><span class='ocrx_word' id='word_1_491' title='bbox 1076 3463 1123 3503; x_wconf 88' lang='lat' dir='ltr'>in</span> <span class='ocrx_word' id='word_1_492' title='bbox 1146 3461 1213 3504; x_wconf 88' lang='lat' dir='ltr'>ed.</span> <span class='ocrx_word' id='word_1_493' title='bbox 1236 3460 1338 3506; x_wconf 85' lang='lat' dir='ltr'>Riv.</span> <span class='ocrx_word' id='word_1_494' title='bbox 1376 3472 1598 3506; x_wconf 79' lang='lat' dir='ltr'>mutatum</span> <span class='ocrx_word' id='word_1_495' title='bbox 1633 3473 1698 3507; x_wconf 88' lang='lat' dir='ltr'>est</span> <span class='ocrx_word' id='word_1_496' title='bbox 1722 3464 1768 3506; x_wconf 88' lang='lat' dir='ltr'>in</span> <span class='ocrx_word' id='word_1_497' title='bbox 1792 3471 1971 3517; x_wconf 86' lang='lat' dir='ltr'>tamen,</span> 
     </span>
     <span class='ocr_line' id='line_1_102' title="bbox 1076 3517 1968 3582; baseline 0.008 -23"><span class='ocrx_word' id='word_1_498' title='bbox 1076 3517 1211 3576; x_wconf 89' lang='lat' dir='ltr'>idque</span> <span class='ocrx_word' id='word_1_499' title='bbox 1248 3517 1353 3562; x_wconf 86' lang='lat' dir='ltr'>inde</span> <span class='ocrx_word' id='word_1_500' title='bbox 1390 3535 1414 3562; x_wconf 87' lang='lat' dir='ltr'>a</span> <span class='ocrx_word' id='word_1_501' title='bbox 1446 3520 1665 3564; x_wconf 72' lang='lat' dir='ltr'>thnano</span> <span class='ocrx_word' id='word_1_502' title='bbox 1700 3532 1968 3582; x_wconf 81' lang='lat' dir='ltr'>receperunt</span> 
     </span>
     <span class='ocr_line' id='line_1_103' title="bbox 1076 3590 1249 3618; baseline 0.006 -1"><span class='ocrx_word' id='word_1_503' title='bbox 1076 3590 1249 3618; x_wconf 84' lang='lat' dir='ltr'>omnes.</span> 
     </span>
    </p>
   </div>
   <div class='ocr_carea' id='block_1_19' title="bbox 1851 213 2126 308">
    <p class='ocr_par' dir='ltr' id='par_1_20' title="bbox 1851 213 2126 308">
     <span class='ocr_line' id='line_1_104' title="bbox 1851 213 2126 308; baseline -0.011 -1"><span class='ocrx_word' id='word_1_504' title='bbox 1851 213 2126 308; x_wconf 71' lang='lat'><em>207&#39;‘</em></span> 
     </span>
    </p>
   </div>
  </div>
 </body>
</html>
