2150 4022
0 3650 5 3672 ι

1 3693 4 3723 5

0 3783 8 3885 ’ἐ

3 3889 8 3942 z

0 3954 9 4020 i

463 311 991 375 DIALOGUS.
1077 312 1268 375 CAP.
1308 315 1408 375 51.

1738 316 1864 378 353

14 447 301 526 quasdam
353 443 801 503 exclamationes
855 440 1193 510 adsumere,
1263 443 1480 519 iisque,
1544 446 1738 519 prout
1769 454 1864 507 res

22 531 234 610 poscit,
280 531 409 587 ‘uti
463 530 726 586 alienum
780 526 892 585 erit
940 526 1180 586 oratori.

1307 525 1513 603 Neque
1550 530 1722 587 'enim
1776 551 1868 590 sa-

20 618 279 694 pientem
338 615 729 672 informamus
788 632 899 668 nec
963 611 1296 670 Stoicorum
1361 612 1686 685 civitatem,
1769 621 1869 676 sed

19 723 188 770 eum,
242 700 349 777 qui
379 701 662 777 quasdam
694 708 846 754 artes
884 691 1157 765 haurire,
1215 716 1419 753 omnes
1453 696 1640 755 libare
1674 694 1869 765 debet.

76 897 239 951 iisque.
297 892 374 938 Sic
386 892 487 935 MS.
501 892 638 950 Neap.
653 893 725 936 ed.
741 891 914 942 Orell.;

21 969 180 999 omnes
197 952 298 997 libri
323 950 428 995 editi
453 950 606 1005 [etiam
629 949 768 993 Bekk.
783 950 912 993 Boet-

21 1010 129 1061 tich.
167 1017 209 1052 et
241 1007 310 1051 Ru
346 1012 449 1061 ert.]
490 1010 663 1064 hisque.
733 1005 913 1050 Deinde

21 1067 259 1118 Pithoeus,
310 1024 491 1110 firmet.
527 1075 569 1109 et
602 1065 736 1108 Huet.
769 1063 910 1107 ma‘le·

21 1127 128 1171 bant
154 1131 312 1180 poscet
340 1138 425 1182 pro
459 1125 636 1178 poscit,
690 1121 765 1166 sed
799 1120 912 1164 illud

21 1199 118 1227 non
148 1196 260 1240 opus
286 1189 366 1224 est.

81 1312 164 1340 nec
194 1297 457 1340 Stoicorum
486 1295 740 1338 civitatem.
808 1292 910 1336 MS.

20 1355 167 1413 -Neap.
201 1361 417 1410 sequutus
452 1367 535 1394 nec
571 1351 911 1411 exprimendum

25 1412 178 1457 curavi
205 1426 288 1468 pro
312 1424 485 1465 neque,
526 1410 649 1467 quod
679 1409 725 1451 in
762 1407 916 1450 omni-

25 1471 108 1513 bus
133 1468 257 1511 libris
281 1475 430 1509 exstat.
463 1465 524 1510 cs.
552 1475 649 1510 not.
670 1468 723 1508 ad
749 1482 819 1509 vv.
841 1479 915 1506 ne·

22 1541 111 1583 que
149 1528 198 1568 in
244 1523 502 1567 virtutibus.
532 1551 535 1553 >
572 1522 806 1568 Audacior
852 1529 917 1564 est

25 1582 288 1628 coniectura
321 1580 509 1631 Orellii,
560 1581 638 1639 qui
679 1579 815 1623 suasit
851 1579 946 1621 le-⁴

25 1640 220 1698 gendum
253 1653 299 1681 n.
331 1653 370 1680 e.
393 1638 652 1693 sapientem
682 1637 916 1693 informa-

26 1711 133 1740 mus
152 1695 414 1739 Stoicorum
437 1709 589 1751 neque
612 1694 825 1737 Platonis
851 1694 915 1735 ci-

26 1757 249 1808 vitatem,
309 1761 405 1795 tum
451 1761 638 1810 propter
682 1751 917 1796 Ciceronis

28 1810 436 1870 comparationem,
478 1826 612 1867 quem
637 1808 820 1852 Tacitus
852 1825 918 1851 ex-

27 1869 234 1929 pressisse
261 1867 344 1926 ipsi
371 1866 575 1917 videtur,
610 1875 705 1908 tum
733 1874 918 1923 propter

30 1926 327 1975 difficultates,
340 1923 501 1981 quibus
513 1924 916 1967 verbaStoicorum

28 1984 192 2036 civitas
234 1990 514 2040 premuntur.
588 1984 647 2023 At
684 1979 917 2024 Ciceronis

27 2041 165 2093 ‚verba
200 2041 252 2082 de
285 2047 396 2081 orat.
422 2040 459 2087 1,
483 2038 551 2088 52,
575 2038 674 2081 224.
709 2039 834 2091 (nec,
873 2037 920 2079 si

27 2101 216 2156 quando
239 2096 285 2138 ei
299 2097 546 2138 dicendum
572 2096 660 2138 erit
690 2098 749 2136 de
780 2097 915 2137 iusti-

28 2158 98 2200 tia
131 2161 176 2197 et
198 2154 321 2211 fide,
363 2160 605 2194 mutuetur
637 2169 666 2194 a
698 2151 920 2202 Platone‚·

29 2214 133 2271 qui,
171 2225 313 2267 quum
341 2213 454 2252 haec
475 2211 784 2263 exprimenda
810 2223 915 2251 ver·-

29 2273 97 2314 bis
140 2268 484 2321 arbitraretur,
540 2281 717 2308 nouam
765 2280 917 2322 quan-

28 2332 141 2371 dam
157 2326 308 2382 finoeit
330 2326 376 2366 in
398 2324 525 2366 libris
551 2324 804 2375 civitatem)
830 2322 919 2367 huc

28 2383 189 2430 referri
212 2388 439 2437 nequeunt
473 2396 557 2424 nec
589 2379 726 2423 ullam
759 2396 918 2422 emen—

32 2440 165 2487 dandi
196 2438 410 2496 praebent
446 2437 778 2486 necessitatem,
815 2437 918 2493 quia

31 2498 117 2547 scri
152 2506 224 2540 tor
254 2502 407 2538 noster
431 2493 660 2537 Ciceronis
684 2493 844 2545 verba,
882 2493 919 2536 si

32 2514 212 2614 quidem
236 2568 336 2611 eum
358 2550 521 2593 imitari
544 2550 772 2599 voluisset,
791 2566 919 2594 accu-

31 2611 170 2658 ratius
194 2607 485 2656 reddidisset,
517 2617 716 2666 utsupra
745 2608 828 2650 iam
856 2607 919 2652 vi-

32 2669 181 2714 dimus
224 2674 267 2709 et
317 2665 430 2708 infra
480 2666 766 2723 perspicuum
818 2665 917 2706 erit.

31 2726 189 2784 Neque
210 2720 446 2767 offensioni
471 2738 565 2766 esse
589 2722 719 2764 debet
748 2720 923 2765 Stoico·

32 2799 143 2828 rum
174 2783 359 2834 civitas,
403 2780 524 2837 quod
548 2780 753 2837 quamvis
778 2779 921 2822 artifi-

34 2839 196 2886 ciosius
222 2837 393 2881 dictum
425 2837 505 2887 sit,
537 2835 744 2892 explicari
771 2845 920 2879 tamen

33 2905 180 2955 potest
204 2912 250 2938 ex
273 2894 326 2937 iis
345 2926 356 2948 ,
391 2909 502 2950 quae
518 2892 712 2949 Quintil.
729 2893 833 2936 lnst.
857 2909 923 2936 or.

41 2957 108 3002 10,
140 2955 179 3002 1,
211 2951 282 2995 84.
321 2953 536 2994 narraviu
577 2950 733 2993 minus
765 2951 922 2993 indul-

35 3025 137 3055 sere
185 3008 476 3063 eloquentiae
519 3006 666 3050 Stoici
717 3016 920 3050 veteres:

36 3071 120 3112 sed
143 3082 248 3109 cum
268 3067 468 3107 honesta
500 3071 777 3119 suaserunt,
822 3073 923 3107 tum

35 3128 84 3170 in
118 3123 375 3175 colligendo
404 3124 758 3178 probandoque,
803 3137 924 3178 quae

36 3184 348 3231 instituerant,
376 3181 634 3232 plurimum
657 3182 925 3222 valuerunt:

37 3241 172 3282 rebus
197 3239 357 3278 tamen
386 3236 516 3277 ocuti
539 3237 718 3290 magis,
763 3252 920 3293 quam,

37 3299 86 3340 id
113 3297 237 3351 quod
266 3306 380 3335 sane
410 3306 503 3334 non
530 3293 772 3346 affectant,
812 3308 925 3335 ora-

40 3355 164 3396 tione
196 3350 440 3406 magnifici.
503 3349 644 3405 lnepti
682 3366 788 3392 vero
822 3360 924 3394 sunt

39 3408 223 3468 prorsus
238 3406 573 3450 Schurzsseisch.
598 3415 638 3448 et
658 3407 925 3458 Heumann„

41 3479 235 3523 quorum
256 3462 329 3506 ille
348 3477 497 3518 neque
515 3464 643 3504 enim
664 3466 924 3517 sapientem

41 3522 349 3578 informamus
370 3523 418 3561 in
441 3519 703 3562 Stoicorum
732 3522 919 3563 incivili-

42 3586 139 3622 tate
169 3576 452 3633 excogitavit,
494 3575 568 3618 hic
600 3585 765 3620 orator
796 3579 924 3619 enim

41 3636 295 3689 sapientem
317 3666 328 3685 ‚
411 3649 547 3687 quem
603 3633 923 3688 informarunt

128 3701 370 3752 Tmarus
416 3699 512 3752 IV.

984 890 1151 941 Stoici,
1198 892 1483 946 imitabitur,
1537 898 1619 949 qm·
1651 879 1763 941 non¹
1783 907 1889 946 eim*

983 948 1275 993 scribendum
1300 949 1506 1007 opinatus
1530 959 1610 1000 est.

1043 1064 1125 1120 qui
1183 1066 1416 1119 quasdam
1476 1071 1604 1109 artes
1660 1070 1874 1122 haurire,

984 1135 1150 1164 omnes
1181 1123 1326 1162 libare
1358 1121 1508 1163 debet.
1578 1123 1871 1172 Emendatio.

984 1194 1087 1222 nem
1115 1177 1229 1222 lianc
1252 1176 1546 1236 praeiverunt
1570 1180 1703 1225 MSS.
1728 1186 1871 1254 Neap-

985 1239 1051 1288 [et
1088 1235 1245 1288 Farn.]
1285 1235 1479 1292 itemque
1523 1237 1591 1280 ed.
1624 1238 1773 1298 Spina,
1825 1235 1872 1287 in

985 1293 1148 1350 quibus
1179 1293 1259 1349 qui
1284 1297 1518 1347 quasdam
1550 1302 1679 1340 artes
1709 1302 1876 1344 audin

987 1364 1151 1410 omnes
1209 1351 1472 1409 liberaliter
1521 1355 1658 1395 debet
1715 1366 1877 1412 exstat3

986 1408 1109 1451 unde
1155 1406 1390 1463 Weike1·ti
1451 1416 1495 1451 et
1544 1409 1705 1456 Orellii
1754 1431 1874 1460 con-

985 1467 1153 1509 iectura
1191 1474 1288 1508 orta
1323 1474 1411 1507 est:
1464 1467 1547 1520 qui
1575 1482 1672 1511 non
1707 1477 1872 1527 quasd.

986 1530 1080 1565 art.
1126 1523 1342 1570 haurire,
1395 1528 1478 1564 sed
1521 1538 1684 1569 omnes
1727 1530 1875 1575 libare

988 1582 1143 1634 debet,
1179 1579 1226 1621 in
1249 1594 1335 1636 qua
1357 1593 1454 1621 non
1481 1588 1523 1622 et
1543 1585 1627 1623 sed
1646 1583 1871 1631 intrusum

987 1637 1090 1680 edd.
1115 1645 1221 1679 vett.
1247 1636 1429 1679 lectioni
1454 1637 1508 1680 ab
1535 1640 1745 1685 omnibus
1774 1644 1877 1688 fere

987 1695 1192 1752 vulgatae
1216 1693 1418 1736 debetur.
1480 1696 1714 1751 Haurire,
1753 1703 1876 1759 quod

988 1752 1094 1795 alias
1117 1766 1322 1808 quoque,
1354 1749 1473 1794 velut
1499 1768 1597 1810 cap.
1621 1754 1693 1798 28.
1721 1766 1763 1801 et
1786 1759 1877 1809 30..

988 1818 1248 1866 usurpatum
1283 1816 1372 1857 est,
1410 1808 1611 1866 intellige
1646 1813 1700 1856 de
1732 1832 1875 1860 accu-

986 1876 1079 1910 rata
1104 1865 1366 1924 cognitione
1399 1866 1678 1925 adsiduoque
1703 1873 1886 1929 studio;

987 1925 1134 1966 libare
1149 1922 1315 1964 referas
1328 1922 1380 1965 ad
1394 1922 1670 1968 mediocrem
1686 1928 1878 1975 aliarum

989 1981 1149 2023 artium
1175 1979 1493 2038 cognitionem,
1521 1997 1628 2038 quas
1650 1983 1709 2028 ita
1733 1994 1882 2035 teneat

989 2048 1141 2080 orator
1158 2052 1338 2080 necesse
1351 2046 1429 2085 est,
1446 2047 1494 2080 ut
1510 2055 1564 2080 ne
1578 2056 1729 2086 earum
1746 2045 1879 2101 plane

986 2094 1111 2137 rudis
1145 2094 1215 2137 sit.
1275 2093 1343 2137 Cf.
1378 2095 1472 2138 Cic.
1506 2096 1560 2138 de
1593 2107 1710 2144 orat.
1745 2105 1781 2154 1,
1809 2105 1880 2154 50,

987 2153 1087 2195 218.
1114 2167 1168 2193 ac
1188 2152 1231 2194 si
1248 2151 1344 2193 iam
1375 2155 1557 2207 placet,
1597 2171 1762 2202 omnes
1790 2174 1878 2204 ar-

989 2218 1059 2252 tes
1080 2211 1262 2250 oratori
1278 2210 1563 2263 subiungere,
1589 2216 1882 2262 tolerabilius

988 2274 1086 2320 est,
1117 2267 1182 2308 sic
1204 2267 1363 2320 potius
1388 2268 1564 2316 dicere,
1609 2279 1686 2322 ut,
1727 2289 1880 2329 quon-

991 2326 1088 2366 iam
1121 2325 1308 2365 dicendi
1331 2324 1544 2378 facultas
1583 2341 1677 2369 non
1712 2333 1882 2375 debeat

991 2395 1089 2423 esse
1121 2381 1280 2421 ieiuno
1313 2389 1452 2434 atque
1483 2387 1635 2432 nuda,
1675 2391 1759 2429 sed
1790 2393 1880 2432 ad-

990 2451 1155 2492 spersa
1189 2445 1327 2490 atque
1359 2439 1580 2482 distincta
1616 2448 1881 2490 multarum

990 2509 1153 2537 rerum
1177 2495 1376 2535 iucunda
1403 2500 1612 2549 quactum
1635 2501 1886 2556 varietate,

990 2552 1053 2594 sit
1073 2552 1182 2593 boni
1200 2555 1399 2593 oratoris
1419 2557 1574 2596 multa
1596 2561 1788 2603 auribus
1807 2577 1884 2604 ac·

992 2608 1163 2663 cepisse
1180 2639 1192 2662 ,
1254 2611 1405 2650 multa
1452 2611 1649 2668 vidisse,
1724 2621 1882 2661 multa

990 2666 1148 2707 animo
1165 2671 1209 2706 et
1228 2667 1530 2718 cogitatione,
1559 2673 1713 2715 multa
1739 2675 1886 2718 etiam

991 2725 1181 2776 legendo
1214 2723 1522 2777 percurrisse,
1562 2741 1708 2784 neque
1746 2747 1802 2774 ea
1833 2740 1885 2775 ot

991 2794 1078 2822 sua
1102 2780 1382 2834 possedisse,
1425 2785 1587 2830 ,τεύξειε
1621 2788 1786 2831 aliena
1809 2784 1886 2834 *ti-

992 2837 1138 2879 basse.
1233 2835 1368 2879 Versa
1412 2838 1509 2881 vice
1556 2843 1741 2887 eandem
1789 2846 1885 2892 fere

994 2893 1254 2936 sententiam
1318 2892 1548 2939 Acidalius
1611 2901 1886 2959 adsequutus

995 2958 1061 2994 est
1084 2950 1340 2993 coniectura
1364 2951 1471 2994 hac:
1497 2956 1579 3008 qui
1597 2972 1692 2999 non
1714 2967 1883 3016 quasd-

995 3014 1086 3050 art.
1112 3009 1257 3049 libare
1273 3040 1285 3061 ,
1319 3011 1400 3048 sed
1424 3025 1585 3055 omnes
1604 3017 1799 3060 haurire
1824 3021 1886 3061 li-

995 3065 1214 3107 beraliter
1264 3066 1423 3120 debet,
1488 3068 1675 3114 nimiam
1731 3083 1885 3119 tamen

996 3122 1163 3164 oratori
1191 3137 1374 3178 operam
1400 3123 1608 3181 iniungit.
1671 3130 1882 3176 Puteola-

996 3195 1078 3221 nus
1096 3179 1370 3221 emendavit:
1398 3182 1477 3236 qui
1494 3198 1590 3224 non
1613 3192 1772 3240 quasd.
1789 3198 1886 3234 art.

995 3237 1188 3290 audire,
1232 3239 1315 3277 sed
1337 3252 1499 3281 omnes
1525 3242 1778 3287 liberaliter
1801 3250 1884 3289 de·

995 3296 1092 3340 bet,
1135 3292 1176 3334 id
1203 3292 1323 3348 quod
1355 3304 1571 3340 servatum
1608 3308 1672 3342 cst
1701 3301 1745 3344 in
1777 3303 1884 3348 edd.

995 3350 1098 3394 Riv.
1127 3351 1193 3402 (ex
1220 3365 1304 3406 qua
1328 3352 1548 3396 liberales
1578 3354 1688 3398 falso
1722 3369 1887 3416 protu-

998 3406 1046 3448 lit
1080 3406 1439 3461 Schurzsseiscb.)
1472 3410 1573 3454 Ber.
1610 3413 1708 3457 Alc.
1739 3416 1885 3462 Rhen-

995 3461 1230 3521 A1‹1‚Lips.
1247 3462 1885 3525 Pith.13er=1‹·gg.Gr0nov.÷

996 3519 1168 3577 Lipsius
1194 3521 1262 3565 vel
1290 3524 1422 3564 odire
1454 3527 1680 3583 corrigere
1712 3531 1869 3577 maluit

998 3577 1130 3632 idque
1159 3578 1363 3621 Broterio
1389 3582 1631 3636 persuasit,
1667 3586 1737 3629 vel
1763 3566 1888 3631 hau:

998 3635 1091 3675 rire
1115 3642 1153 3674 et
1183 3633 1284 3676 dein
1310 3636 1553 3687 liberales,
1587 3642 1736 3699 quod,
1780 3647 1885 3688 libe.

1259 3696 1302 3749 Z
