2150 4022
912 47 1092 119 {4‘

247 283 327 343 84

561 244 654 343 c.
706 267 1271 339 CORNELIUS
1325 278 1748 344 TAcl‘rth

413 405 759 468 XXXVIII.
842 406 1017 466 Nunc
1064 410 1139 466 de
1179 408 1744 469 Suevis²dicendum
1784 424 1897 485 est,
1950 425 2101 493 quo—

246 519 383 558 rum
441 516 567 552 non
618 515 768 564 una,
841 505 910 551 ut
962 493 1272 553 Cattorum
1329 493 1858 570 Tencterorumve,
1929 519 2098 574 gens:

245 585 529 642 maiorem
581 580 740 636 enim
787 577 1141 638 Germaniae
1193 590 1422 654 partem
1475 581 1778 653 obtinent,
1843 586 2101 661 propriis

246 667 440 727 adhuc
477 666 820 723 nationibus
856 665 1317 741 nominibusque
1348 664 1617 736 discreti,
1661 688 2005 746 quanquam
2032 671 2099 727 in

166 763 168 766 ’
246 773 556 812 commune
578 750 760 809 Suevi
785 762 1089 826 vocentur.
1173 747 1412 823 Insigne
1438 752 1626 823 gentis
1651 750 1961 832 obliquare
1985 757 2101 813 cri-

242 839 686 914 nemnodoque
711 833 1132 909 substringere:
1177 834 1259 891 sic
1278 833 1461 892 Suevi
1485 857 1517 894 a
1543 839 1754 896 ceteris*
1767 838 2100 911 Germanis,

243 926 326 983 sic
349 924 680 988 Suevorum
703 922 950 996 ingenui
977 941 1011 977 a
1036 921 1215 977 servis
1243 933 1618 996 separantur:
1663 924 1729 980 in
1754 925 1886 998 aliis
1910 926 2100 1000 genti-

240 1009 361 1071 bus,
400 1029 504 1067 seu
549 1007 895 1082 cognatione
934 1007 1133 1084 aliqua
1167 1003 1500 1064 Suevorum
1542 1028 1646 1067 seu
1690 1006 1880 1087 (quod
1928 1031 2099 1087 saepe

238 1267 383 1315 roald.
420 1267 522 1311 Alc.
556 1264 700 1309 Rhen.
742 1263 912 1317 [1519.]
949 1263 1132 1329 Bipont:

237 1325 433 1374 Seebod.
482 1324 666 1367 Passov.
712 1321 836 1364 Hess.
871 1321 1001 1376 alii);
1059 1319 1133 1362 alu

238 1385 406 1430 rectius
429 1381 712 1437 coniungunt
729 1380 858 1434 pulsi
874 1379 983 1421 inde
999 1377 1130 1434 (Rhe-

236 1459 342 1489 nan.
372 1438 543 1496 [1533]
569 1437 673 1481 Ald.
699 1437 816 1495 Lips.
841 1452 938 1495 sqq.
973 1445 1016 1480 et
1049 1451 1131 1478 nu-

236 1490 317 1562 per
354 1495 542 1542 Bekker.
577 1493 774 1538 Walch.
808 1494 926 1550 alii).
1013 1493 1130 1536 Nam

236 1561 274 1603 si
306 1555 490 1600 Tacitus
533 1552 749 1598 voluisset
792 1553 896 1593 inde
942 1552 1130 1595 coniun-

237 1617 280 1675 gi
335 1629 442 1657 cum
493 1611 757 1666 proximis,
819 1608 938 1651 haud
995 1607 1130 1651 dubie

234 1674 365 1718 vei-ba
393 1669 659 1714 collocasset
684 1668 733 1709 in
765 1666 887 1709 hunc
916 1667 1130 1714 modumt

236 1747 292 1775 ae
347 1741 519 1773 rursus
566 1726 694 1781 pulsi
732 1725 968 1779 proximis
1017 1725 1129 1767 inde

235 1787 518 1842 temporibus
534 1791 618 1826 etc.
660 1782 718 1826 cf.
735 1783 872 1833 An.1,
886 1783 957 1825 22.
976 1781 1044 1825 52.
1057 1781 1128 1823 66.

234 1846 328 1891 Ubi
358 1859 484 1887 nunc
515 1840 712 1900 positum
747 1847 837 1888 est,
873 1840 983 1881 inde
1009 1854 1127 1906 ‘curn

229 1903 465 1961 proximis
499 1899 793 1942 coniunctum
816 1913 978 1964 noyam
1007 1912 1126 1963 mci-

233 1962 299 2021 pit
327 1958 615 2008 sententiam,
657 1963 706 1998 ut
727 1970 833 1998 cum
853 1955 1039 2013 Bipont.
1062 1969 1128 1995 m·

232 2028 476 2076 terpungas
514 2029 569 2056 ac
608 2026 776 2055 rursus
811 2014 953 2067 pulsi.
1018 2013 1128 2054 inde

229 2076 463 2132 proximis
501 2080 584 2114 etc.
657 2071 719 2114 At
754 2078 847 2112 tum
881 2071 1020 2114 verba
1073 2084 1130 2111 ao

230 2148 400 2179 rursus
429 2132 560 2186 pulsi
592 2143 687 2170 non
719 2126 866 2170 solum
901 2128 1128 2186 languent,

231 2191 308 2237 sed
331 2190 467 2234 etiam
489 2185 678 2231 absurda
701 2193 822 2228 sunt.

290 2258 403 2347 CAll).
434 2298 507 2343 38.
583 2300 642 2340 de
675 2297 852 2340 Suem's.
935 2294 993 2338 cf.
1033 2294 1125 2338 Dio

233 2362 302 2410 51,
323 2359 395 2402 22.
455 2356 584 2401 Caes.
607 2355 660 2398 B.
686 2354 747 2399 G.
779 2354 822 2406 4,
846 2356 886 2398 1.
908 2369 1007 2411 sqq.

774 2460 850 2506 Sic
881 2461 983 2506 edd.
1019 2461 1124 2507 Put.

286 2468 694 2510 Tencterorumve.

230 2525 441 2570 Beroald.
477 2538 577 2581 sqq.
667 2519 727 2564 cf.
761 2528 858 2563 not.
893 2521 948 2563 ad
984 2538 1023 2565 c.
1051 2521 1122 2565 32.

228 2583 314 2628 Hic
363 2580 466 2626 MS.
526 2581 638 2623 Tur.
685 2577 732 2620 T
728 2586 1122 2622 eneaterorumue.

227 2640 312 2683 Ed.
343 2638 461 2697 Spir.
494 2638 941 2681 Theneterorumve.
1040 2635 1123 2691 Ed.

229 2697 361 2740 Kath.
396 2698 857 2742 thenecterorumve„
923 2693 1006 2736 Ed.
1040 2693 1122 2737 Pa-

177 2758 185 2769 *
227 2755 307 2798 ris.
338 2753 750 2796 Tencterorumve.
818 2751 900 2794 Ed.
935 2751 1121 2794 Monac.

228 2812 614 2855 Teuterorumve.
671 2808 775 2851 MS.
801 2808 1122 2866 Stuttg.fecte·

227 2883 472 2916 rorumve,
533 2867 610 2910 sed
645 2873 797 2909 tamen
827 2866 873 2909 in
921 2867 1121 2929 margine

227 2934 562 2971 tencterorum.

281 3050 573 3094 quanquam.
635 3034 718 3077 Ed.
732 3033 939 3077 Norimb.
962 3046 1118 3090 quam.

283 3148 332 3190 in
354 3159 611 3189 commune.
669 3145 752 3188 Ed.
768 3144 911 3188 Paris.
930 3146 981 3187 in
1002 3159 1119 3186 com·

228 3207 399 3260 muni,
418 3211 468 3246 ut
492 3219 589 3260 cap.
610 3202 704 3245 27.:
736 3212 778 3246 et
799 3201 858 3244 ita
885 3202 1122 3245 ediderunt

228 3264 263 3306 l.
290 3263 367 3306 Fr.
390 3259 599 3304 Gronov.
628 3261 798 3313 (1672.)
825 3268 868 3301 et
894 3260 978 3303 lac.
1003 3258 1119 3301 Gro-

229 3336 340 3365 nov.
374 3346 433 3356 —-
478 3316 590 3361 'MS.
619 3318 782 3373 stuttg.
807 3333 891 3374 pro
915 3318 964 3359 in
995 3331 1117 3359 com·

224 3392 367 3420 'nune
393 3375 565 3421 exhibet
586 3376 813 3419 universi.

282 3485 521 3539 obliquare
556 3482 749 3524 crinem.
834 3481 932 3524 MS.
966 3483 1116 3527 llum-

226 3542 333 3585 mel.
366 3541 570 3594 obligare
601 3542 790 3585 crinem.
865 3538 1113 3597 Wagnero

225 3597 273 3641 in
298 3599 490 3643 Seebod.
506 3596 620 3640 Bibl.
643 3596 742 3639 crit.
786 3595 909 3639 1823.
946 3614 990 3656 p.
1013 3602 1111 3647 798.

1205 1263 1449 1318 obliquare
1472 1263 1650 1306 crinem
1685 1262 1800 1308 nihil
1822 1263 1950 1308 aliud
1964 1253 2093 1311 vide?-

1203 1327 1278 1364 tur
1301 1335 1420 1371 esse,
1461 1336 1596 1378 quam
1629 1323 1778 1365 crines
1802 1322 2096 1368 circumcirca

1203 1394 1253 1420 ex
1275 1377 1401 1419 omni
1429 1386 1553 1435 parte
1585 1379 1741 1437 eapitis
1774 1380 1834 1422 ita
1870 1381 2095 1439 colligere,

1204 1443 1252 1477 ut
1285 1434 1333 1477 in
1365 1435 1533 1478 vertice
1575 1445 1736 1480 coeant
1766 1445 1900 1496 atque
1929 1437 1977 1481 in
2006 1455 2094 1482 no-

1203 1492 1310 1534 dum
1345 1493 1730 1550 substringantur,
1772 1510 1823 1537 ex
1854 1510 1944 1554 quo
1979 1511 2098 1555 pen-

1203 1549 1297 1592 duli
1329 1558 1373 1592 et
1393 1549 1674 1594 -circumfusi
1716 1551 1864 1596 crines
1903 1561 2096 1598 staturae

1203 1606 1395 1662 speciem
1421 1606 1654 1657 altiorem,
1683 1608 1884 1668 habitum
1911 1611 2098 1655 terribi-

1202 1664 1362 1706 liorem
1376 1664 1579 1709 reddant.
1606 1666 1842 1710 subscribo
1866 1668 2094 1727 equidem.

1201 1721 1438 1766 Consentit
1459 1730 1501 1765 et
1513 1721 1799 1772 Ricklefsius,
1826 1726 1901 1783 qui
1925 1741 2097 1784 germa-

1200 1779 1302 1821 nice
1326 1779 1456 1822 dixit:
1487 1783 1576 1823 das
1595 1780 1738 1823 Haar
1760 1784 2094 1839 ausselzrc‘igen.

1199 1836 1381 1879 Hessius
1425 1837 1765 1896 interpretatura
1805 1849 2020 1898 torquere
2051 1851 2096 1886 et

1201 1902 1404 1943 nectere,
1465 1904 1515 1938 ut
1553 1912 1603 1938 ex
1644 1895 1752 1953 ipsis
1803 1898 1953 1943 nodus
2001 1899 2093 1944 fiat.

1200 1949 1483 1995 Walchius:
1523 1955 1611 1995 das
1633 1954 1773 1996 Haar
1803 1955 2092 2012 ausringeln.

1202 2007 1416 2052 Ceterum
1445 2009 1532 2053 vid.
1566 2011 1720 2054 locum
1751 2010 1957 2058 Iuvenal.
1989 2015 2093 2060 lau-

1201 2062 1352 2108 datum
1375 2067 1430 2110 ad
1462 2083 1501 2110 c.
1523 2067 1565 2110 4.
1600 2076 1644 2110 et
1667 2067 1827 2114 senec.
1863 2070 1918 2116 de
1956 2071 2022 2116 ira
2049 2072 2094 2122 3,

1199 2122 1270 2167 26.
1306 2132 1490 2186 coaetus
1521 2125 1570 2166 in
1600 2129 1781 2169 nodum
1811 2131 1939 2183 apud
1969 2128 2091 2174 Ger-

1200 2194 1372 2224 manos
1397 2196 1554 2227 cruns.

1839 2285 2035 2328 nobiles‘

1253 2337 1456 2392 ingenui.
1513 2335 1620 2382 MS.
1643 2338 1808 2398 Stuttg.
1830 2342 2031 2395 ingenui.

1254 2467 1554 2516 separantur,
1588 2461 1640 2503 in
1666 2463 1776 2506 aliis
1795 2473 1881 2510 etc.
1939 2465 2088 2525 Vulgo

1195 2517 1550 2576 inter-pungunt:
1579 2529 1881 2573 separantur.
1910 2523 1971 2567 In
1983 2525 2088 2567 aliis

1197 2583 1284 2621 etc.
1344 2575 1404 2617 At
1425 2576 1695 2619 vocabulum
1722 2593 1891 2622 rorum
1922 2581 1971 2623 in
2002 2598 2084 2650 ap·

1194 2632 1419 2691 positione
1461 2641 1551 2675 est:
1613 2633 1779 2676 etenim
1823 2650 1997 2680 rarum
2038 2655 2086 2682 m

1193 2689 1289 2733 aliis
1314 2690 1519 2747 gentibus
1550 2699 1614 2734 est
1650 2689 1884 2749 obliquare
1912 2695 2085 2739 crinem

1194 2747 1408 2803 nodoque
1439 2747 1768 2806 substringere,
1801 2759 1843 2793 et
1877 2750 1938 2795 ita
1962 2753 2085 2797 invi-

1191 2819 1290 2847 cem
1313 2803 1668 2861 distinguuntur.
1738 2805 1951 2852 Ceterum
1984 2809 2087 2855 edd.

1190 2861 1292 2903 Alc.
1313 2861 1455 2904 Rhen.
1481 2861 1766 2918 (1533.)A1d.
1789 2864 1967 2924 Micyll.
1986 2867 2082 2911 Me·

1190 2916 1327 2961 lauth.
1362 2918 1481 2976 Lips.
1516 2918 1700 2964 Gruter.
1738 2922 1965 2967 vocabulo
2001 2940 2086 2968 au-

1193 2975 1359 3018 ctiores
1397 2985 1522 3029 sunt,
1573 2977 1680 3020 dum
1714 2977 1893 3024 ferunt:
1945 2996 2082 3037 sepa-

1191 3040 1381 3075 rantur.
1414 3032 1490 3075 Sic
1510 3037 1558 3078 in
1578 3036 1689 3078 aliis
1708 3045 1793 3080 etc.
1809 3069 1822 3088 ,
1862 3038 1987 3105 quod
2009 3039 2084 3084 vi-

1191 3089 1305 3132 tiu-m
1354 3091 1495 3134 malae
1540 3093 1894 3151 interpunctiom
1940 3097 2006 3140 ori
2040 3098 2085 3140 i-

1192 3161 1297 3189 nem
1321 3147 1467 3191 debet.
1524 3148 1723 3194 Piehena
1740 3150 1852 3195 illud
1873 3155 1938 3196 sie
1961 3154 2017 3198 de
2034 3171 2082 3199 e-

1192 3204 1249 3246 vit
1271 3206 1534 3250 auctoritate
1558 3215 1759 3251 veterum
1785 3206 2025 3256 librorum.

1248 3324 1374 3375 quod
1402 3336 1544 3376 saepe
1572 3324 1752 3368 accidit.
1833 3323 1912 3370 Sic
1944 3327 2081 3374 MSS.

1188 3376 1300 3422 Tur.
1325 3380 1545 3423 Arundel.
1570 3380 1802 3439 Stut-tgart.
1838 3382 1937 3428 edd.
1957 3385 2078 3444 Spir.

1186 3435 1317 3477 wath.
1342 3435 1443 3479 Put.
1469 3438 1538 3480 M.
1564 3445 1606 3481 et
1631 3437 1686 3480 V.
1711 3437 1919 3487 Nox-inab.
1941 3441 2078 3488 Rom.

1188 3492 1355 3535 Vienn.
1398 3494 1583 3540 Monac.
1630 3494 1840 3539 Beroald.
1875 3513 1974 3558 sqq.
2019 3523 2079 3534 ·-
2108 3502 2114 3506 ’

1186 3554 1310 3604 quod
1336 3552 1503 3593 accidit
1542 3551 1727 3607 (omisso
1774 3557 1934 3610 saepe)
1976 3557 2075 3601 MS.

1186 3607 1328 3650 Vane.
1359 3609 1484 3651 1518,
1509 3610 1609 3653 edd.
1638 3610 1668 3653 l.
1695 3609 1769 3652 Fr.
1793 3610 1998 3657 Gronov.
2032 3622 2074 3656 et
