2150 4022
490 217 1022 279 DIALOGUS.
1105 217 1302 281 CAP.
1336 219 1572 280 33.2·'34.
1827 223 1949 283 36¹1

111 371 231 428 que*
267 349 428 408 sol-iti
463 350 608 407 sint:
672 367 991 425 persequar
1030 369 1191 404 nunc
1237 349 1679 407 exercitationes
1690 387 1704 419 1
1718 358 1951 414 eor-uin.

112 439 449 513 quanquam
473 435 616 510 ipsis
643 433 869 490 artibus
897 432 1048 489 inest
1075 432 1406 490 exercitatio
1423 478 1440 503 ,
1495 455 1602 518 nec
1640 435 1979 513 quisquam“

112 519 408 596 percipere
437 531 525 577 tot
554 518 886 576 reconditas
920 529 1021 575 aut
1053 529 1172 575 tam
1211 519 1399 573 varias
1439 539 1530 575 res
1566 529 1785 595 potest,
1827 523 1952 581 *nisi

112 616 182 662 ut
226 605 500 662 scientiae
545 602 879 672 meditatio,
941 602 1309 659 meditationi
1351 604 1625 674 facultaS,
1691 606 1955 671 facultati

114 690 608 766 visjeloquentiae
648 690 896 747 accedat.
982 707 1087 762 per
1126 706 1273 762 quae
1314 688 1663 762 conligitur,
1707 694 1988 767 eandem⁸

115 794 237 830 esse
261 776 553 831 rationem
587 784 645 829 et
675 773 1069 848 percipiendi,
1125 791 1274 848 quae
1312 774 1604 846 proferas,
1660 787 1718 834 et
1756 774 1976 852 profici?

114 859 321 928 rendi,
375 880 524 936 quae
563 859 910 933 perceperis,
997 859 1097 913 sed
1127 857 1177 912 si
1205 856 1301 912 cui
1330 858 1669 917 obscuriora
1695 856 1840 920 haec
1863 864 1957 920 vi-

115 946 334 1002 dentur
372 945 538 1021 isque
577 943 879 1000 scientiam
919 943 994 999 ab
1033 941 1445 998 exercitatione
1485 958 1738 1019 separat,
1803 949 1955 1007 illud

115 1040 268 1086 certe
308 1031 619 1098 concedet,
677 1028 1027 1085 instructum
1069 1039 1123 1084 et
1158 1027 1401 1103 plenum
1438 1024 1530 1084 his
1569 1031 1793 1088 artibus
1828 1035 1958 1090 ani-

114 1113 290 1171 mum'
312 1115 486 1188 longe
524 1113 877 1190 paratiorem
911 1113 983 1168 ad
1023 1132 1117 1168 eas
1155 1113 1593 1171 exercitationes
1620 1128 1958 1190 venturum,

115 1219 265 1276 quae
289 1200 561 1282 propriae
593 1218 713 1254 esse
746 1208 1046 1254 oratorum
1074 1197 1369 1253 videntur.

283 1309 567 1369 XXXIV.
619 1307 778 1383 Ergo
818 1310 974 1384 apud
1013 1309 1264 1364 maiores
1305 1319 1535 1365 nostros
1572 1309 1804 1368 iuvenis
1840 1313 1959 1385 ille,

118 1395 223 1471 qui
261 1396 391 1452 foro
430 1407 488 1453 et
522 1395 889 1472 eloquentiae
926 1395 1270 1469 parabatur,
1320 1393 1564 1451 inbutus
1603 1395 1718 1452 iam
1758 1400 1961 1456 dome-

175 1587 546 1632 exercitationes.
608 1586 682 1629 Sic
711 1586 844 1630 MSS.
867 1585 1006 1644 Neap-

120 1643 299 1698 [Farn.]
323 1642 495 1688 Vatiae.
521 1645 619 1688 edd.
650 1644 820 1686 ssroter.
847 1643 1006 1687 Obert.

119 1700 312 1743 Seebod.
376 1701 552 1746 Dronk.
618 1701 790 1744 Osann.
859 1699 1004 1743 Orell.

122 1757 282 1814 [ssekk.
319 1766 360 1801 et
386 1759 628 1808 Boettich.‚
675 1761 749 1801 sed
789 1775 879 1801 non
907 1757 1004 1799 Ru-

119 1819 275 1873 pert.].
335 1815 386 1858 ln
418 1817 643 1874 prioribus
670 1818 769 1859 edd.
796 1815 1006 1874 singulari

121 1888 313 1915 numero
395 1876 774 1916 exercitationem
856 1882 1004 1921 exstat,

121 1930 267 1987 quod,
306 1931 408 1988 quia
432 1932 553 1974 varia
578 1930 901 1974 exercitationis
935 1947 1006 1988 ge-

121 2002 229 2028 nera
250 1996 380 2039 sunt,
408 1988 556 2030 minus
579 1997 734 2046 aptum
757 1989 974 2031 existimo.

179 2077 248 2110 tot
292 2071 557 2113 reconditas
589 2080 674 2114 aut
707 2081 808 2115 tam
844 2075 1007 2116 varias

120 2140 210 2171 rex.
267 2126 369 2171 MS.
387 2127 524 2184 Neap.
549 2138 591 2172 et
617 2129 686 2173 ed.
703 2131 818 2189 spir,
843 2131 1008 2173 habent

123 2190 191 2226 tat
211 2191 296 2226 aue
317 2190 501 2229 recond.
523 2193 621 2228 tam
645 2201 743 2233 var.
764 2203 862 2243 res,
903 2204 1006 2246 par-

123 2241 258 2284 ticula
280 2242 425 2284 alieno
449 2242 550 2285 loco
573 2243 850 2302 interposita,
872 2262 1008 2302 quam

124 2314 207 2341 suo
242 2298 344 2341 loco
381 2300 571 2341 restituit
601 2301 776 2344 Puteol.
811 2309 853 2343 et
887 2318 1011 2360 seqq.

123 2355 380 2399 Heumann.
399 2355 480 2398 levi
505 2358 762 2401 coniectura
781 2375 836 2406 ae
857 2366 887 2401 t.
908 2373 1010 2402 var.

125 2426 204 2455 res
248 2413 524 2457 emendabat.
608 2415 814 2465 [liekker.
864 2415 1013 2467 tradit,

127 2477 211 2511 aut
252 2468 470 2513 omissum
511 2488 603 2519 esse
646 2472 691 2514 in
731 2473 831 2516 cod.
862 2473 1016 2526 Farn„

127 2526 243 2570 haud
279 2526 412 2571 dubie
445 2537 486 2571 et
516 2528 558 2571 h.
586 2529 613 2572 Ι.
642 2530 778 2573 Farn.
806 2539 846 2572 et
877 2530 1013 2596 Neap-

129 2583 247 2627 idem
287 2594 352 2628 est
385 2586 498 2628 liber
534 2595 575 2630 et
606 2586 793 2633 Bekkeri
833 2586 1014 2631 collatio

130 2643 464 2700 negligentior]

185 2715 367 2758 nisiae.
430 2714 550 2758 llaec
582 2724 644 2760 est
676 2716 878 2760 omniurn
916 2717 1017 2761 edd.

129 2771 374 2828 scriptura,
406 2789 535 2830 quam
566 2773 791 2817 immerito
818 2774 871 2819 ab
898 2791 1016 2818 non-

131 2829 269 2872 nullis
306 2829 608 2888 impugnatam
655 2848 748 2876 esse
790 2832 906 2888 apud
948 2848 1018 2874 me

133 2893 321 2929 constat.
383 2887 614 2931 Acidalius
638 2897 687 2930 ut
713 2889 876 2931 delevit
899 2906 1018 2931 eum·

135 2959 220 2999 que
260 2943 513 2986 Heumann.
551 2945 729 2993 Schulz.
769 2955 809 2988 et
843 2946 1018 2989 Dronk.

137 3001 309 3057 sequuti
343 3012 469 3049 sunu
523 3002 706 3045 lluetius
742 3002 1020 3062 praeferebat

136 3060 229 3099 nise?
254 3066 325 3108 et;
366 3057 538 3103 Orellio
571 3061 773 3117 placebat
809 3063 900 3104 ηιζςί
929 3062 1017 3114 ubi,

136 3122 180 3156 et
193 3114 378 3159 Osanno
400 3115 560 3162 excidit
580 3119 675 3160 nisi
690 3121 843 3160 simul.
891 3119 1020 3169 [For-

137 3180 248 3215 tasse
270 3172 507 3229 legeudum
524 3206 536 3223 ‚
572 3174 838 3218 Boetticher.
863 3175 1022 3234 inquit,

99 3246 107 3252 ³
136 3229 227 3271 nisi
271 3239 321 3275 uc
367 3232 583 3273 scientiae
626 3234 896 3287 meditatio,
954 3235 1022 3275 ita

140 3290 264 3330 med.
290 3291 395 3341 etc.]

197 3357 264 3398 vis
308 3360 607 3412 eloquentiae.
689 3358 942 3402 Heumann.
983 3367 1024 3401 et

140 3411 317 3459 schulz.
332 3415 518 3458 Acidalii
537 3416 896 3459 emendationem
915 3430 1026 3461 usus

143 3473 369 3523 eloquent.
419 3482 723 3530 receperunt„
785 3476 1027 3530 eademque

144 3525 352 3574 Droukio
386 3545 477 3577 uon
511 3530 759 3590 displicuit;
798 3529 874 3577 sed
907 3529 1026 3576 nulla

1080 1593 1144 1628 est
1158 1600 1305 1640 causa,
1318 1601 1398 1628 cur
1413 1583 1637 1643 vulgatum
1652 1587 1891 1635 reiiciatur.
1904 1617 1963 1627 —

1080 1641 1201 1684 Infra·
1228 1659 1309 1699 pro
1336 1644 1539 1685 omnium
1566 1645 1667 1688 edd.
1691 1644 1882 1692 lectione
1914 1652 1966 1693 id

1078 1716 1102 1742 e
1128 1700 1228 1743 MS.
1251 1699 1389 1756 Neap.
1417 1701 1533 1742 illud
1554 1703 1747 1746 scribere
1775 1706 1927 1751 malui.

1128 1772 1438 1826 paratiorem.
1487 1772 1618 1816 MSS.
1629 1773 1766 1832 Neap.
1785 1778 1841 1831 [F
1847 1787 1964 1836 arm]

1077 1835 1269 1883 aperte;
1317 1829 1419 1870 edd.
1462 1830 1670 1887 antiquae
1709 1843 1966 1888 paratum,-

1076 1887 1252 1942 Lipsius
1297 1885 1435 1928 edidit
1468 1891 1787 1946 paratiorem,
1842 1897 1965 1951 quod

1078 1959 1235 1986 omnes
1259 1958 1383 2000 seqq.
1407 1945 1699 1990 retinuerunt.

1130 2015 1354 2068 propriae
1390 2027 1485 2054 esse
1522 2021 1768 2059 oratorum
1806 2022 1967 2063 viden-

1079 2078 1169 2112 tur.
1229 2069 1394 2128 Recepi
1417 2070 1529 2112 liud.
1554 2072 1792 2128 Agricolae
1816 2094 1969 2122 emen·

1081 2127 1336 2181 dationem,
1387 2143 1520 2185 quani
1560 2129 1715 2173 suadet
1756 2146 1968 2195 corrupta

1080 2185 1179 2228 MS.
1204 2184 1343 2242 Neap.
1370 2185 1589 2241 scriptura
1609 2192 1801 2242 proprie
1823 2203 1867 2237 et
1889 2211 1968 2237 or-

1080 2244 1309 2284 natorum
1342 2245 1431 2284 vid.
1469 2247 1530 2293 [et
1558 2247 1658 2287 cod.
1689 2246 1821 2291 Farn.
1847 2266 1966 2306 pro-

1079 2301 1181 2351 prie
1221 2307 1268 2340 et
1311 2309 1563 2340 oratorum
1606 2302 1743 2356 vid.];
1789 2306 1966 2355 Broter.

1085 2355 1277 2398 malebat
1295 2358 1517 2409 propriae
1539 2365 1782 2404 oratorum
1805 2379 1845 2407 v.
1872 2367 1970 2423 [,id

1085 2412 1206 2470 quod
1234 2412 1424 2459 Bekk'er,
1450 2423 1492 2455 et
1516 2414 1732 2462 Boettich.
1766 2421 1811 2463 in
1850 2432 1970 2469 textu
2012 2457 2014 2462 ·

1085 2471 1371 2529 posueruntJ.
1452 2470 1535 2513 Ed.
1584 2473 1702 2530 Spir.
1753 2483 1971 2534 propriae

1084 2529 1208 2569 circa
1224 2528 1485 2570 oratorium
1505 2552 1555 2560 -
1580 2531 1678 2573 edd.
1697 2532 1796 2577 Put.
1813 2545 1854 2580 et
1874 2553 1972 2599 sqq,

1085 2600 1225 2639 usque
1249 2583 1301 2625 ad
1325 2584 1577 2629 Ernestium
1602 2593 1827 2645 propriae
1853 2599 1974 2640 circa

1086 2643 1351 2684 oratoriam
1384 2665 1441 2674 —
1491 2644 1663 2689 Ernest.
1706 2651 1974 2698 coniiciehat

1082 2702 1304 2756 propriae
1345 2714 1486 2742 curae
1526 2711 1644 2745 orat.
1683 2707 1795 2758 vid„
1849 2713 1972 2771 quod

1089 2758 1186 2814 ssip.
1223 2756 1402 2799 schulz.
1438 2757 1596 2802 Obert.
1634 2762 1808 2809 Drouk.
1843 2784 1971 2811 rece-

1089 2815 1266 2874 perunt.
1358 2816 1634 2861 Audaciores
1677 2821 1856 2866 fuerunt
1897 2826 1977 2868 Li-

1090 2873 1236 2931 psius,
1289 2872 1363 2929 qui
1406 2874 1521 2913 circo
1558 2881 1764 2920 armario
1804 2884 1976 2937 maluit,

1091 2940 1133 2973 et
1156 2927 1302 2971 Sobel.
1337 2945 1439 2971 curn
1473 2929 1766 2992 Heumanno,
1812 2941 1975 2997 quibus

1090 2991 1208 3029 circo
1247 2994 1491 3030 oratorum
1528 2990 1751 3036 edendum
1793 2998 1976 3040 videba-

1094 3053 1191 3095 2u1-;
1268 3043 1414 3085 Orell-
1468 3045 1660 3104 denique
1714 3055 1976 3108 ponendum

1095 3101 1269 3144 censuit
1305 3117 1421 3156 qaae
1446 3106 1638 3159 proprie
1666 3108 1786 3152 circa
1815 3120 1976 3155 orato-

1094 3162 1216 3200 riam
1250 3159 1521 3211 versantur,
1563 3178 1696 3219 quam
1734 3166 1979 3214 dictionem

1095 3216 1340 3274 posteriore
1375 3225 1577 3274 ternpore
1616 3235 1698 3276 pro
1738 3224 1787 3268 in
1822 3229 1980 3282 aliqua

1096 3288 1149 3314 re
1185 3274 1598 3318 versarixusitatam
1641 3279 1773 3322 luisse
1806 3281 1979 3328 Duker.

1098 3330 1251 3372 docuit
1293 3330 1345 3373 ad
1387 3331 1512 3378 Flor.
1552 3335 1596 3381 3,
1636 3336 1701 3387 19,
1740 3339 1805 3380 12.
1855 3341 1981 3392 [add.

1096 3386 1242 3431 Hand.
1265 3386 1462 3433 Tursell.
1493 3391 1594 3433 vot.
1618 3391 1675 3436 ll.
1711 3409 1753 3451 p.
1780 3396 1894 3453 62]-

1157 3469 1271 3515 CAP.
1293 3470 1365 3517 34.
1419 3476 1703 3528 parabatur.
1732 3468 1736 3473 ¹
1759 3477 1843 3524 Ed.
1865 3481 1985 3540 spir.

1096 3529 1340 3582 probatur.
1616 3539 1618 3542 ’
