2150 4022
1113 51 1142 83 X
1222 67 1241 81 ι

188 245 226 302 8
529 242 596 306 c,
649 195 1208 313 CORNffL‘lus
1267 217 1693 327 ‘rAcl‘rt'js

189 373 304 430 bus
340 368 556 433 aditur.
665 374 799 451 quis
836 394 1016 452 porro
1053 386 1286 452 praeter
1331 375 1663 452 periculum
1708 370 1942 432 horridi
1988 386 2047 434 et

190 457 382 532 ignoti
431 459 612 515 maris
663 460 809 517 Asia
839 469 960 519 'aut
1001 457 1202 518 Africa
1264 471 1364 517 aut
1413 458 1590 519 ltali-a-
1632 458 1847 525 ,relicta
1885 458 2044 519 Ger·-

190 543 454 600 maniam
510 545 780 619 peteret?
880 546 1198 603 informem
1250 545 1456 615 terris,
1539 563 1811 620 asperam
1858 546 2043 616 coelo,

193 629 421 686 tristem
458 631 621 686 cultu
658 631 1078 709 adspectuq'ue‚
1117 632 1234 687 nis-i
1263 631 1312 686 si
1334 630 1524 707 patria
1549 630 1641 689 sit.
1727 628 2046 688 Celebrant

191 714 555 771 carminibus
591 713 850 793 antiquis
889 714 1076 793 (quod
1117 737 1306 774 unum
1349 717 1507 792 apud
1550 715 1687 772 illos
1727 716 2044 773 memoriae

192 811 264 858 et·
286 801 596 858 annalium
634 820 817 876 genus
856 801 967 880 est)
991 803 1367 861 :Tuisconem
1407 803 1585 858 deum
1621 812 1778 858 terra
1821 801 2075 858 editum,

188 1000 241 1047 p.
262 988 360 1033 196.
392 983 451 1023 —'
507 989 693 1036 Becker.
728 990 759 1035 l.
790 990 821 1036 l.
863 1007 909 1051 p.
928 991 1003 1036 27.
1039 998 1083 1035 et

189 1045 381 1091 Seebod.
414 1046 536 1093 Bibl.
570 1064 635 1093 cr.
675 1050 798 1094 1828.
828 1065 871 1109 p.
895 1049 965 1094 42.
997 1053 1084 1092 der·

186 1104 265 1146 die
285 1104 558 1162 Schzfffahrt
588 1122 680 1156 aus
718 1122 908 1151 unserm
926 1108 1084 1151 Meere

185 1162 467 1214 blndernde5
500 1178 589 1206 uns
622 1171 1084 1220 entgegenstrc'imen-

184 1222 244 1262 de
267 1219 439 1265 Ocean.
498 1221 556 1266 Et
577 1221 636 1264 ita
659 1221 756 1267 sere
781 1222 1083 1267 Wernsdor-

187 1277 273 1321 fius
312 1279 431 1338 apud
466 1278 595 1323 nesse.
632 1279 741 1325 Var.
774 1279 826 1324 L.
868 1290 955 1325 etc.
1017 1281 1077 1324 II.

186 1337 295 1394 p.2.
366 1335 427 1380 cf.
460 1336 553 1380 Liv.
583 1337 653 1393 28,
678 1339 752 1381 30.
788 1338 1082 1398 Quinquere·

184 1408 315 1437 mem
334 1395 453 1438 salis
474 1397 665 1438 credens
695 1400 975 1451 deprensam
997 1412 1080 1452 ra-

180 1452 294 1506 pido
315 1453 364 1495 in
373 1451 526 1507 freto,
550 1453 598 1494 in
611 1455 869 1497 adversum
890 1456 1080 1498 aestum

182 1510 467 1564 reciprocari
507 1523 604 1552 non
640 1525 780 1565 posse
813 1519 899 1556 etc.
991 1511 1081 1555 Sed

182 1574 282 1609 tum
311 1567 497 1610 minime
529 1576 737 1626 apparet,
775 1584 857 1612 cur
888 1569 1083 1627 scriptor

183 1623 407 1669 addiderit
425 1624 584 1667 verba:
615 1632 755 1682 utque
775 1627 842 1669 sic
860 1627 1081 1670 dioeerz'm.

185 1682 337 1725 Immo
381 1682 640 1741 oppositum
686 1682 825 1726 illud:
880 1685 940 1726 ab
973 1685 1083 1726 orbe

182 1746 348 1782 nostro
407 1739 510 1783 satis
571 1740 742 1785 indicat
805 1742 1081 1787 vocabulum

183 1800 417 1840 adversus
459 1797 514 1840 de
550 1797 637 1841 alio
677 1800 802 1856 quasi
843 1799 953 1841 orbe
989 1815 1081 1843 esse

180 1853 547 1911 intelligendum.
649 1855 764 1900 Sunt
819 1857 952 1900 etiam
1004 1856 1082 1914 qui

179 1911 379 1956 Acidalii
433 1912 723 1957 coniecturae
776 1913 978 1957 faveantz
1041 1921 1083 1956 et

182 1968 416 2014 Thiersch.
465 1969 513 2012 in
566 1972 669 2014 Act.
721 1971 844 2016 Phil.
897 1971 1082 2016 Monac.

182 2027 240 2070 T.
262 2027 345 2071 111.
390 2027 501 2072 fasc.
523 2027 567 2072 3.
614 2044 660 2086 p.
686 2030 788 2074 460.
825 2045 891 2088 sq.
928 2029 1081 2074 locum

183 2084 244 2129 ita
266 2084 547 2144 transponit:
579 2095 625 2129 et
648 2088 911 2131 immensus
939 2090 1083 2139 ultra,

185 2151 326 2200 utque
350 2142 415 2185 sic
436 2146 645 2193 dixerim
671 2159 863 2188 aversus
884 2148 946 2188 ab
973 2147 1083 2188 orbe

182 2208 348 2244 nostro
374 2199 587 2245 Oceanus
610 2205 739 2245 raris
761 2204 959 2245 navibus
982 2203 1081 2244 adi-

184 2266 279 2302 tur.
365 2257 518 2315 Quam
557 2260 955 2318 transpositionem
988 2277 1083 2303 esse

182 2314 390 2359 inutilem
429 2315 586 2361 docuit
617 2316 928 2361 Grotefendus
963 2317 1082 2376 apud

182 2372 311 2417 Hess.
336 2372 441 2417 Var.
465 2374 518 2418 L.
544 2383 587 2418 et
610 2374 672 2418 O.
701 2376 738 2419 Ι.
770 2392 814 2433 p.
839 2375 880 2418 3.
946 2375 1083 2418 Adii-

176 2431 255 2490 *cio
279 2447 375 2474 eam
397 2430 634 2476 molestam
659 2441 793 2492 atque
813 2433 1083 2476 mendacem

185 2504 294 2532 esse.
380 2488 495 2532 Nam
540 2489 698 2549 populi
744 2491 918 2534 circum
950 2491 1081 2533 illum

186 2545 427 2589 Oceanum
457 2546 705 2591 habitantes
736 2564 832 2593 non
870 2549 1084 2592 carebant

183 2603 375 2649 navibus
420 2605 761 2664 naviculisque,
807 2605 906 2665 quis
941 2605 1083 2648 maria

184 2677 262 2705 sua
295 2661 487 2705 adirent.
573 2662 712 2720 igitur
757 2680 851 2706 non
895 2663 1082 2706 omnino

183 2717 296 2762 raris
317 2719 504 2764 navibus
527 2720 638 2762 adiri
659 2722 869 2764 Oceanus
895 2720 971 2764 ille
995 2720 1082 2763 dici

184 2783 386 2835 poterat:
433 2777 509 2820 sed
540 2778 594 2820 ab
627 2778 736 2821 orbe
761 2775 973 2822 Romano
1006 2794 1080 2821 ra-

188 2849 263 2877 rae
285 2833 394 2878 illuc
417 2836 797 2886 naves‚meabant.

503 2917 562 2962 cf.
604 2926 700 2962 not.
732 2919 787 2961 ad
821 2919 914 2963 An.
946 2918 988 2970 2,
1009 2916 1082 2961 63.

185 2975 267 3019 sub
289 2992 356 3020 vv.
379 2991 437 3019 ne
457 2977 502 3019 si
522 2980 712 3031 quando
738 2978 1082 3020 insolescerent.

172 3031 322 3078 ¹MSS.
356 3033 467 3078 Tur.
512 3034 745 3077 Hummel.
786 3033 953 3092 stuttg.
995 3034 1092 3076 nisi

185 3091 273 3133 sibi
319 3107 367 3133 ex
415 3090 593 3135 inscitia
629 3090 943 3144 librariorum,
1006 3091 1083 3149 qui

186 3147 294 3206 quid
320 3147 406 3191 sibi
435 3148 567 3192 vellet
589 3151 634 3192 si
659 3147 902 3192 nescirent.

243 3246 392 3286 genus
425 3239 507 3276 est.
598 3231 675 3276 Sic
707 3231 810 3275 MS.
848 3230 1083 3290 stuttgart.

186 3289 288 3334 edd.
315 3289 457 3333 Paris.
485 3290 587 3335 Alc.
613 3290 757 3334 Rhen.
782 3289 950 3345 (1533.)
981 3291 1085 3334 Ald.

189 3363 289 3405 sqq.
323 3371 374 3381 -
435 3363 587 3402 genus
621 3349 683 3391 sit
712 3348 816 3391 MS.
841 3346 954 3390 Tur.
984 3348 1089 3393 edd.

186 3405 470 3462 Spir..Kath.
507 3405 610 3448 Put.
643 3405 711 3449 M.
746 3413 791 3447 et
820 3407 873 3447 V.
901 3404 1089 3449 Monac.

189 3461 337 3507 Rhen.
370 3463 557 3520 (1519.).
657 3462 923 3521 Utrumque
971 3471 1092 3506 recte

188 3519 277 3563 dici
321 3522 492 3577 potuit,
559 3520 635 3564 sed
669 3520 850 3564 diversa
902 3518 1090 3562 ratione.

190 3577 264 3620 Sit
300 3586 365 3621 est
393 3578 718 3629 coniectantiS.
748 3585 818 3621 est
846 3592 932 3635 pro
966 3586 1091 3620 certo

240 2918 338 2960 nisi
364 2919 424 2963 si.

1154 990 1445 1037 adfirmantis.
1495 987 1744 1034 Seebodius
1767 988 2048 1032 verbum‘est

1155 1048 1336 1094 uncinis
1375 1046 1559 1092 inclusit
1599 1055 1648 1090 ut
1686 1061 1706 1089 s
1741 1046 1910 1089 urium.
1986 1045 2048 1091 cf.

1153 1107 1272 1151 Bibl.
1305 1106 1407 1151 crit.
1441 1105 1569 1148 1819.
1600 1116 1650 1162 p.
1677 1131 1681 1134 >
1735 1103 1782 1147 8.
1867 1103 2048 1148 Hessius

1155 1173 1315 1210 contra
1356 1163 1487 1206 illum
1523 1161 1571 1205 id
1612 1162 1803 1206 verbum
1837 1160 2050 1206 ‘defendit

1154 1219 1556 1278 animadvertitque
1594 1218 1806 1263 Tacitum
1847 1217 1897 1263 in
1941 1235 2047 1263 sen-

1154 1281 1302 1324 tentiis
1336 1275 1663 1337 interpretandi
1699 1291 1831 1319 causa
1863 1274 2049 1321 adiectis

1153 1340 1326 1396 saepius
1369 1351 1585 1436 usurpare
1621 1333 1814 1390 verbum
1846 1334 2048 1379 substan-

1152 1395 1310 1439 tivum.
1399 1393 1473 1438 Sci
1496 1393 1583 1440 icet
1621 1398 1866 1449 usurpatur
1904 1391 1954 1434 in
1994 1389 2048 1434 iis

1153 1451 1406 1503 sententiis,
1438 1449 1537 1508 quis
1567 1446 1855 1507 potissimum
1868 1446 1930 1492 >id
1952 1447 2049 1507 agi-

1152 1519 1228 1555 tur
1257 1509 1427 1568 aliquid
1450 1522 1544 1552 esse
1586 1504 1654 1550 vel
1688 1521 1781 1549 non
1815 1520 1935 1558 esse,
1984 1504 2052 1549 uti

1152 1567 1228 1612 hic
1268 1568 1567 1622 (verbanden
1599 1564 1702 1617 ist).
1768 1561 1830 1607 cf.
1862 1562 1976 1607 Hist.
2007 1561 2051 1614 2,

1154 1624 1225 1668 80.
1250 1625 1331 1667 ubi
1352 1625 1449 1667 illis
1470 1624 1740 1679 consultare
1756 1635 1864 1664 mos
1884 1627 1971 1672 est.

1224 1683 1520 1725 Tun-eonem.
1620 1679 1697 1722 Sic
1747 1677 1886 1722 MSS.
1928 1673 2048 1723 Tur.

1154 1737 1557 1798 Stuttg.Hummel.
1583 1736 1646 1792 (in
1668 1734 1886 1803 margine,
1905 1743 1940 1780 t.
1955 1734 2049 1780 sel·

1155 1797 1287 1856 ling.)
1323 1797 1424 1841 edd.
1449 1794 1658 1838 Norimb.
1692 1792 1782 1837 Par
1799 1810 1836 1837 s.
1863 1793 2054 1838 Monac.

1154 1856 1324 1898 Vienn.
1359 1853 1501 1910 Rhag.
1534 1852 1696 1902 Rom„
1754 1849 1770 1893 i
1805 1865 1892 1910 que
1938 1853 2051 1896 sud·

1155 1913 1288 1957 dente
1311 1910 1565 1968 Contingio
1594 1910 1642 1952 in
1675 1909 1831 1952 locum
1866 1923 1970 1963 rece
2002 1923 2051 1953 e-

1153 1979 1265 2014 runt
1293 1969 1470 2013 Ernest.
1498 1966 1708 2011 Oberlin.
1742 1965 1926 2011 Passum
1997 1965 2055 2013 il-

1154 2027 1259 2085 thej.
1293 2025 1494 2070 Walch.
1530 2051 1589 2061 --
1675 2023 1952 2067 Tuistonem
1975 2024 2052 2068 ⁴fe-

1153 2094 1262 2129 runt
1295 2084 1399 2128 MS.
1438 2083 1587 2127 Vatic.
1627 2079 1899 2125 1518.*edfi.
1933 2078 2086 2141 spir.)

1154 2145 1286 2187 Kath.
1326 2142 1433 2186 Put.
1464 2140 1532 2184 M.
1567 2148 1610 2183 et
1628 2138 1686 2182 V.
1718 2136 1823 2182 Alc.
1850 2138 2052 2184 Rhenan.

1155 2200 1301 2256 (1519.
1338 2207 1380 2243 et
1412 2197 1558 2254 1533.)
1599 2196 1707 2241 Ald.
1741 2211 1870 2255 sqq„
1915 2195 2054 2254 idque

1154 2259 1442 2302 retinuerunt
1473 2255 1591 2299 inter
1618 2256 1894 2299 recentiores
1914 2253 2053 2298 Diffi-

1155 2332 1320 2363 marus‚
1345 2314 1593 2364 Broterius,
1619 2311 1813 2363 Hessius,
1843 2310 2053 2356 Hackius.

1154 2401 1214 2411 --
1235 2373 1544 2416 Thuistonem
1577 2369 1782 2413 scribunt
1804 2368 1856 2413 Bi
1924 2376 2053 2413 utet

1157 2430 1347 2485 Seebod.
1379 2431 1546 2486 absque
1582 2435 1788 2479 vete-rum
1826 2427 1856 2470 li
1889 2441 2052 2470 rorum

1157 2489 1436 2533 auctoritate.
1490 2509 1549 2518 —
1624 2484 1912 2527 ·Tristonem
1945 2483 2050 2529 MS.

1156 2545 1306 2593 Vatic.⁴
1328 2545 1451 2589 1862.
1477 2543 1542 2598 (in
1563 2558 1660 2585 mar
1691 2541 1764 2585 ine
1789 2541 2050 2597 Daismm).

1156 2628 1214 2637 —
1243 2603 1489 2646 Bistonem
1515 2598 1651 2643 MSS.
1687 2629 1690 2635 -
1718 2597 1822 2643 atic-
1849 2598 1976 2643 1498.
1996 2604 2054 2643 'et

1156 2660 1455 2706 Farnesianus
1468 2657 1618 2715 Lipsii.
1632 2679 1661 2688 —
1703 2658 1928 2701 visionem
1945 2656 2050 2701 cod.

1155 2715 1385 2762 Hummel.
1400 2717 1449 2758 in
1463 2722 1692 2760 contextu.
1707 2740 1752 2750 --
1763 2710 2052 2767 Wachterus

1156 2774 1440 2820 coniectabat
1458 2772 1506 2816 T
1502 2773 1785 2823 utisconem3
1813 2770 2052 2818 Cluverius

1156 2833 1404 2876 Tuitonem
1417 2847 1431 2882 ;
1459 2829 1724 2874 Gebauerus
1744 2829 1790 2872 in
1814 2828 1937 2873 Vest.
1959 2828 2052 2873 iur.

1157 2890 1316 2933 Germ.
1369 2897 1459 2933 ant.
1513 2904 1558 2946 p.
1596 2887 1697 2931 926.
1746 2887 1793 2929 T
1788 2886 2053 2930 utiscottem

1157 2952 1322 2998 deum,
1376 2954 1513 2989 terra.
1550 2946 1726 2988 editum
1765 2945 1810 2987 ei
1842 2944 1944 2999 (vel
1979 2947 2051 3001 et)

1141 3006 1301 3063 filium
1331 3003 1578 3047 Mannum.
1668 3001 1854 3049 Deriva't
1884 2999 1997 3044 illud
2029 3017 2053 3043 a

1158 3064 1289 3106 thuid
1364 3077 1442 3104 ens
1495 3068 1537 3103 et
1583 3065 1674 3102 coct
1706 3059 1838 3110 deus,
1902 3066 1954 3104 ut
1997 3057 2055 3102 sit

1187 3120 1301 3162 entis
1326 3078 1450 3162 ἕως.
1490 3117 1649 3160 Luden
1667 3114 1854 3171 (Gesch.
1875 3119 1979 3160 ἀλ.
1996 3112 2055 3159 V.

1156 3137 1290 3222 gi'om.
1315 3176 1349 3220 Ι.
1389 3192 1431 3234 p.
1452 3175 1577 3232 597.)
1614 3173 1660 3217 T
1655 3174 1892 3218 nist-onem
1924 3171 2056 3217 habet

1157 3250 1240 3294 pro
1256 3232 1489 3285 adiectivo‚
1513 3234 1743 3276 Mannum
1757 3247 1840 3290 pro
1854 3231 2056 3275 substan·

1160 3293 1252 3335 tivo
1268 3322 1280 3340 ,
1316 3291 1657 3349 suspicaturque
1679 3288 1874 3334 aTacit'o
1900 3305 1923 3331 e
1947 3302 2059 3331 voce

1162 3349 1435 3393 Germanica
1453 3348 1498 3390 T
1494 3349 1616 3391 uisco
1627 3347 1778 3392 Mann‘
1788 3346 1864 3399 (de
1877 3339 2057 3388 ditas-ko

1164 3406 1311 3450 Mann
1335 3425 1392 3444 =
1412 3409 1498 3449 der
1519 3407 1739 3448 deutsche
1756 3402 1921 3461 Manu)
1939 3403 2056 3446 *duos

1165 3465 1423 3509 conditores
1481 3462 1624 3523 gentis
1677 3461 1724 3505 T
1718 3463 1958 3505 uisoonem
2012 3468 2058 3503 et

1165 3521 1397 3564 Mannum
1423 3537 1515 3564 esse
1544 3521 1686 3565 fictos.
1757 3518 1846 3563 Sed
1866 3516 2057 3578 trepidat

1167 3579 1291 3624 crisis
1316 3579 1363 3622 in
1390 3578 1466 3623 tali
1490 3594 1554 3622 re.
