2150 4022
202 228 322 298 188

497 232 738 325 lumi
782 218 1755 298 Acmc.v1TAchP.3-4.

201 364 657 439 „metuentium.
730 364 1078 440 quos‘quod
1117 364 1358 421 tandem
1394 364 1738 437 invenistis,
1793 359 1919 424 non
1951 387 2049 425 ‚re-

203 499 238 524 „
251 453 554 520 stiterunt,
600 449 711 506 sed
748 444 1098 524 deprehensi
1140 459 1293 505 sunt.
1341 484 1344 485 ν
1378 449 1697 507 novissime
1730 471 1822 508 res
1858 465 1916 511 et
1951 473 2050 509 ex·-

201 565 235 609 ς,
249 551 435 595 tremo
471 545 634 591 metu
656 554 917 609 corpora
951 534 1200 609 defixere
1233 532 1418 590 aciem
1439 535 1505 590 in
1531 531 1625 591 his
1651 537 1954 623 vestigiis,⁸
1985 538 2051 593 in

194 623 461 700 „quibus
510 615 823 696 pulchram
871 630 930 700 et
984 618 1361 695 spectabilem
1416 619 1724 678 victoriam
1783 623 2048 682 ederetiS.
2121 692 2124 694 ‚

195 803 368 844 contra
417 794 610 839 ruentia
657 793 689 838 i.
736 809 777 838 e.
820 793 1087 838 resistentia.

196 852 558 912 Comparationis
599 867 776 895 summa
817 852 866 895 in
909 866 963 918 ep
1008 859 1089 900 est,

194 911 321 972 quod
352 909 421 954 uti
452 908 589 953 fortia
621 908 830 954 animalia
863 915 1091 961 resistunt,

195 969 358 1030 pavida
374 965 577 1025 fugiunt,
607 967 668 1010 ita
691 965 1087 1011 acerrimiBritan-

195 1042 367 1072 norum
389 1025 664 1076 restiterunt,
684 1025 696 1067 i
732 1025 834 1070 navi
857 1023 1089 1081 fugerunt.

198 1085 355 1143 Quare
374 1098 604 1142 nonopus
625 1091 690 1126 est
728 1082 915 1125 {henani
939 1096 1089 1124 emen·

197 1144 405 1192 datione,
457 1156 598 1198 quum
630 1138 857 1198 aptissima
889 1138 945 1182 sit
981 1137 1088 1182 huic

196 1202 303 1245 loeo
316 1197 520 1243 Vaticani
546 1197 650 1241 libri
673 1197 915 1255 scriptura,
946 1195 1086 1239 modo

192 1257 310 1303 ratio
348 1256 455 1309 eius.
486 1254 777 1314 grammatica
816 1253 978 1297 melius
1019 1269 1088 1296 ex-

192 1316 410 1376 plicetur,
457 1329 589 1372 quam
621 1312 680 1355 ob
715 1310 939 1356 Oberlino
969 1313 1088 1355 solet

193 1372 380 1416 terbum
410 1369 650 1429 supplente
675 1369 844 1412 sactum
867 1368 1085 1412 videmus.

191 1428 422 1489 Sagaciter
449 1437 458 1451 ‘²
475 1444 573 1472 eam
628 1442 732 1494 pers
767 1427 854 1471 exit
896 1425 1085 1484 Selling.

190 1489 396 1532 observv.
458 1484 579 1530 critt.
630 1500 679 1527 m
771 1482 876 1527 aciti
925 1482 1085 1526 Germ.

188 1561 235 1602 p.
258 1544 331 1588 29.
355 1559 478 1601 sqq„
506 1557 643 1586 ruere
669 1541 788 1584 enim
816 1555 911 1583 non
935 1549 1000 1583 est
1019 1539 1087 1583 in-

189 1603 385 1653 finitiv..
416 1600 493 1644 sed
515 1595 678 1658 plural.
702 1598 916 1657 perfecti,
952 1613 1087 1655 quam

190 1658 375 1723 quidem
408 1657 779 1702 terminationem
799 1655 955 1699 Tacito
990 1671 1087 1721 non

188 1715 442 1776 neglectam
499 1731 622 1766 esse,
697 1713 943 1757 ostendunt
994 1711 1086 1755 loci

189 1774 344 1832 Agric.
372 1790 411 1816 c.
437 1772 508 1818 36.
522 1774 719 1830 sugere,
753 1787 795 1815 c.
819 1771 891 1815 37.
913 1772 1083 1815 videre.

186 1831 428 1891 Temporis
453 1830 683 1890 praeteriti
713 1845 844 1872 usum
874 1830 921 1871 in
950 1844 1081 1873 com-

185 1888 495 1950 parationibus
527 1888 646 1930 idem
669 1886 855 1943 Selling.
879 1885 1078 1930 illustra-

186 1950 249 1991 vit
272 1945 530 2004 virgilianis
553 1945 662 1988 locis
683 1944 799 1987 Aen.
816 1946 856 1995 9,
877 1943 977 1987 437.
1014 1945 1082 1995 11,

185 2006 285 2049 810.
305 2004 371 2055 12,
386 2004 484 2047 588.
542 2002 755 2045 Eiusdem
781 2001 992 2045 dictionis
1011 2017 1079 2044 re-

186 2061 453 2123 petitionem
477 2059 657 2104 habebis
675 2058 794 2102 infra
821 2075 919 2116 cap.
941 2058 1014 2103 37.

204 2160 213 2166 ,
245 2132 360 2177 quos
405 2121 528 2176 quod
579 2120 771 2162 tandem
823 2116 1084 2168 invenistis,

185 2192 282 2223 non
306 2180 599 2220 restiterunt.
660 2174 725 2218 Ita
746 2173 883 2219 MSS.
908 2173 1080 2217 Vaticc.

184 2243 298 2282 teste
321 2234 449 2281 ssrot.
475 2232 576 2278 edd.
599 2233 702 2276 Put.
726 2249 794 2291 pr.
805 2230 995 2275 Mediol.
1019 2231 1081 2286 (in

187 2322 274 2366 qua
370 2319 628 2366 expressum
660 2309 726 2346 est
751 2302 889 2363 typis)
917 2302 1081 2345 Venet.

187 2364 287 2409 Ale.
354 2361 542 2413 henan.;
583 2359 660 2403 sed
684 2360 732 2405 in
758 2376 855 2402 mar
887 2359 959 2402 ine
980 2358 1084 2404 MS.

185 2420 334 2465 Vatio.
358 2419 486 2463 3429.
512 2434 536 2461 a
557 2416 816 2476 Pomponio
846 2376 984 2463 fiaeto
1015 2415 1081 2473 (id

186 2478 323 2523 tradit
383 2478 581 2533 Broter.)
649 2475 924 2532 adscriptum
991 2482 1082 2517 esta

183 2551 347 2594 „quos
369 2537 491 2592 quod
520 2541 622 2586 tam
654 2533 737 2574 diu
771 2548 866 2576 non
899 2532 1080 2575 inveni-

185 2597 295 2650 stis,
360 2592 655 2636 restiterunt.
718 2590 784 2634 sic
835 2590 1079 2649 legendum

183 2653 352 2711 put00”
419 2649 663 2694 Librorum
708 2648 973 2706 scripturam
1015 2664 1078 2691 se-

185 2710 315 2768 quuti
370 2718 477 2751 sunt
524 2707 652 2749 Brot.
703 2704 879 2749 Ernest.
920 2704 1081 2749 Oberl.

183 2765 383 2810 Walch.
429 2763 615 2809 Becker.
658 2763 825 2807 Hertel.
870 2763 923 2820 [l.
958 2762 1078 2805 Bek-

184 2824 326 2879 ker.],
374 2821 645 2875 rectissime„
708 2820 903 2864 Dicendi
938 2821 1077 2864 brevi·

181 2890 269 2933 tas,
309 2896 442 2937 quam
473 2878 731 2937 frequentat
753 2878 940 2930 Noster,
977 2878 1022 2921 h.
1049 2877 1077 2921 l.

183 2940 451 2996 interpretes
485 2936 689 2994 decepit;
739 2936 923 2979 uberius
955 2936 1077 2978 enim

184 2994 455 3063 scripsisset:
495 3009 608 3051 quos
643 2994 766 3050 quod
798 2993 977 3036 tandem
1011 2994 1077 3036 in-

184 3052 391 3101 venistis,
440 3052 534 3093 eius
578 3051 642 3093 rei
680 3067 809 3094 causa
845 3060 934 3103 est,
983 3067 1077 3093 non

187 3110 313 3170 quod
339 3109 623 3162 restiterunt,
660 3110 734 3151 sed
764 3109 885 3165 quod
913 3110 1077 3167 depre-

183 3168 311 3214 hensi
342 3175 462 3211 sunt.
535 3165 598 3207 lta
635 3166 852 3222 scriptum
888 3175 954 3209 est
985 3168 1078 3209 An.

188 3233 226 3279 1,
251 3220 321 3270 14.
354 3239 444 3281 quo
474 3223 632 3265 minus
661 3225 785 3263 idem
811 3238 899 3276 pro
922 3225 1079 3267 Druso

179 3285 530 3343 postularetur,
571 3295 627 3323 ea
647 3295 815 3335 causa,
851 3285 973 3337 quod
994 3284 1079 3323 de-

186 3346 395 3397 signatus
406 3338 755 3381 consulDrusus
764 3353 1080 3394 praesensque

189 3407 311 3442 erat.
345 3397 434 3441 Sed
449 3395 640 3439 vividior
656 3395 796 3436 oratio
811 3397 1077 3464 scripturam

191 3474 215 3500 a
239 3455 370 3499 nobis
394 3461 622 3509 receptam
651 3454 828 3509 probat.
886 3453 959 3495 (Af.
984 3452 1078 3496 Liv.

186 3517 258 3562 21,
283 3515 349 3556 10.
370 3514 418 3554 id
444 3514 502 3553 de
526 3525 615 3566 quo
643 3511 792 3550 verbis
813 3513 1079 3564 ambigeba-

193 3580 270 3614 tur
286 3603 297 3622 ,
318 3577 440 3613 uter
460 3570 661 3623 populus
673 3566 846 3623 foedus
867 3570 1078 3623 rupisset,

1162 800 1353 836 eventus
1385 793 1496 837 belli
1525 796 1652 838 velut
1677 810 1857 852 aequus
1887 798 2048 853 iudex,

1161 853 1285 893 unde
1307 851 1379 894 ius
1397 853 1583 905 stabat,
1614 855 1659 896 ei
1687 855 1934 897 victoriam
1962 859 2049 898 de-

1160 909 1242 951 dit.
1305 906 1459 964 Quare
1493 910 1660 953 frustra
1692 912 1936 956 coniecisse
1970 929 2049 971 pu-

1158 964 1323 1009 tandus
1363 973 1431 1010 est
1473 966 1581 1012 edin.
1624 967 1920 1027 Biponfinus,
1971 971 2051 1029 qui

1159 1022 1408 1067 scribebat:
1447 1039 1562 1079 quos
1582 1040 1672 1081 quo
1693 1030 1835 1069 modo
1859 1035 1893 1070 t.
1915 1030 2051 1071 inve-

1158 1079 1297 1123 nistis
1316 1082 1341 1123 Ρ
1416 1083 1525 1125 Νοη
1567 1083 1866 1140 restiterunt,
1923 1086 2048 1144 quod

1155 1138 1412 1237 probabant
1453 1137 1613 1196 Engel.
1663 1148 1707 1183 et
1746 1140 2050 1194 Weikertus3

1178 1203 1323 1238 rustra
1361 1212 1466 1239 cum
1503 1196 1770 1242 Schluetero
1790 1199 2048 1244 Dronkius:

1159 1266 1275 1309 quos
1300 1268 1442 1309 quum
1467 1263 1502 1299 t.
1529 1256 1762 1300 invenistis
1779 1271 1877 1300 non
1908 1260 2046 1302 resti-

1159 1317 1346 1365 terunt,
1396 1327 1510 1370 quae
1546 1314 1767 1373 scriptura
1803 1315 2047 1372 genuinum

1156 1367 1248 1412 loci
1271 1384 1452 1412 sensum
1473 1374 1714 1414 conturbat
1735 1387 1936 1430 prorsus,

1216 1444 1493 1496 deprehensi
1520 1451 1645 1486 sunt.
1698 1447 1946 1489 nouissime
1970 1462 2046 1491 res

1157 1506 1202 1542 et
1222 1507 1438 1543 extremo
1464 1510 1594 1544 metu
1617 1516 1818 1555 corpora
1837 1504 2048 1560 defixere

1158 1558 1308 1599 aciem
1332 1558 1382 1600 in
1407 1559 1733 1614 his·vest1·g1·is.
1794 1560 1922 1605 Hanc
1943 1561 2046 1605 MS.

1158 1613 1306 1658 Vatic.
1335 1613 1466 1659 3429.
1503 1617 1770 1674 scripturam
1799 1616 1854 1660 in
1882 1619 2046 1662 ’verbo-

1157 1688 1263 1715 rum
1298 1680 1556 1717 contextum
1585 1671 1892 1732 recipiendam
1929 1677 2054 1729 duxi,

1158 1745 1299 1785 quum
1324 1729 1498 1788 singula
1519 1746 1722 1789 quaeque
1740 1731 1849 1776 'loco
1873 1735 2046 1792 egregie

1157 1788 1447 1831 conveniant.
1498 1789 1777 1840 [Novissime
1800 1806 1886 1848 pro
1911 1795 2045 1834 deni-

1155 1859 1261 1900 que,
1291 1846 1489 1901 zuletzt,
1529 1862 1611 1889 am
1631 1846 1769 1891 Ende
1792 1864 1887 1892 non
1911 1849 2049 1893 Ruti-

1154 1901 1216 1945 lio
1241 1902 1368 1958 Lupo
1392 1901 1540 1945 solum
1564 1903 1775 1947 usitatum
1800 1905 1879 1962 (cf.
1895 1907 2047 1958 Ruhn-

1154 1959 1256 2003 ken.
1293 1959 1347 2002 ad
1381 1959 1519 2004 Rutil.
1557 1976 1602 2017 p.
1627 1962 1699 2004 31.
1733 1964 2045 2022 exempLJBa-

1152 2019 1270 2072 tav.),
1294 2016 1374 2059 sed
1397 2017 1444 2059 in
1460 2017 1691 2062 Ciceronis
1715 2020 1845 2063 etiam
1868 2020 2046 2081 epistol.

1153 2075 1209 2119 ad
1234 2075 1391 2117 divers.
1420 2075 1570 2125 10,24.
1596 2086 1861 2134 usurpatum
1884 2088 1971 2132 est,
1997 2087 2047 2122 ut

1155 2130 1310 2176 docuit
1321 2130 1593 2189 Wopkens.
1611 2132 1737 2177 Lect.
1751 2134 1872 2179 Tull.
1891 2154 1936 2195 p.
1949 2136 2045 2188 46.;

1155 2197 1195 2231 et
1220 2191 1311 2232 An.
1337 2189 1459 2238 11‚3.
1488 2197 1674 2233 tantum
1694 2193 1767 2234 illi
1782 2196 2046 2237 securitatis

1153 2247 1405 2290 novissime
1425 2247 1550 2304 fuit,
1584 2249 1706 2304 quod
1730 2249 1855 2295 libris
1881 2253 2041 2296 adsen-

1153 2304 1368 2348 tientibus
1402 2321 1484 2362 pro
1510 2308 1792 2351 novissimae
1822 2310 2043 2368 scriptum

1153 2364 1255 2418 est.]
1336 2363 1429 2405 Res
1478 2361 1675 2429 intellige
1715 2374 1925 2409 nostrum
1967 2369 2044 2411 die

1155 2419 1448 2469 Umstc'inde‚
1489 2437 1537 2463 ea
1570 2437 1688 2463 enim
1712 2433 1806 2467 erat
1829 2424 2047 2478 conditio,

1151 2485 1202 2520 ut
1238 2475 1286 2519 in
1329 2477 1497 2520 ultimis
1538 2478 1670 2521 terris
1706 2478 1892 2525 ulterius
1929 2483 2043 2527 effu-

1151 2534 1303 2601 giendi
1328 2536 1565 2579 occasione
1582 2537 1746 2602 privati
1768 2538 1823 2581 ad
1844 2553 2040 2597 pugnam

1151 2593 1398 2635 ineundam
1428 2602 1690 2636 necessitate
1727 2596 1918 2651 quadam
1956 2614 2040 2642 co-

1150 2659 1377 2707 gerentur.
1436 2651 1532 2693 Res
1559 2661 1855 2708 opponuntur
1878 2670 2041 2714 corpo-

1148 2707 1273 2750 ribus
1295 2715 1490 2749 extremo
1512 2717 1635 2750 metu
1658 2710 1903 2767 correptis,
1934 2729 2039 2757 nam

1149 2764 1286 2809 verba
1355 2771 1570 2807 extremo
1639 2773 1771 2809 metu
1840 2783 2041 2825 corpora

1149 2837 1287 2864 unam
1322 2820 1525 2865 efficiunt
1567 2823 1803 2866 notionem
1844 2835 1888 2869 et
1927 2844 1977 2872 su
2016 2854 2038 2863 -

1149 2879 1363 2938 plendum
1390 2887 1481 2927 est,
1523 2887 1570 2921 ut
1601 2881 1774 2938 saepius
1806 2883 1893 2926 iam
1921 2845 2011 2929 viii

1149 2952 1265 2987 mus,
1299 2931 1409 2979 ὄντα
1433 2938 1483 2989 [?
1516 2936 1574 2982 cs.
1588 2938 1729 2980 Kritz.
1746 2937 1800 2981 ad
1817 2940 1924 2986 Sall.
1942 2943 2039 2988 Cat.

1149 3010 1190 3038 c.
1215 2994 1253 3044 3,
1279 2993 1379 3051 2.],
1420 2994 1479 3037 ita
1509 3002 1556 3036 ut
1589 3010 1788 3051 corpora
1819 3007 2036 3043 exer-emo

1149 3058 1275 3095 metu
1291 3051 1544 3110 ¹significent
1567 3060 1786 3097 terrorem
1812 3064 1854 3099 et
1874 3064 2038 3101 tremo-

1148 3125 1245 3151 rem
1273 3125 1519 3167 corporum
1547 3120 1744 3153 extremo
1783 3122 1905 3157 metu
1938 3131 2038 3159 cor·

1149 3175 1397 3223 reptorum.
1444 3165 1639 3209 Verbum
1666 3169 1874 3222 defixere
1895 3181 2037 3216 trans·

1149 3224 1285 3266 latum
1331 3223 1499 3282 opinor
1539 3241 1563 3267 a
1606 3225 1942 3280 devotionibus,
1994 3239 2038 3274 et

1149 3289 1296 3323 totuin
1342 3283 1491 3324 locum
1541 3283 1607 3325 sic
1649 3294 1793 3327 verto:
1865 3290 2036 3329 zuletet

1151 3342 1302 3382 haben
1355 3342 1428 3381 die
1484 3340 1746 3383 Umstc'inde
1802 3347 1901 3385 und
1954 3349 2039 3387 der

1152 3397 1314 3438 Leiber
1373 3400 1655 3450 iingstliches
1706 3400 1889 3442 Zittem
1947 3405 2038 3443 dee

1153 3454 1544 3510 Sclzlszclzllmusen
1594 3470 1658 3497 an
1709 3457 1835 3499 ‹liese
1878 3460 2038 3503 Slc'icte

1152 3515 1234 3553 ‹ler
1262 3514 1425 3556 Flucht
1457 3515 1686 3569 gebannt,
1729 3529 1804 3556 wo
1840 3516 1916 3558 ilu-
1949 3526 2035 3562 etc.

1155 3569 1284 3624 Quae
1309 3585 1450 3627 quum
1477 3571 1677 3622 stasim,
1719 3572 1783 3615 uit
1817 3589 1899 3616 nos
1934 3591 2033 3618 mo-

1999 2885 2009 2896 ο

2016 2913 2035 2921 n
