2150 4022
212 323 312 410 ’68
392 322 396 324 ’

570 348 639 409 C.
697 342 1257 413 CORNELIUS
1319 292 1742 410 TACITUS

230 499 405 539 usum
429 478 795 554 proeliorum
821 476 1063 552 sepositi
1083 478 1247 534 velut
1272 477 1588 554 tela-atque
1615 459 1780 535 arma
1803 478 1977 537 bellis
1996 499 2092 538 re-

230 576 558 623 servantur.

645 558 754 618 Est
777 562 843 617 in
864 562 1070 618 eodem
1094 562 1377 638 obsequio
1406 573 1464 620 et
1487 560 1908 633 Mattiacorum
1931 584 2091 640 genS.

228 650 480 727 protulit
518 647 679 704 enim
713 648 1059 721 magnitudo
1097 647 1308 723 populi
1331 644 1786 714 Romanisultra
1809 644 2094 717 Rhenum

228 737 502 811 ultraque
531 745 754 790 veteres
779 731 1067 792 terminos
1099 732 1336 807 imperii
1359 732 1767 793 reverentiam.

1853 734 1935 792 ita
1957 736 2093 792 sede

230 821 565 896 finibusque
591 819 655 874 in
683 818 1198 893 sua.ripa‚³mente
1224 817 1542 893 animoque
1564 818 1875 876 nobiscum
1895 831 2096 894 agunt,

204 973 206 975 ‚
232 917 424 963 cetera
465 904 685 962 sim'iles
709 901 975 971 Batavi5‚
1018 903 1135 959 nisi
1169 904 1331 979 quod
1366 902 1492 977 ipso
1522 899 1715 961 adhuc
1741 914 1930 961 terrae
1957 925 2096 962 suae

230 991 356 1047 solo
389 1000 446 1047 et
465 991 627 1047 coelo
656 989 848 1046 acrius
874 989 1232 1048 animantur.

1316 986 1457 1044 Non
1480 989 1915 1045 numeraverim
1938 990 2096 1048 inter

239 1073 596 1132 Germaniae
641 1075 927 1150 pop11105‚
985 1093 1326 1150 quanquam
1365 1085 1531 1130 trans
1568 1070 1854 1132 Rhenum
1887 1073 2096 1132 Danu-

231 1161 512 1238 biumque
554 1159 961 1227 consederint,
1025 1179 1153 1228 θοε,
1210 1159 1310 1235 qui
1356 1160 1686 1215 decumates
1721 1179 1891 1234 agros
1933 1180 2095 1216 exer-

231 1394 397 1434 quam,
437 1377 560 1435 quod
593 1392 686 1419 non
720 1375 885 1434 patitur
915 1376 1136 1435 particula

233 1439 381 1487 velut,
424 1444 472 1478 ut
503 1435 617 1477 bene
650 1433 765 1479 vidit
796 1433 1016 1479 Orellius.
1077 1434 1135 1478 cf.

234 1494 344 1536 Hist.
374 1494 416 1544 4,
441 1493 509 1536 12.
537 1494 664 1534 viros
688 1499 879 1534 tantum
900 1507 1134 1549 armaque

233 1553 424 1604 imperio
439 1550 748 1592 ministrant.

290 1608 639 1651 Mattiacorum.
729 1605 841 1649 Cod.
901 1605 1131 1650 Hummel.

232 1680 590 1768 Maaeitiacorum.
684 1721 764 1765 Ed.
806 1719 972 1763 Vienn.
1021 1721 1133 1764 Ma-

235 1786 480 1827 tiacorum.
539 1780 623 1822 Ed.
647 1779 792 1822 Paris.
819 1778 1134 1822 Matticorum.

238 1841 296 1885 cf.
329 1847 428 1881 not.
464 1837 519 1880 ad
553 1838 639 1879 An.
680 1839 744 1888 11,
777 1837 849 1878 20.
921 1834 1133 1879 Ceterum

237 1896 559 1940 'Mattiacorum
616 1911 692 1937 ens
716 1894 786 1936 hie
809 1895 854 1936 in
875 1909 1135 1936 sermonem

239 1954 358 1997 venit
383 1969 475 1995 non
499 1962 546 1994 ut
609 1952 741 1995 atavis
764 1950 939 2001 vicina,
977 1951 1057 1994 sed
1077 1952 1135 1993 ob

239 2010 579 2056 similitudinem
627 2008 854 2066 obsequii,
906 2023 998 2064 quo
1042 2017 1137 2051 uie-

240 2073 403 2113 bantur
430 2083 533 2123 erga
558 2066 806 2109 Romanos.
871 2064 1024 2122 Quare
1046 2082 1139 2108 non

241 2134 332 2174 est,
385 2141 466 2167 eur
511 2140 613 2167 eum
649 2123 873 2167 Leibnitio
913 2132 1139 2166 mutemus

241 2184 578 2226 Mar-satiarunt
602 2181 675 2224 vel
689 2182 1016 2223 Marsacoram
1029 2213 1041 2230 ‚
1065 2188 1141 2224 aut

240 2257 347 2286 curn
396 2237 712 2283 Strombeckio
771 2239 827 2280 de
882 2237 1142 2297 corruptela

242 2299 332 2342 loci
358 2298 620 2354 cogitemus.
681 2295 751 2337 De
774 2296 953 2338 sedibus
968 2296 1144 2338 blania-

242 2371 401 2400 corum
433 2354 491 2398 cf.
521 2350 781 2397 Wilhelm:
841 2353 1145 2407 Germanica,

245 2430 289 2471 p.
315 2413 410 2456 145.

301 2470 428 2524 ripa.
487 2468 572 2512 Ed.
595 2468 739 2511 Paris.
761 2472 856 2525 ipa.

301 2535 454 2569 mente
485 2528 745 2582 animoque.
807 2525 975 2569 Eadem
1011 2541 1144 2585 syno-

245 2601 381 2642 nyma
413 2584 647 2642 coniungit
682 2582 809 2626 Caes.
842 2584 897 2627 B.
923 2582 979 2627 G.
1008 2584 1046 2632 1,
1070 2583 1142 2626 39.

246 2650 409 2683 tantus
438 2642 592 2684 subito
624 2644 764 2684 timor
785 2656 973 2682 omnem
995 2655 1143 2689 exer-

248 2701 391 2741 eitum
413 2700 678 2751 occupavit,
709 2707 758 2740 ut
782 2714 876 2740 non
902 2701 1142 2741 mediocri·

250 2765 324 2798 ter
375 2759 587 2798 omnium
639 2763 823 2798 mentes
865 2757 1144 2812 animosque

243 2815 560 2867 perturbaret.
632 2813 722 2856 Pro
757 2814 1005 2870 animoque
1041 2813 1144 2855 MS.

247 2870 473 2913 Hummel.
506 2870 593 2912 fert
623 2871 785 2913 animo
811 2879 852 2914 et
878 2887 961 2930 pro
986 2878 1143 2913 mente

245 2928 293 2971 in
314 2928 514 2983 margine
538 2936 776 2971 manente.

304 2992 457 3028 cetera
496 2985 673 3027 similes
714 3017 725 3028 .
756 3017 766 3028 .
795 3017 806 3029 .
847 2984 1143 3028 animantur.

245 3041 332 3086 Ed.
355 3041 493 3085 Paris.
516 3043 658 3084 silens
680 3043 893 3086 Batavus
921 3065 976 3076 -—
1008 3050 1143 3086 terra

249 3107 295 3142 et
320 3107 366 3142 et
391 3101 491 3141 solo
513 3112 624 3141 suo:
652 3102 778 3141 coelo
802 3108 888 3143 etc.

308 3170 404 3198 non
426 3159 787 3198 numeraverim.
820 3157 894 3201 Sic
907 3155 1045 3201 MSS.
1058 3154 1143 3200 Va-

251 3214 329 3259 tic.
352 3212 482 3256 4498.
508 3212 696 3271 Longol.
718 3214 881 3271 Stuttg.
915 3212 1146 3258 Hummel.

249 3271 351 3315 edd.
383 3270 521 3314 Paris.
554 3270 688 3313 Rom.
712 3270 917 3315 Noriinb.
942 3271 1145 3315 Rhenan.

248 3327 411 3385 (1533.)
424 3327 529 3372 Ald.
539 3326 759 3371 Melanth.
775 3328 952 3386 Micyll.
964 3344 1062 3388 sqq.
1075 3344 1146 3371 us·

247 3402 335 3444 que
358 3385 414 3429 ad
437 3384 729 3433 Passovium,
769 3384 845 3455 qui
870 3386 1023 3429 maluit
1051 3400 1148 3428 non

247 3456 555 3485 numeramus
585 3457 608 3484 e
639 3442 742 3485 MS.
761 3441 874 3484 ‘lur.
904 3443 1006 3486 edd.
1030 3442 1147 3502 Spir.

247 3500 380 3543 Kath.
405 3499 507 3542 Put.
529 3498 596 3542 M.
620 3507 663 3541 et
684 3495 745 3542 V.
769 3498 956 3544 Monac.
979 3500 1145 3545 Vienn.

247 3555 457 3601 Beroald.
497 3555 599 3600 Alc.
656 3556 780 3611 (haee
829 3556 875 3597 in
921 3557 1145 3614 marginez

248 3617 369 3657 alias
416 3613 888 3669 connumeraverim)
942 3613 1143 3658 Rhenan.

252 3669 437 3728 (1519.).
533 3670 797 3718 Passovium
849 3673 986 3715 secuti
1040 3680 1142 3716 sunt

1206 1377 1332 1422 Hess.
1366 1376 1552 1434 Dilthej.
1589 1376 1649 1422 al.
1708 1374 1947 1420 Passovius
1979 1375 2101 1419 enim

1205 1437 1385 1480 scribit:
1427 1435 1579 1491 „Quis
1614 1449 1814 1493 unquam
1847 1431 2100 1484 crediderit,

1204 1493 1412 1537 Tacitum
1434 1509 1529 1536 non
1553 1492 1648 1536 sine
1671 1490 1950 1536 dubitatione
1970 1505 2099 1548 nega·

1203 1559 1372 1600 turum,
1387 1549 1687 1594 Gallorum
1710 1546 2102 1595 levissimosGer-

1203 1613 1398 1652 manos
1441 1606 1600 1651 esse!''
1675 1606 1738 1651 At
1771 1605 1846 1651 illa
1878 1603 2099 1649 dubitatio

1203 1668 1344 1709 verbo
1356 1665 1708 1708 numeraverim
1718 1679 1811 1708 non
1822 1662 2103 1714 inest,immo

1206 1724 1449 1767 certissima
1496 1723 1740 1766 sententiat
1797 1722 1870 1764 ich
1915 1722 2101 1764 meschec

1205 1782 1327 1824 nicht
1359 1782 1540 1824 ziz'hlen.
1605 1778 1666 1823 ef.
1698 1779 1858 1823 Horat.
1886 1778 2036 1822 Serm.
2066 1778 2104 1827 1,

1208 1842 1249 1892 5,
1270 1838 1344 1882 44.
1374 1839 1458 1880 Nil
1488 1852 1573 1892 ego
1603 1837 1880 1880 contulerim
1908 1837 2104 1879 iucundo

1206 1911 1353 1939 sanus
1372 1897 1541 1938 amico.
1592 1894 1714 1939 Num
1735 1910 1758 1937 a
1793 1894 1852 1937 ud
1863 1891 2104 1938 Horatium

1209 1961 1273 1997 est
1293 1949 1546 1996 dubitatio?
1576 1981 1635 1989 —
1692 1952 1745 1994 M
1784 1948 2106 1996 ,Vatic.1518.

1209 2010 1407 2070 praefert
1427 2011 1812 2059 numeravimus,
1835 2008 1959 2068 quod
1980 2007 2018 2051 si
2035 2021 2106 2050 ve·

1212 2083 1313 2110 rum
1347 2076 1388 2111 et
1413 2068 1658 2124 genuinum
1686 2075 1776 2116 est,
1817 2065 2014 2134 scriptor
2039 2063 2105 2130 dir

1213 2125 1275 2168 eit
1306 2124 1360 2168 de
1392 2141 1472 2168 sua
1505 2125 1704 2178 ratione,
1743 2137 1881 2183 quam
1913 2122 2107 2167 instituit

1212 2183 1258 2225 in
1284 2183 1599 2225 enumerandis
1620 2181 1889 2226 Germaniae
1912 2177 2106 2240 populis.

1215 2239 1364 2283 Possis
1399 2240 1530 2283 etiam
1565 2239 1791 2284 coniicere
1831 2238 2104 2285 numerabi-

1214 2312 1334 2340 mus.
1394 2297 1455 2340 ef.
1491 2297 1604 2339 nist.
1636 2294 1678 2345 3,
1716 2298 1786 2340 51.
1820 2294 2105 2342 memorabi-

1215 2369 1341 2397 mus·
1405 2355 1490 2398 An.
1530 2354 1596 2403 13,
1627 2355 1699 2397 20.
1743 2356 2012 2406 trademus,
2063 2359 2107 2395 et

1217 2413 1285 2464 14,
1315 2410 1388 2455 64.
1424 2413 1672 2455 silebimus.
1751 2410 1931 2468 Quibus
1964 2425 2107 2454 exem·

1214 2469 1298 2528 plis
1331 2477 1450 2527 patet
1481 2485 1641 2516 vanam
1667 2485 1759 2512 esse
1784 2466 1981 2512 Passovii
2012 2466 2107 2526 opi·

1213 2527 1397 2570 nionern
1413 2560 1423 2576 ‚
1454 2528 1531 2586 qui
1550 2526 1668 2571 adh.
1688 2524 1721 2569 l.
1744 2526 1923 2571 scribite
1948 2558 1976 2578 „
1987 2525 2108 2570 Mul·

1213 2592 1310 2627 tum
1347 2585 1494 2628 differt
1527 2584 1644 2642 apud
1674 2583 1911 2635 Tacitum,
1951 2592 2106 2628 utrum

1213 2641 1395 2700 plurali,
1426 2659 1483 2685 an
1503 2639 1719 2698 singulari
1737 2640 1988 2700 primarum
2041 2656 2109 2684 er-

1211 2714 1424 2742 sonarnm
1459 2714 1650 2741 numero
1689 2705 1866 2742 utatur:
1917 2697 1997 2742 illu
2070 2698 2108 2740 si

1212 2757 1283 2803 fit,
1323 2755 1378 2797 ad
1400 2771 1559 2800 omnes
1579 2754 1838 2804 Romanos,
1870 2756 2109 2816 praecipue

1213 2813 1267 2856 ad
1298 2812 1504 2871 aequales
1526 2813 1695 2864 Taciti,
1739 2814 1987 2857 extenditur
2009 2828 2108 2857 ora·

1214 2870 1334 2916 tio-’²
1393 2871 1540 2914 Immo
1571 2870 1626 2914 de
1658 2885 1741 2914 suo
1775 2878 1950 2914 tantum
1982 2870 2107 2914 insti-

1214 2935 1311 2971 tuto
1358 2927 1524 2972 Noster
1565 2944 1690 2972 nunc
1739 2928 1966 2986 loquitur,
2022 2943 2109 2972 nee

1212 2985 1464 3085 §Quidquam
1487 2985 1595 3029 haee
1619 2985 1844 3042 pertinent
1869 2985 1925 3030 ad
1950 3001 2108 3030 omnes

1256 3058 1440 3086 omanos
1463 3051 1538 3086 aut
1556 3042 1700 3087 Taciti
1721 3059 1771 3087 ae
1805 3041 1943 3088 uales.

1269 3103 1536 3143 decumates
1558 3115 1717 3154 agros.
1800 3116 1830 3144 n
1853 3099 2110 3154 euenum-

1215 3156 1323 3200 mel.
1346 3157 1565 3215 scriptum
1589 3165 1654 3202 est
1675 3160 1979 3203 thecumates.
2009 3159 2110 3202 Vox

1215 3211 1339 3265 ἅπαξ
1365 3216 1606 3275 λεγομένη.
1669 3214 1954 3259 Vocabulum
1977 3219 2111 3260 decu·

1217 3280 1370 3315 mutes
1390 3271 1539 3315 forma
1562 3289 1641 3317 sua
1660 3272 1833 3316 factum
1855 3282 1923 3317 est
1943 3289 2123 3319 secun-·
2149 3297 2150 3328 i

1218 3330 1328 3373 dum
1350 3337 1627 3384 optumates,
1651 3337 1915 3374 summates
1934 3338 2037 3383 etc„
2059 3338 2112 3375 ut

1217 3389 1485 3430 decumates
1499 3389 1613 3442 agri
1631 3387 1719 3432 sint
1739 3387 1888 3439 iidem,
1911 3387 1989 3446 qui
2004 3387 2111 3432 alibi
2128 3432 2131 3437 Α

1218 3446 1475 3487 decumam·
1495 3445 1710 3489 dicuntur
1731 3460 1756 3488 a
1776 3447 1985 3497 decimis,
2000 3460 2110 3512 quas

1218 3500 1405 3548 solvunt
1435 3517 1736 3570 possessores,
1778 3502 1822 3546 h.
1846 3518 1885 3546 e.
1907 3510 2108 3561 vectiga-

1218 3559 1298 3601 les.
1355 3559 1469 3602 Saus
1506 3560 1626 3603 enim
1660 3567 1833 3603 constat
1864 3560 2111 3607 Romanos,

1216 3623 1453 3716 Eostquam
1506 3632 1557 3659 su
1592 3632 1640 3660 er
1690 3616 1902 3660 Rhenum
1945 3615 2112 3660 Danu-

1249 3672 1433 3730 iumque
1464 3673 1511 3717 in
1577 3673 1823 3718 armaniam
1847 3681 2107 3731 penetrave-
