2150 4022
568 246 690 306 DE
750 217 1278 345 GEnMANPA
1335 247 1534 312 CAP.
1567 254 1627 318 2,

501 376 665 453 Ipsos
702 375 1035 436 Germanos
1081 379 1389 452 indigenas
1436 381 1786 437 crediderim
1839 384 2021 439 mini—
2061 370 2064 374 .

335 377 412 439 ΙΙ.

1986 256 2024 310 7

162 485 372 541 meque
403 464 654 520 aliarum
686 465 951 537 gentium
982 465 1333 520 adventibus
1369 477 1425 522 et
1464 462 1736 541 hospitiis
1775 468 1991 539 mixtos
2003 475 2016 539 ;'

163 551 300 628 quia
340 569 447 605 nec
485 560 639 605 terra
685 549 861 618 olim,
921 551 1023 606 sed
1063 550 1345 606 classibus
1380 547 1856 622 advehebantur,
1915 555 2018 628 qui

159 647 386 692 mutare
409 635 572 690 sedes
598 636 984 710 quaerebant:
1024 646 1082 691 et
1118 635 1440 691 immensus
1477 637 1665 706 ultra,
1710 649 1892 713 utque
1932 639 2016 695 sic

159 720 440 789 dixerim,
493 720 772 776 adversus
811 715 1086 776 Oceanus
1128 721 1276 776 raris
1318 721 1392 776 ab
1428 723 1569 777 orbe
1606 733 1807 779 nostro
1845 725 2018 780 navi-

153 991 324 1060 putavit
358 990 412 1034 de
445 991 530 1035 hac
556 1005 607 1056 re
637 975 767 1034 &idm
795 991 868 1036 vir
892 990 1052 1035 doctus

155 1067 226 1151 {1¹12
240 1049 515 1164 ·9E4‘.'¹'{.¹¹'2⁸6‘7'.
549 1048 1051 1165 22¹'211i2‘ssn‘i‘ssf'sussf9312252

154 1174 296 1208 ment.
330 1164 454 1208 1829.
485 1180 554 1208 nr.
576 1164 648 1210 91.
938 1200 940 1204 .

209 1235 462 1289 septimum
485 1230 628 1276 enim.
675 1232 900 1281 particula
922 1236 1048 1277 enim

153 1291 202 1333 in
233 1291 330 1334 MS.
365 1291 597 1348 stuttgart.
630 1291 730 1334 edd.
758 1290 968 1335 Norimb.
1004 1302 1047 1336 et

150 1348 296 1392 Paris.
323 1364 416 1390 non
438 1355 637 1407 apparet.

210 1440 388 1485 eme.
443 1440 582 1496 Ipsos
605 1439 888 1484 Germanos.
946 1438 1046 1482 Vo-

151 1497 363 1542 cabulum
411 1499 538 1554 ipsos
588 1497 828 1542 transitum
869 1497 976 1541 facit
1020 1514 1045 1540 a

150 1571 357 1599 sermone
388 1556 441 1598 de
471 1554 805 1599 Germanorum
842 1563 958 1597 terra
990 1555 1046 1597 ad

149 1613 285 1670 ipsos.
347 1612 422 1656 Sic
445 1613 604 1672 Agric.
639 1629 678 1656 c.
709 1611 780 1654 13.
819 1612 908 1666 ipsi
928 1613 1043 1654 Bri-

153 1670 292 1712 tanni
311 1678 397 1712 etc.

210 1728 501 1784 nu‘nimeque.
574 1726 654 1771 Ed.
685 1727 826 1771 Paris.
860 1727 1044 1785 negligit

150 1784 375 1842 copulam.
403 1809 459 1817 -
518 1785 626 1827 Mox
655 1785 808 1828 eadem
846 1801 928 1843 pro
955 1788 1044 1827 ad-

148 1841 362 1884 ventibus
409 1839 582 1883 exhibet
625 1845 857 1894 adventu,
919 1843 1043 1900 quod

148 1914 292 1965 nuper
335 1896 503 1954 placuit
540 1896 785 1942 Watchio.
865 1900 928 1944 At
967 1915 1042 1941 ce-

147 1964 231 1999 teri
254 1954 359 1998 libri
382 1963 565 1998 tuentur
594 1955 828 2022 vulgatum
864 1965 906 2000 et
938 1970 1039 2014 pos-

147 2015 250 2056 sunt
272 2028 365 2056 esse
387 2012 598 2056 adventus
621 2013 694 2056 ali1
719 2013 808 2058 alio
834 2022 1041 2071 tempore

147 2069 273 2115 facti.
335 2071 579 2112 Adventus
600 2070 752 2130 accipe
777 2071 831 2114 de
856 2087 1039 2114 accessu

146 2126 488 2186 peregrinorum
527 2127 793 2178 hominum,
845 2129 920 2186 qui
967 2145 1038 2174 se-

147 2185 250 2228 dem
278 2183 452 2228 fixerint
477 2184 523 2227 in
539 2184 780 2230 Germania
805 2188 1041 2242 (Einwcm-

145 2247 332 2295 derung
351 2246 448 2285 und
458 2244 860 2302 Niederlassung):
890 2247 1041 2299 hospi-

148 2301 218 2343 tia
259 2300 313 2342 de
357 2316 535 2353 accessu
581 2301 962 2359 peregrinantium
997 2310 1040 2345 et

146 2357 373 2414 hospitum
394 2357 578 2401 nomine
601 2357 922 2418 inrepentium.

207 2442 291 2469 nec
428 2436 471 2470 et
503 2442 574 2471 ..'.
632 2429 704 2472 De
736 2430 819 2474 hac
842 2431 1039 2474 formula

147 2484 208 2528 cf.
244 2485 517 2528 Ramshorn.
547 2485 630 2529 Gr.
664 2490 706 2540 §.
733 2488 830 2531 179.
867 2505 910 2546 p.
933 2488 1033 2531 527.

144 2542 333 2586 Passov.
367 2542 423 2586 ad
446 2542 489 2585 h.
511 2543 540 2586 l.
567 2551 611 2585 et
642 2543 791 2588 Beier.
815 2545 869 2588 ad
892 2543 1038 2589 Cicer.

148 2599 243 2643 Off.
278 2602 316 2648 l,
338 2601 411 2643 21.
442 2615 490 2658 p.
518 2600 617 2643 169.

204 2686 569 2727 advehebantur.
649 2683 734 2727 Ed.
769 2684 906 2730 Paris.
947 2689 1036 2727 ad-

144 2744 399 2793 vehebant,
432 2743 554 2800 quod
575 2759 623 2784 ex
645 2758 727 2784 usu
754 2744 924 2787 rariore
943 2743 1035 2786 fer-

143 2799 190 2901 rit
210 2815 336 2899 {bogse
361 2808 510 2867 censet
535 2799 713 2899 qsessitbs
747 2799 880 2900 (VarC.
894 2800 1033 2900 Lectff.

146 2874 168 2900 e
292 2873 439 2903 servv.
473 2875 519 2900 in
583 2873 648 2900 ac.
691 2873 827 2899 1erm.
884 2875 972 2901 om.
1023 2890 1034 2900 .

178 2949 187 2957 .
208 2915 286 2971 2.).
347 2914 637 2959 ef.Veehner.
660 2914 882 2958 Hellenol.
910 2916 1033 2973 p.68.

186 2971 340 3015 llendt.
364 2973 418 3016 ad
445 2972 541 3016 Cic.
570 2972 694 3016 Brut,
726 2972 795 3014 97.
866 2974 1035 3016 Moser.

146 3028 203 3072 ad
235 3027 329 3072 Cic.
373 3031 427 3072 de
465 3047 513 3072 re
547 3029 671 3088 publ.
702 3028 744 3077 3,
775 3030 817 3072 9.
858 3047 902 3088 p.
934 3030 1034 3073 356.

147 3084 243 3130 Cic.
288 3086 342 3128 de
382 3087 438 3130 N.
480 3086 541 3130 D.
590 3091 629 3138 1,
657 3087 728 3130 28.
769 3086 920 3144 ibique
965 3090 1036 3130 in·

146 3152 378 3201 terpretes.
479 3145 689 3188 Ceterum
738 3148 1035 3188 adveheban-

147 3208 225 3243 tur
266 3201 319 3243 de
369 3202 583 3246 classibus
629 3203 812 3260 proprie
862 3204 1033 3245 dictum

147 3257 201 3299 ad
226 3259 416 3302 verbum
442 3267 569 3302 terra
603 3257 842 3316 ἀναλόγως
874 3261 1033 3303 intelli-

146 3314 278 3373 gitur.
339 3317 394 3361 cf.
416 3326 511 3360 not.
545 3317 598 3360 ad
624 3319 710 3360 An.
730 3320 772 3367 2,
796 3319 866 3361 20.

202 3402 429 3442 adversus
446 3399 671 3446 Oceanus.
733 3400 811 3445 Sic
834 3401 935 3446 libri
962 3419 1036 3446 ve-

147 3462 262 3498 teres
321 3473 561 3501 consensu.
662 3458 902 3514 Quaerunt
954 3462 1035 3503 viri

149 3511 271 3554 docti
314 3525 549 3570 praeeunte
578 3517 807 3564 Acidalio,
852 3534 908 3559 au
945 3535 1036 3559 non

149 3567 308 3612 melius
342 3572 395 3614 sit
425 3588 623 3621 aversus
656 3573 700 3617 h.
732 3590 771 3616 e.
809 3576 882 3631 qui
914 3579 1037 3632 quasi

1124 1008 1148 1035 a
1173 992 1306 1036 nobis
1333 1009 1427 1036 sese
1457 993 1636 1037 avertit.
1698 993 1871 1050 Lipsius
1898 1011 2017 1039 con-

1123 1049 1244 1093 iecit'
1272 1053 1520 1103 obversus;
1580 1051 1812 1109 vulgatum
1865 1061 2016 1096 tamen

1121 1107 1304 1152 retinuit
1361 1116 1493 1165 atque
1550 1107 1785 1166 explicuit:
1850 1111 2015 1168 „quasi

1121 1165 1238 1207 mari
1275 1165 1434 1209 Italico
1474 1173 1517 1207 et
1551 1164 1790 1224 Tyrrheno
1829 1168 2015 1225 opposi-

1121 1230 1203 1266 tus.
1219 1224 1243 1242 ”
1334 1222 1556 1265 Pichena:
1609 1224 1775 1282 „quasi
1821 1225 2016 1283 vestigiis

1118 1280 1282 1324 nostris
1318 1282 1578 1338 oppositus,
1629 1290 1678 1323 ut
1719 1280 2016 1339 antipodes..”

1119 1338 1177 1381 cf.
1201 1337 1349 1382 Cicer.
1365 1341 1524 1382 somn.
1551 1337 1674 1397 Scip.
1700 1356 1741 1382 c.
1765 1339 1805 1380 6.
1836 1338 1917 1394 qui
1939 1339 2016 1381 in-

1119 1398 1277 1438 colunt
1309 1404 1516 1444 terram,
1563 1412 1659 1438 non
1689 1398 2013 1439 modo'inter-

1117 1462 1285 1508 ruptos
1324 1454 1394 1496 ita
1448 1466 1572 1502 esse,
1629 1461 1679 1496 ut
1725 1456 1851 1496 niln‘t
1895 1454 2017 1497 inter

1116 1513 1244 1565 ipsos
1283 1514 1342 1554 ab
1387 1511 1494 1553 aliis
1541 1514 1605 1553 ad
1645 1513 1766 1555 alios
1813 1527 2016 1554 matwre

1111 1571 1288 1624 possit,
1319 1571 1403 1611 sed
1429 1571 1606 1623 partim
1638 1571 1867 1625 obliquos,
1894 1585 2011 1624 par-

1119 1627 1205 1667 tim
1241 1627 1394 1687 ‘etiam
1429 1629 1654 1668 adversos
1693 1635 1825 1669 stare
1868 1630 2015 1671 nolas.

1116 1682 1340 1726 Nimirum
1360 1684 1531 1738 obliqui
1545 1682 1749 1738 (Graecis
1771 1688 2015 1740 περίοικοι)

1117 1740 1427 1797 adpellantur,
1469 1740 1546 1797 qui
1579 1741 1623 1782 in
1659 1741 1822 1784 eodem
1858 1742 2012 1785 latitu-

1116 1798 1233 1841 dinis
1275 1798 1596 1855 geographicae
1637 1798 1776 1855 gradu
1823 1798 2013 1842 dimidio

1116 1854 1291 1898 circulo
1336 1872 1359 1898 a
1396 1872 1441 1897 se
1476 1855 1639 1897 distant
1673 1855 1875 1913 adeoque
1907 1857 2014 1901 anni

1113 1920 1399 1970 tempestates
1426 1912 1667 1957 nobiscum
1700 1914 1903 1963 easdem,
1935 1914 2015 1956 ho·

1114 1986 1186 2012 ras
1220 1971 1448 2027 oppositas
1486 1969 1675 2021 habent·,
1716 1972 1879 2013 aversi
1907 1969 2016 2024 (ἅν-

1113 2044 1259 2071 ῖοικοι
1281 2044 1315 2069 s.
1341 2024 1611 2087 ἄντωμοι).
1628 2027 1705 2084 qui
1731 2029 1891 2071 eodem
1918 2046 1931 2070 t
1951 2030 2014 2072 ui-

1114 2087 1215 2129 dem
1254 2084 1529 2136 meridiano,
1585 2086 1662 2127 s'ed
1705 2086 1887 2130 alterius
1930 2047 2011 2129 lie-

1110 2142 1366 2201 niisphaerii
1411 2142 1599 2186 subiecti
1639 2142 1879 2187 nobiscum
1915 2161 2011 2190 eas-

1116 2201 1220 2243 dem
1272 2199 1433 2250 horas,
1495 2201 1570 2243 sed
1623 2201 1850 2258 oppositas
1907 2203 2012 2248 anni

1112 2267 1397 2316 tempestates
1431 2257 1622 2310 habent3
1663 2259 1853 2302 adversi
1882 2259 2010 2304 deni-

1113 2333 1199 2374 que
1226 2314 1529 2371 (ἀντίποδες),
1564 2316 1646 2372 qui.
1675 2317 1732 2358 ita
1758 2324 1902 2359 terrae
1935 2316 2010 2360 in-

1112 2374 1300 2422 sistunt,
1336 2381 1385 2415 ut
1416 2373 1594 2430 vestigia
1624 2373 1708 2416 sibi
1744 2373 1834 2416 sint
1869 2390 2009 2432 oppo-

1112 2432 1209 2475 sita.
1289 2431 1355 2477 cf.
1382 2431 1517 2475 Frid.
1543 2432 1699 2480 Bleza,
1743 2431 2006 2475 Commeat.

1112 2493 1170 2532 de
1200 2491 1380 2532 ambita
1409 2497 1588 2538 terrae,
1618 2490 1678 2529 ab
1699 2488 2009 2532 Eratosthene

1112 2555 1156 2589 et
1179 2547 1432 2588 Posidonio
1466 2546 1660 2587 diversis
1690 2547 1900 2596 numeris
1930 2550 2008 2589 de-

1098 2605 1254 2661 finito,
1276 2603 1504 2645 Nordhus.
1522 2603 1646 2646 1830.
1668 2619 1711 2660 p.
1725 2603 1764 2645 5.
1786 2604 1827 2646 8.
1871 2604 2006 2648 Adde

1112 2661 1206 2704 Cic.
1231 2661 1292 2715 Q.
1319 2660 1464 2704 Aead.
1495 2660 1536 2710 2,
1556 2659 1629 2703 39.
1667 2661 1834 2704 Dicitis
1860 2662 2006 2704 etiam

1110 2733 1210 2761 esse
1245 2734 1268 2760 e
1299 2719 1485 2771 regione
1514 2719 1670 2767 nobis,
1702 2734 1726 2760 e
1764 2721 2006 2762 contraria

1106 2784 1252 2830 parte
1285 2783 1465 2826 terrae,
1507 2778 1588 2831 qui
1620 2779 1833 2819 adversis
1872 2779 2007 2818 vesti·

1106 2834 1189 2888 giis
1222 2841 1347 2875 stent
1387 2841 1550 2876 contra
1586 2842 1754 2876 nostra
1790 2834 2007 2889 vestigia,

1109 2903 1223 2946 quos
1249 2891 1494 2943 antipodes
1518 2892 1710 2934 vocatis.
1773 2892 1866 2934 lam
1903 2891 2005 2947 quia

1110 2953 1340 2989 aduersus
1367 2947 1578 2990 Oceanus
1603 2948 1691 2991 hoc
1717 2948 1821 2992 loco
1845 2948 2005 3006 hyper-

1109 3006 1257 3048 bolice
1290 3005 1456 3048 dieitur
1494 3011 1616 3049 (nam
1648 3022 1801 3048 revera
1826 3010 2002 3048 adver-

1108 3078 1187 3105 sus
1214 3062 1424 3105 Oceanus
1449 3062 1524 3104 ille
1556 3080 1650 3106 non
1680 3067 1785 3120 est),
1821 3064 2004 3106 Tacitus

1108 3119 1356 3177 praemittit
1385 3122 1543 3162 verba:
1589 3129 1728 3176 utque
1759 3122 1827 3164 sic
1860 3122 2004 3163 ‹lixe-

1107 3180 1218 3220 rim.
1267 3177 1468 3220 Probent
1496 3194 1672 3220 mecum
1692 3179 1912 3221 Pichenae
1937 3179 2003 3220 in-

1109 3235 1473 3293 terpretationem
1504 3235 1870 3285 Sta-o1nbeckius,
1904 3236 2006 3278 Pas-

1108 3292 1285 3340 sevius,
1328 3291 1556 3341 ofellius,
1604 3294 1784 3336 Hessius
1823 3292 2001 3351 aliique.

1108 3348 1197 3398 Ah'i
1223 3348 1497 3394 vocabulum
1519 3355 1750 3393 adversus
1783 3349 2004 3407 explicant

1110 3406 1165 3449 de
1207 3407 1510 3450 incommodis
1545 3417 1586 3450 et
1623 3409 1830 3465 periculis
1868 3408 2001 3451 navi-

1110 3465 1299 3519 gationis
1328 3465 1735 3518 (manassae-bend,
1767 3466 2001 3508 umm'rtlt-

1110 3522 1196 3564 licta
1214 3554 1223 3569 ‚
1256 3524 1408 3565 Ludeu
1430 3523 1592 3565 (ie-sch.
1616 3527 1662 3565 d.
1687 3532 1719 3565 t..
1738 3524 1795 3566 V.
1821 3522 2001 3565 'l'onnh

1112 3596 1154 3637 p.
1183 3583 1252 3623 12.
1314 3581 1371 3622 cl.
1390 3580 1581 3623 Seebod.
1609 3581 1721 3624 b‘ibl.
1748 3579 1847 3624 crit.
1877 3580 2001 3624 1825.
