2150 4022
396 262 641 330 IULII
672 262 998 327 AGRIC.
1036 262 1274 323 VITA
1330 263 1527 331 GAP.
1561 268 1619 332 4.
1652 268 1712 331 5.

1863 276 1981 334 119

127 402 329 459 dentia-
379 397 582 455 matris
631 397 936 453 incensum
983 416 1050 451 ac
1096 395 1442 467 flagrantem
1491 398 1757 462 animum
1779 443 1788 451 ..
1809 422 1976 460 coer..
2026 411 2062 428 *s

124 488 349 545 cuisset.

435 482 672 540 Scilicet
708 482 958 538 sublime
993 491 1051 537 et
1075 491 1332 536 erectum
1367 483 1681 556 ingenium
1709 483 1979 560 pulchri-

122 572 387 630 tudinem
427 588 493 624 ac
533 568 783 643 speciem
836 567 1091 622 excelsae
1142 583 1505 643 magnaeque
1541 570 1759 642 gloriae
1798 567 1977 630 vehe-

121 655 376 712 mentius
405 673 583 729 quam
620 663 784 709 caute
819 651 1145 729 adpetebat.

1230 669 1366 706 mox
1401 654 1691 727 mitigavit
1728 658 1878 714 ratio
1919 670 1976 717 et
2036 660 2039 665 ’

117 753 301 797 aetas:
345 738 736 814 retinuitque,
780 739 942 814 quod
979 748 1064 793 est
1099 734 1518 794 difficillimum
1559 759 1628 797 ex
1665 742 1971 817 sapientia,

117 827 379 882 modum.

283 909 359 969 V.
444 907 645 964 Prima
683 919 1006 964 castrorum
1034 897 1371 963 rudimenta
1396 906 1461 965 in
1485 906 1796 968 Britannia
1821 912 1969 971 Sue-

115 995 280 1053 tonio
316 993 593 1052 Paullino
633 992 906 1067 diligenti
952 1013 1019 1049 ac
1061 992 1368 1050 moderato
1409 993 1546 1050 duci
1592 996 1966 1070 adprobavit:

111 1251 212 1287 ante
243 1245 296 1286 ni
320 1243 438 1286 idem
473 1242 914 1292 sententiaerhiatuffi
944 1239 999 1282 de

110 1317 203 1358 quo
236 1301 409 1357 saepius
434 1301 638 1346 diximus.
714 1301 777 1346 cf.
810 1308 909 1342 not.
943 1297 999 1340 ad

109 1361 199 1402 An.
226 1359 264 1407 1,
287 1358 358 1401 35.
402 1358 444 1407 2,
467 1360 535 1401 10.
557 1359 633 1400 22.
654 1358 728 1400 45.
767 1358 807 1408 4,
831 1357 901 1399 30.
925 1355 997 1399 64.

107 1416 148 1466 6,
171 1415 214 1459 3.
239 1416 302 1466 9.,
338 1424 381 1458 et
402 1416 523 1458 alibi.
581 1415 762 1458 Etenim
785 1413 997 1472 Agricola

105 1472 150 1515 in
173 1473 317 1530 prima
341 1473 523 1517 iuventa
548 1472 636 1515 iam
663 1480 871 1530 coeperat
892 1470 996 1515 hau-

103 1529 219 1581 rire,
259 1538 300 1572 et
333 1545 472 1587 porro
508 1531 642 1574 etiam
674 1530 913 1581 hausisset,
947 1527 996 1570 ni

106 1595 193 1630 etc.

94 1683 99 1691 J
156 1645 413 1699 prudentia
437 1646 627 1688 matris.
677 1643 856 1687 Eadem
879 1659 991 1701 pru-

103 1702 251 1745 dentia
274 1702 360 1745 suit
379 1702 571 1744 Neronis
596 1703 742 1744 matri.
804 1700 863 1745 cf.
884 1700 992 1743 Sue-

101 1767 196 1802 ton.
218 1757 324 1802 Ner.
346 1775 386 1802 c.
410 1761 481 1804 52.
507 1777 539 1802 a
563 1761 854 1813 philosophia
884 1773 992 1800 eum

101 1824 259 1859 mater
298 1819 494 1871 avertit,
547 1831 745 1859 monens
779 1817 988 1869 impera-

101 1882 208 1916 turo
231 1876 520 1916 contrariam
546 1889 666 1917 esse.

155 1939 373 1974 erectum.
435 1931 512 1974 Sic
532 1931 634 1974 edd.
659 1931 779 1987 Lips.
801 1946 900 1989 sqq.
928 1959 988 1967 —

99 1996 275 2030 rectum
297 1987 398 2032 edd.
424 1988 527 2031 Put.
551 2004 621 2046 pr.
648 1990 716 2031 M.
740 1997 782 2033 et
805 1989 861 2032 V.
884 2004 983 2055 sqq.

95 2045 153 2088 ad
183 2045 398 2102 Lipsium.
479 2047 550 2088 De
587 2046 720 2090 codd.
757 2044 891 2089 MSS.
924 2054 984 2088 lta

97 2111 268 2151 tacent,
301 2110 347 2144 ut
374 2102 570 2146 videatur
591 2105 735 2147 inesse
761 2111 982 2154 erectum,

93 2159 150 2259 ‹Sle
194 2176 283 2218 quo
314 2160 534 2204 vocabulo
578 2160 636 2206 cf.
671 2170 768 2205 not.
808 2161 863 2204 ad
897 2162 982 2203 An.

122 2248 136 2266 ‚
156 2218 203 2262 7.

100 2319 101 2322 ,
151 2278 364 2318 excelsae
394 2290 701 2330 magnaeque.
764 2274 865 2318 MS.
891 2274 980 2318 Va-

93 2333 170 2376 tie.
207 2332 334 2389 3429.
370 2341 412 2374 et
457 2333 557 2376 edd.
592 2332 777 2377 Becker.
810 2332 979 2375 Hertel.

93 2404 300 2443 magnae
320 2392 639 2445 excelsaeque.
699 2390 787 2433 Sed
812 2398 981 2432 veteres

94 2447 311 2489 editiones
345 2455 387 2488 et
418 2446 522 2489 MS.
562 2446 707 2491 vatic.
743 2446 872 2491 4498.
925 2447 979 2499 (si

92 2513 159 2547 est
194 2503 304 2548 fides
337 2503 538 2546 habenda
562 2503 756 2546 Broterii
784 2503 981 2560 silentio)

92 2561 319 2618 vulgatum
347 2561 588 2604 verborum
624 2560 828 2605 ordinem
855 2570 980 2604 tuen-

91 2627 180 2662 tur.

145 2678 456 2719 vehementius
477 2692 620 2732 quam
641 2683 792 2718 caute.
834 2672 978 2718 Wal-

90 2732 215 2786 chius
254 2741 585 2790 exspectaverat
626 2735 833 2788 cautius,
883 2748 976 2775 non

87 2789 290 2847 intelligo
353 2805 442 2847 quo
499 2784 613 2835 iu‘re.
707 2791 821 2833 Nam
890 2789 979 2831 hoc

88 2847 225 2890 alium
260 2847 363 2890 loco
401 2847 548 2890 induit
583 2849 812 2898 colorem,
843 2847 975 2890 dicit-

88 2920 175 2961 que
205 2903 463 2961 Agricolam
500 2905 767 2963 adpetivisse
816 2913 858 2947 et
893 2920 978 2949 ve-

87 2961 319 3005 hementer
345 2971 388 3004 et
415 2971 567 3015 caute,
597 2963 674 3005 sed
707 2963 876 3006 maiore
902 2978 978 3005 ve-

85 3018 310 3063 hementia
336 3035 471 3084 quam
492 3019 718 3063 cautione.
783 3018 976 3074 Vulgata

86 3075 411 3133 scripturazsubi
434 3075 539 3126 vult,
569 3076 697 3120 illum
710 3077 977 3135 adpetivisse

86 3133 377 3178 vehementer
391 3150 550 3191 ,neque
577 3150 680 3176 vero
706 3143 849 3178 caute.
911 3133 972 3177 cf.

86 3199 182 3234 not.
205 3190 259 3232 ad
288 3192 376 3233 An.
398 3189 439 3239 3,
467 3190 532 3233 17.
565 3193 647 3234 sub
673 3207 744 3236 VV.
767 3194 974 3234 missera-

86 3250 150 3290 tio
174 3263 315 3303 quam
340 3249 512 3290 invidia
541 3250 744 3292 valebat.

142 3319 207 3348 ex
226 3306 483 3359 sapientia,
519 3309 725 3350 modum.
797 3303 974 3362 Lipsius

87 3360 338 3419 planiorem
374 3363 562 3405 reddere
591 3361 975 3406 locumstudebat
1005 3402 1008 3403 γ

88 3417 412 3463 coniectando:
472 3428 515 3461 et
561 3419 819 3473 sapientiae
868 3434 973 3462 mo-

87 3477 224 3530 dum,
281 3478 401 3533 quod
443 3477 717 3534 probabatur
749 3475 976 3527 Ernestio,

91 3547 184 3574 non
232 3531 291 3576 ita
346 3533 978 3582 recentioribuseditoribus,

89 3588 165 3647 qui
200 3597 319 3635 recte
346 3590 595 3635 defendunt
618 3588 841 3648 vulgatam
869 3589 976 3634 scri·

1072 1246 1275 1296 pturam,
1312 1237 1492 1283 diverso
1525 1248 1676 1285 tamen
1711 1260 1846 1288 sensu
1884 1240 1964 1291 ae*—

1072 1295 1261 1355 ci'piunt.
1320 1295 1578 1342 Dronkius:
1619 1299 1721 1349 „Ex
1749 1303 1845 1347 acri
1870 1303 1963 1362 phi·

1071 1352 1314 1410 losophiae
1339 1354 1489 1398 studio
1530 1358 1820 1417 perfectaque
1865 1362 1960 1406 eius

1070 1409 1332 1468 cognitione
1385 1412 1430 1455 id
1479 1413 1692 1471 Agricola
1753 1418 1961 1467 retinuit,

1070 1477 1118 1510 ut
1153 1483 1348 1524 aequum
1383 1469 1586 1513 animum
1617 1481 1658 1516 et
1690 1490 1872 1522 auream
1900 1476 1958 1520 il-

1067 1526 1155 1568 lam
1180 1524 1533 1570 mediocritatem
1559 1539 1760 1575 servaret
1791 1549 1959 1577 secun·-

1068 1583 1177 1624 dum
1208 1582 1320 1624 illud
1352 1591 1532 1640 poetae:
1580 1586 1668 1628 Est
1705 1593 1877 1633 modus
1908 1592 1961 1634 in

1064 1642 1203 1682 rebus
1255 1643 1390 1684 etc.’.’.
1479 1641 1648 1685 Contra
1702 1644 1956 1693 Beckerus=

1064 1697 1206 1750 „Non
1243 1698 1488 1740 immodice
1522 1700 1739 1756 Agricola
1777 1720 1822 1746 sa
1857 1704 1956 1748 ien—

1064 1755 1148 1798 tiae
1173 1753 1320 1797 studio
1346 1771 1393 1797 se
1416 1755 1560 1810 dedit,
1591 1774 1677 1802 nec
1707 1758 1767 1802 ita
1801 1776 1830 1819 p
1863 1761 1953 1806 ilo-

1064 1809 1267 1865 sophiam
1298 1813 1524 1869 amplexus
1561 1823 1652 1866 est,
1682 1824 1732 1859 ut
1759 1819 1955 1864 excelsae

1061 1867 1230 1928 gloriae
1251 1869 1444 1924 speciem
1467 1869 1704 1928 appetens,
1732 1873 1954 1921 Thraseae

1060 1937 1101 1971 et
1123 1924 1317 1967 Helvidii
1343 1925 1631 1988 aliorumque
1656 1932 1870 1990 exemplo,
1894 1935 1951 1976 il.

1056 1986 1181 2028 licita
1214 1988 1390 2026 tantum
1410 1984 1674 2039 miraretur,
1699 1996 1742 2030 et
1772 2006 1855 2049 per
1876 1992 1951 2034 ab.

1055 2049 1235 2099 ruptam
1259 2042 1590 2087 contumaciam
1616 2045 1782 2089 famam
1810 2057 1852 2095 et
1879 2048 1950 2091 fa-

1054 2109 1151 2143 tum
1186 2107 1468 2153 provocaret.
1540 2100 1600 2144 cf.
1637 2118 1675 2146 c.
1703 2104 1776 2147 42.
1800 2105 1879 2149 fin.
1905 2116 1950 2151 et

1056 2159 1146 2201 An.
1171 2155 1213 2202 4,
1235 2154 1348 2201 20.’'
1417 2156 1480 2199 At
1507 2158 1635 2202 verba
1657 2176 1750 2203 non
1774 2162 1949 2220 patiun-

1055 2225 1153 2267 tur,
1195 2226 1244 2261 ut
1278 2229 1343 2257 ex
1377 2216 1610 2269 sapiencia
1644 2221 1837 2261 modam
1868 2234 1948 2262 re-

1053 2275 1198 2318 tinere
1222 2275 1278 2318 sit
1301 2287 1398 2314 non
1419 2274 1663 2318 immodice
1686 2277 1947 2330 sapientiae

1053 2334 1207 2376 studio
1233 2347 1284 2375 se
1308 2333 1442 2373 dare.
1516 2330 1663 2374 Immo
1691 2337 1862 2377 modus
1885 2349 1949 2378 ex
2000 2384 2002 2386 v

1052 2389 1289 2448 sapientia
1319 2403 1414 2429 non
1440 2395 1589 2444 potest
1619 2405 1712 2432 esse
1736 2389 1820 2433 nisi
1841 2408 1946 2434 mo«

1054 2446 1136 2490 dus
1159 2463 1182 2489 e
1205 2443 1417 2504 sapientia
1441 2442 1676 2489 oriundus.
1720 2447 1808 2490 Sed
1834 2463 1945 2505 quo·

1053 2518 1235 2561 cunque
1288 2500 1429 2545 modo
1483 2508 1692 2559 torqueas
1751 2510 1945 2552 modum

1053 2559 1182 2603 illum
1225 2575 1288 2603 ex
1331 2559 1587 2614 sapientia,
1646 2560 1835 2610 obscura
1880 2572 1946 2607 est

1051 2617 1288 2669 sententia,
1329 2614 1465 2659 dictio
1493 2631 1586 2658 non
1617 2618 1718 2673 satis
1744 2619 1942 2678 elegans.

1053 2673 1207 2730 Quare
1246 2671 1496 2730 coniunge:
1549 2678 1673 2729 quod
1703 2684 1773 2720 est
1809 2678 1937 2735 diffi-

1050 2734 1270 2774 cillae'mum
1306 2745 1369 2774 ex
1399 2731 1654 2783 sapientia,
1687 2732 1733 2777 h.
1758 2749 1796 2776 e.
1827 2751 1941 2792 quae

1050 2799 1114 2833 est
1146 2789 1351 2832 omnium
1386 2803 1538 2829 rerum
1578 2788 1633 2830 ad
1675 2793 1937 2850 sapientiam

1048 2846 1370 2906 pertinentium
1398 2843 1678 2890 difficillima.
1740 2849 1934 2892 Modum

1048 2903 1247 2959 intellige
1284 2901 1479 2946 excelsae
1513 2918 1792 2963 magnaeque
1834 2906 1936 2965 glo-

1049 2963 1140 3004 riae
1164 2960 1454 3017 adpetendae.
1510 2959 1583 3002 De
1608 2964 1746 3005 modo
1768 2963 1815 3005 in
1839 2973 1939 3007 stu-

1048 3020 1123 3062 dio
1151 3015 1454 3076 philosophiae
1477 3016 1730 3062 adhibendo
1751 3020 1825 3065 hie
1844 3037 1937 3065 non

1048 3085 1111 3119 est
1151 3089 1319 3119 sermo.
1402 3071 1549 3117 Immo
1596 3078 1808 3121 sententia
1848 3087 1941 3122 ests

1046 3134 1157 3176 ratio
1185 3141 1226 3175 et
1247 3141 1365 3174 aetas
1390 3131 1608 3188 mitigavit
1630 3133 1936 3178 vehementem

1046 3190 1170 3232 illam
1216 3187 1386 3246 gloriae
1424 3188 1739 3245 cupiditatem,
1794 3201 1835 3234 et
1877 3192 1936 3236 ita

1045 3246 1286 3306 Agricolae
1326 3254 1476 3306 parata
1519 3255 1582 3288 est
1626 3249 1798 3305 sapiens
1841 3265 1937 3292 mo-

1047 3304 1236 3349 deratio,
1290 3318 1428 3360 quare
1454 3317 1550 3345 non
1575 3303 1741 3347 frustra
1764 3306 1939 3350 videtur

1047 3360 1284 3418 sapientiae
1308 3376 1489 3419 operam
1516 3359 1710 3404 dedisse:
1742 3379 1844 3405 nam
1866 3379 1934 3406 ea·

1050 3418 1152 3460 dem
1185 3416 1436 3462 moderatio
1463 3424 1526 3460 est
1550 3419 1788 3476 sapientiae
1813 3420 1934 3463 diffi-

1051 3473 1287 3519 cillimum.

1106 3532 1219 3577 CAP.
1252 3534 1295 3578 5.
1378 3534 1672 3587 adprobavit.
1750 3533 1808 3579 cf.
1844 3537 1936 3579 An.

1052 3589 1119 3640 15,
1150 3590 1220 3636 59.
1257 3593 1372 3635 dum
1414 3592 1506 3645 ipse
1549 3589 1808 3635 maioribus
1849 3623 1862 3637 .
1889 3626 1901 3637 .
1926 3624 1938 3638 .
