2150 4022
221 235 355 351 3316
730 280 854 369 nn
908 279 1591 346 oRAT-omnos

229 415 559 477 Corvinum
609 414 878 493 insequi,
944 413 1254 493 quianon
1299 434 1408 491 per
1456 414 1651 492 ipsum
1696 414 1852 473 stetit
1868 459 1886 485 ‚
1950 430 2071 493 quo

228 502 429 559 minus
471 499 756 557 laetitiam
804 499 1176 577 nitoremque
1220 511 1558 558 nostrorum
1601 510 1941 577 temporum
1968 518 2072 579 eat-5

226 587 534 663 primeret:
587 584 909 653 viderimus
926 621 943 655 3
997 585 1062 641 in
1100 580 1389 662 quantum
1425 585 1644 643 iudicio
1683 586 1807 644 eius
1844 585 1936 643 vis
1969 597 2072 644 aut

226 671 413 728 animi
441 681 540 728 aut
565 670 791 745 ingenii
818 669 1128 730 suffecerit.
1191 723 1195 727 ,
1769 696 1771 699 ·

393 777 593 840 XXII.
637 775 735 837 Ad
750 767 1096 838 Ciceronem
1121 777 1328 848 venio,
1373 778 1469 836 cui
1491 780 1691 837 eadem
1713 799 1910 857 pugna
1936 782 2071 837 cum

225 858 570 944 aequalibus
590 865 709 922 suis
733 865 873 937 fuit,
917 885 1066 943 quae
1091 859 1244 920 mihi
1265 863 1570 922 vobiscum
1594 875 1697 926 est.
1752 918 1755 922 .
1781 865 1875 922 illi
1909 865 2070 921 enim

224 951 501 1030 antiquos
535 950 933 1022 mirabantur3
987 950 1111 1026 ipse
1148 969 1390 1006 suorum
1427 959 1758 1026 temporum
1785 950 2071 1028 eloquen-

223 1037 368 1095 tiam
418 1037 838 1112 anteponebat:
903 1056 1012 1092 nec
1060 1035 1182 1092 ulla
1228 1054 1291 1091 re
1329 1035 1515 1108 magis
1561 1035 1822 1092 eiusdem
1866 1035 2071 1093 aetatis

222 1133 485 1180 oratores
511 1122 867 1197 praecurrit,
911 1140 1088 1198 quam
1117 1119 1360 1182 iudicio,
1443 1119 1670 1196 primus
1706 1121 1865 1177 enim
1900 1139 2070 1179 exco-

222 1207 338 1266 luit
366 1207 726 1278 orationem‚
779 1207 1006 1283 primus
1044 1216 1100 1264 et
1136 1206 1335 1264 verbis
1373 1205 1666 1269 delectum
1702 1201 1977 1265 adhibuit
2013 1199 2071 1263 et

219 1422 484 1481 sanguinem
511 1420 748 1466 referenda
777 1428 898 1466 sunt.
958 1421 1112 1479 Quare

218 1480 342 1524 idem
364 1478 540 1538 Lipsius
565 1487 607 1522 et
635 1478 716 1524 rel.
741 1487 862 1523 recte
894 1480 1112 1523 emenda-

218 1545 389 1583 verunt
433 1540 618 1587 decore,
667 1536 790 1593 quod
833 1537 1113 1596 aliquatenus

218 1595 424 1639 firmatur
449 1594 550 1638 MS.
571 1593 718 1639 vatic.
741 1596 868 1638 1518.
882 1609 895 1651 ¹,
939 1596 987 1638 in
1021 1609 1111 1652 quo

218 1657 436 1696 decorum
448 1651 679 1695 Broterius
690 1653 906 1712 repperit.
938 1651 1113 1696 Omnes

218 1710 322 1812 Edd.
362 1709 563 1770 reliquae
605 1713 746 1754 decor
785 1726 954 1755 comm.
987 1725 1111 1769 prae·

253 1776 346 1814 ent.

278 1851 544 1898 Corvinum.

219 1925 353 1954 num.

621 1852 726 1897 MS.
763 1851 904 1910 Neap,
947 1851 1111 1895 Curvi-

273 2010 386 2069 'quia
405 2025 506 2055 non
522 2024 609 2066 per
629 2011 788 2067 ipsum
809 2010 959 2054 stetit.
997 2007 1111 2053 Cor·

214 2077 347 2128 rupta
367 2078 473 2114 sunt
493 2068 631 2115 verba
653 2069 703 2111 in
723 2068 792 2111 ed.
817 2067 962 2125 Spin,
992 2081 1105 2166 [lime

248 2128 328 2170 uia
357 2138 507 2179 nuper
540 2127 692 2183 ipsum
726 2127 871 2168 sentit
908 2141 1011 2183 prae
1046 2131 1104 2171 et,

212 2143 490 2229 ssuteolanus
519 2182 778 2228 emendavit
800 2182 955 2229 verba.
1016 2181 1105 2224 Ea-

217 2242 321 2286 dem
336 2249 562 2286 structura
576 2241 696 2300 apud
709 2238 918 2300 Plin.Ep.
929 2239 971 2289 6,
984 2238 1053 2290 34,
1064 2237 1106 2282 3.

215 2303 339 2357 quod
375 2314 464 2356 quo
503 2301 658 2345 minus
696 2299 937 2343 exhiberes
951 2329 965 2354 ‚
1009 2309 1105 2340 non

208 2373 301 2415 per
323 2365 369 2401 te
389 2357 539 2403 stetit.

274 2460 550 2507 viderimus,
602 2457 649 2498 in
682 2461 911 2512 quantum
943 2454 1108 2498 iudicio

215 2518 317 2561 eius
345 2518 414 2559 vis
436 2524 521 2559 aut
544 2515 694 2557 animi
713 2520 800 2556 aut
821 2513 993 2569 ingenii
1011 2511 1107 2568 suf·

201 2571 390 2633 fecerit.
453 2572 531 2617 Sic
551 2570 727 2636 Lipsius
753 2571 993 2629 legendum
1029 2586 1107 2628 pu·

214 2633 349 2684 tavit,
411 2640 455 2674 et
503 2630 801 2674 confirmatur
849 2630 1108 2672 coniectura

208 2687 382 2734 'summi
418 2687 500 2731 viri
535 2704 583 2731 ex
604 2687 707 2731 MS.
728 2686 897 2744 Neap.,
940 2686 986 2729 in
1018 2700 1107 2741 quo

190 2756 260 2791 ‘et
302 2747 558 2790 viderimus
602 2755 644 2788 et
687 2744 912 2799 suffecerit
959 2749 1109 2793 exstat,

215 2805 292 2848 sed
311 2805 360 2847 in
383 2809 614 2860 quantum
635 2810 678 2846 et
699 2805 790 2856 vis,
824 2801 870 2844 ni
891 2800 1024 2844 fallor
1048 2800 1106 2841 ob

214 2862 486 2921 praecedens
501 2861 608 2911 eius,
626 2861 839 2903 omissum
854 2866 931 2902 est.
962 2856 1106 2911 [Idem

218 2921 274 2963 de
299 2920 433 2963 Farn.
458 2917 558 2962 cod.
584 2919 617 2961 l.
643 2917 834 2961 Bekker.
865 2915 1106 2966 adfirmat]

214 2978 388 3021 Mirum
422 2975 469 3018 in
497 2976 683 3018 modum
708 2975 962 3032 discrepant
986 2971 1105 3018 edd„

214 3036 453 3095 pleraeque
489 3032 779 3075 consentiunt
821 3033 893 3075 int
944 3030 1107 3073 videri·

214 3107 322 3137 mus
362 3094 552 3146 inquam
589 3091 755 3132 iudicio
789 3091 886 3131 eius
921 3090 988 3130 vis
1023 3093 1107 3127 aut

215 3149 369 3195 animi
396 3154 481 3191 aut
502 3148 678 3199 ingenii
698 3147 952 3204 sufficeret,
995 3158 1107 3201 quae

216 3207 392 3267 Lipsius
429 3207 476 3247 in
513 3204 613 3247 edd.
647 3205 970 3262 posterioribus
1006 3215 1105 3243 eor·

216 3266 356 3311 rexit:
390 3264 663 3315 viderimus,
701 3264 918 3317 inquam,
953 3275 1017 3303 an
1041 3259 1105 3300 iu-

214 3324 337 3367 dicio
381 3324 479 3364 eius
524 3320 590 3360 vis
633 3321 782 3361 animi
818 3328 902 3361 aut
936 3315 1110 3372 ingenii

214 3380 465 3436 suffecerit5
493 3370 705 3419 Pithoeus
730 3377 942 3420 malebat:
979 3377 1107 3416 uide-

214 3443 364 3484 rimus
378 3470 391 3491 ,
433 3451 548 3478 num
578 3433 675 3476 iud.
708 3435 803 3475 eius
827 3433 897 3475 vis
920 3440 1003 3475 auc
1025 3445 1106 3474 an.

214 3505 300 3541 aut
320 3500 411 3550 ing.
434 3493 692 3547 suffecerit,-
721 3490 940 3535 Ursinus:
977 3490 1106 3531 vide-

214 3557 380 3607 rimus,
420 3566 485 3594 an
503 3549 721 3592 iudicium
745 3547 846 3591 eius
867 3550 934 3591 vis
955 3545 1111 3589 anirm'

215 3620 301 3658 etue
346 3608 517 3664 ingenii
555 3607 795 3663 defecerim
851 3603 1107 3650 Acidalius:

1184 1426 1229 1462 et
1267 1420 1500 1471 videmus,
1547 1419 1596 1462 in
1631 1426 1863 1476 quantum
1900 1419 2070 1463 ιἀἀίωό

1184 1477 1284 1520 eius
1315 1477 1384 1519 vis
1413 1485 1499 1519 aut
1529 1477 1685 1520 am'tni
1703 1485 1788 1520 aut
1809 1479 1906 1532 ing.
1925 1477 2070 1533 suffe·

1183 1534 1331 1585 cet-1⁰25
1387 1531 1676 1593 Schulting.=
1733 1535 1967 1586 videmus,
2021 1537 2071 1578 in

1185 1599 1415 1647 quantum
1443 1592 1664 1634 iudicium
1693 1593 1793 1636 eius
1813 1600 1859 1635 et
1879 1593 1947 1635 vis
1967 1598 2071 1635 tum

1185 1650 1339 1691 animi
1367 1656 1468 1691 tum
1497 1650 1669 1705 ingenii
1694 1649 1950 1706 suffecerim
1999 1649 2070 1696 ed.

1186 1705 1380 1762 Quintil.
1411 1706 1590 1756 Oxon.‚
1638 1723 1831 1766 quaeum
1868 1705 2071 1767 dialogus

1182 1762 1258 1807 hic
1301 1764 1571 1808 coniunctus
1616 1773 1708 1809 est:
1769 1766 1980 1808 videmus
2023 1769 2072 1811 in

1185 1828 1363 1877 quanta
1383 1823 1596 1864 iudicium
1621 1824 1720 1866 eius
1739 1830 1785 1865 et
1802 1823 1874 1866 vis
1899 1829 2002 1865 tum
2021 1841 2070 1871 a.

1184 1886 1285 1920 tum
1327 1879 1719 1934 ing.‚suffecerit;
1766 1879 1967 1924 Broter.:
2019 1884 2070 1925 in

1183 1944 1414 1992 quantum
1447 1937 1514 1980 vel
1553 1939 1739 1981 utmam
1771 1938 1938 1982 iudicio
1971 1942 2070 1984 ez'us

1183 1996 1251 2035 vis
1279 2002 1368 2036 aut
1396 2010 1442 2036 a.
1471 2002 1555 2037 aut
1585 1997 1676 2048 ing.
1709 1995 1965 2052 sufficeret,-
1992 2013 2070 2041 au·

1183 2050 1335 2094 dacius
1369 2049 1600 2108 aliquanto
1623 2052 1914 2095 Heumannus
1935 2055 2068 2098 verba

1177 2106 1243 2150 sic
1299 2107 1533 2152 constituit
1552 2125 1565 2151 ε
1646 2112 1755 2152 nolo
1813 2108 2068 2155 Corvinum

1175 2165 1378 2222 insequi:
1409 2180 1678 2222 quanquam
1693 2180 1782 2223 per
1801 2167 1956 2221 ipsum
1976 2177 2068 2213 ste-

1176 2221 1259 2274 tit,
1312 2237 1402 2278 quo
1445 2224 1600 2267 minus
1630 2255 1643 2268 .
1669 2253 1681 2268 .
1708 2257 1721 2269 .
1766 2225 2067 2279 exprimeret.

1180 2278 1432 2323 Uberrime
1451 2295 1659 2337 namque
1684 2283 1849 2325 iudicio
1879 2283 1978 2328 eius
1997 2315 2009 2329 .
2025 2314 2037 2328 .
2052 2315 2065 2327 .

1176 2337 1377 2391 sqffecit,
1416 2337 1614 2396 itemque
1648 2339 1718 2383 ed.
1753 2338 1960 2396 Bipont.:
2002 2342 2068 2384 υἰ-

1177 2395 1332 2437 derint
1352 2395 1541 2447 Musae,
1581 2411 1725 2453 quam
1749 2398 1820 2442 vel
1850 2398 1901 2439 in
1923 2413 2068 2455 quan·

1179 2458 1282 2494 tum
1310 2460 1395 2496 etc.
1454 2453 1687 2498 Schulzius
1716 2462 1760 2497 et
1784 2455 1991 2501 oberlin.
2016 2473 2067 2501 ex

1179 2509 1477 2553 Freinshemii
1536 2512 1850 2557 emendatione
1906 2514 2066 2559 edide-

1178 2575 1310 2615 runtz,
1342 2569 1448 2624 quia
1467 2583 1561 2611 non
1584 2585 1671 2624 per
1700 2572 1856 2625 ipsum
1882 2576 2070 2617 stetisse

1181 2654 1303 2668 .....
1330 2627 1564 2668 videmus.-
1612 2628 1661 2669 in
1696 2637 1927 2683 quantum
1954 2633 2068 2675 iudi·

1179 2683 1247 2724 cio
1271 2683 1368 2724 eius
1390 2711 1404 2725 .
1419 2714 1430 2726 .
1446 2714 1458 2727 .
1483 2684 1682 2738 suffecit,
1715 2686 1856 2742 [quod
1875 2686 2075 2747 Ruperu—

1180 2754 1360 2797 quoque
1407 2739 1634 2797 amplexus
1684 2752 1773 2793 est,
1830 2746 2066 2802 sufficeret

1179 2805 1330 2840 tamen
1355 2797 1590 2851 retinensj.
1650 2799 1882 2845 Ernestius
1914 2802 1963 2846 in
1996 2806 2064 2847 ω’-

1177 2856 1388 2897 derimus
1429 2855 1587 2901 vitium
1633 2855 1768 2899 latere
1818 2861 2066 2918 suspicatus

1179 2920 1268 2963 est,
1308 2912 1504 2970 itemque
1525 2912 1949 2970 Rauchensteinius‚
1987 2921 2063 2978 qui

1179 2985 1230 3012 ex
1252 2985 1305 3012 eo
1329 2972 1401 3011 vel
1418 2971 1663 3022 acerriem·,
1691 2973 1908 3030 inquam,
1944 2977 2045 3020 iudi

1179 3029 1245 3069 cio
1278 3034 1351 3068 aut
1386 3027 1580 3070 nominis
1615 3030 1783 3087 proprii
1817 3031 2063 3088 genitivum

1178 3083 1449 3127 eliciendum
1484 3101 1576 3128 esse
1611 3088 1806 3144 putabat.
1867 3090 1956 3133 Alii
1979 3092 2062 3135 de·

1177 3142 1309 3196 nique
1332 3142 1581 3185 orationem
1610 3143 1859 3188 mutilatam
1880 3163 2063 3193 censue-

1176 3207 1283 3242 runt
1326 3200 1649 3258 asteriscosque
1692 3214 1964 3259 posuerunt,
2015 3218 2065 3252 ut

1176 3255 1369 3299 Seebod.
1408 3256 1580 3301 Osann.
1617 3258 1786 3308 Orell.,
1835 3262 1914 3305 sed
1955 3264 2064 3309 nihil

1177 3314 1315 3357 deest.

1234 3427 1346 3471 CAP.
1395 3429 1466 3471 22.
1549 3437 1595 3473 et
1633 3432 1787 3475 verbis
1833 3437 2089 3486 delectum„

1177 3488 1399 3529 adhibuit.
1459 3487 1573 3530 Edd.
1598 3487 1717 3545 Spir.
1733 3488 1833 3533 Put.
1851 3491 2064 3539 Rex-,Bia

1178 3544 1275 3588 Alc.
1336 3558 1398 3586 ex
1459 3546 1607 3588 verIn's
1657 3549 1883 3590 delectum
1934 3556 2059 3607 adh„

1178 3601 1299 3660 quod
1335 3617 1474 3658 quum
1506 3601 1745 3647 Rhenanus
1779 3603 1824 3648 in
1863 3608 2060 3666 scriptu-
