2150 4022
475 288 998 352 DIALOGUS.
1083 291 1284 354 CAP.
1320 291 1418 355 14.
1454 291 1548 352 15.
1802 295 1922 352 281

94 424 285 493 ωἰιίε,
325 441 475 499 quae
496 432 556 480 et
578 421 880 495 ingenium
909 421 1106 490 alunt,
1138 417 1139 421 ’
1161 433 1216 479 et
1240 421 1591 478 eruditionis
1619 433 1676 480 et
1701 420 1929 478 littera-

94 528 228 566 rum
252 506 738 564 iucundissimum
762 506 1259 566 oblectamentum
1283 527 1418 562 cum
1446 507 1614 563 vobis
1629 552 1646 576 ,
1696 506 1801 583 quai
1825 506 1929 563 illa

94 592 440 668 disputatiS,
482 593 782 659 adferunt,
835 603 964 648 tum
995 590 1168 647 etiam
1198 591 1300 660 iis,
1355 593 1426 647 ad
1469 610 1722 668 quorum
1758 611 1929 648 aures

91 677 487 753 pervenerint.
573 677 771 754 itaque
797 675 1050 732 Hercule
1087 695 1211 731 non
1247 676 1444 732 minus
1481 676 1722 751 probari
1752 674 1926 733 video

94 763 160 818 in
197 773 282 833 te,
324 760 631 833 Secunde,
675 763 835 839 quod
866 760 1003 819 Iulii
1033 756 1279 817 Asiatici
1306 761 1488 817 vitam
1517 763 1928 836 componendo

93 866 255 923 spem
303 841 647 905 hominibus
694 847 883 903 fecisti
935 846 1198 922 plurium
1267 846 1555 902 eiusmodi
1619 846 1931 916 librorum,

93 951 270 1008 quam
307 931 372 987 in
398 926 592 1008 Apro,
648 934 808 1009 quod
842 934 1112 988 nondum
1140 951 1174 986 a
1202 926 1561 987 scholasticis
1590 943 1931 989 controver-

69 1016 196 1088 siis
234 1017 472 1073 recessit
510 1028 567 1073 et
604 1019 793 1074 otium
832 1037 1002 1073 suum
1043 1016 1270 1073 mavult
1304 1036 1599 1072 novorum
1625 1011 1932 1089 rhetorum

93 1120 254 1157 more
280 1122 456 1178 quam
481 1113 746 1158 veterum
772 1113 1069 1159 oratorum
1098 1120 1458 1161 consumere.

261 1209 395 1271 XV.
449 1211 609 1270 Tum
642 1210 836 1288 Aper,
893 1210 1031 1269 Non
1066 1211 1315 1281 desinis,
1367 1209 1680 1280 Messalla,
1737 1222 1934 1269 vetera

94 1306 326 1353 tantum
354 1308 410 1354 et
436 1299 684 1375 >antiqua
717 1296 949 1367 mirari,
1001 1309 1340 1354 nostrorum
1374 1307 1566 1352 autem
1603 1308 1936 1370 temporum

95 1382 288 1438 studia
314 1381 572 1440 inridere
600 1396 773 1460 atque
799 1382 1214 1440 contemnere?
1268 1402 1403 1437 nam
1430 1377 1587 1437 hunc
1612 1392 1781 1437 tuum
1812 1401 1936 1438 ser-
2015 1447 2017 1452 ,

92 1486 330 1523 monem
357 1486 526 1544 saepe
552 1469 779 1544 excepi,
826 1489 958 1525 cum
976 1514 991 1538 ,
1036 1468 1256 1524 oblitus
1280 1478 1337 1523 et
1362 1476 1495 1522 tuae
1521 1476 1578 1522 et
1608 1466 1807 1524 fratris
1843 1467 1936 1527 tui

93 1656 170 1704 tis.
229 1656 366 1701 Recte
389 1656 508 1702 libri.
571 1657 642 1702 Cf.
667 1656 761 1701 Cic.
789 1658 844 1701 de
868 1667 980 1702 orat.

1109 1665 1209 1700 tum
1245 1657 1387 1700 etiam
1421 1655 1495 1699 iis.
1554 1655 1631 1698 Sic
1663 1654 1764 1700 MS.
1798 1655 1889 1700 Nea

93 1714 135 1764 l,
160 1715 227 1766 12,
247 1713 320 1757 54.
342 1716 706 1758 translationem
736 1717 976 1771 orationis,
1893 1672 1937 1756 εἴ

1051 1716 1152 1759 edd.
1178 1714 1283 1760 Ald.
1312 1722 1358 1756 et
1382 1729 1526 1770 nuper
1549 1712 1693 1756 Orell.
1721 1729 1804 1771 pro
1835 1730 1890 1756 vu

93 1785 213 1826 quae
245 1773 343 1815 sine
372 1772 458 1814 itta
494 1773 692 1816 scientia
729 1776 861 1816 nulla
899 1781 980 1824 est,
1079 1781 1151 1815 ato
1192 1773 1279 1815 his.
1332 1795 1388 1806 --
1459 1770 1552 1815 Pro
1591 1770 1799 1815 Secunde
1836 1772 1939 1816 MS.

91 1830 186 1871 sibi
213 1837 437 1872 assumet.
497 1829 645 1887 Vulgo
670 1831 889 1887 scriptum
915 1838 979 1873 est
1049 1790 1186 1887 §ean
1212 1831 1425 1872 seconde.
1795 1859 1797 1861 ·
1882 1863 1885 1867 .

93 1887 358 1940 adiungitis,
389 1889 540 1943 [quam
565 1886 805 1931 lectionem
828 1887 977 1932 defen·

95 1941 202 1985 dere
229 1953 426 1988 conatur
451 1945 677 2002 Rupert.].

1109 1926 1230 1969 Iulii
1246 1925 1458 1968 Asiatici.
1517 1923 1617 1967 MS.
1640 1924 1779 1984 Neap.
1807 1926 1940 1979 Juli;

150 2026 443 2069 eruditionis.
502 2027 579 2072 Sic
600 2027 857 2072 emendavit
883 2027 983 2071 Ru-

90 2081 248 2140 'd>olph.
261 2083 485 2141 Agricola,
499 2100 685 2143 eamque
701 2087 980 2130 emendatio-

93 2156 197 2183 nem
221 2146 470 2198 probarunt
482 2141 603 2199 Lips.
625 2142 887 2195 etPichena,
912 2160 979 2188 re·

93 2205 309 2256 ceperunt
356 2199 622 2255 liei-negger.
665 2216 763 2259 sqq.
802 2218 980 2250 omnes,

88 2253 311 2307 [firmavit
362 2255 464 2300 cod.
513 2257 651 2301 Farn.
699 2260 813 2316 apud
859 2259 976 2303 Bek-

93 2310 232 2366 lxer.].
272 2335 330 2343 -—
388 2315 673 2358 eruditiones
707 2315 806 2361 MS.
837 2316 976 2376 Neap-

89 2369 198 2412 edd.
229 2367 349 2427 Spir.
389 2369 491 2416 Put.
523 2370 628 2417 Riv.
659 2372 763 2416 Ber.
791 2374 892 2418 Ale.
924 2398 980 2406 —

93 2424 401 2470 eruditionem
421 2425 625 2471 Rhenan.
647 2428 756 2473 Ald.
775 2429 895 2488 Lips.
909 2430 981 2475 Pi·

93 2482 250 2526 thoeus
274 2492 315 2526 et
335 2499 478 2541 nuper
500 2483 645 2530 Orell.
671 2487 736 2539 [et
757 2486 983 2545 Rupert.]‚

95 2549 145 2583 ut
193 2540 435 2598 iungantur
488 2543 623 2587 verba
648 2559 659 2587 :
747 2542 981 2598 ingenium

94 2600 232 2641 olunt
274 2606 317 2640 et
365 2601 691 2656 eruditionem,
765 2603 981 2646 sententia

95 2654 279 2712 quidem
328 2655 468 2708 bona,
523 2659 599 2702 sed
645 2657 982 2704 adversantibus

94 2711 235 2757 libris.
294 2713 386 2756 Alii
418 2713 700 2760 coniecturas
729 2732 982 2775 proposue-

88 2777 215 2822 runt,
233 2772 507 2832 spernendas
520 2789 604 2825 eas,
626 2774 728 2832 quia
745 2775 848 2818 satis
862 2774 982 2818 bona

97 2835 162 2871 est
207 2826 430 2870 librorum
476 2830 718 2889 scriptura;
767 2831 831 2875 sic
866 2831 975 2874 Aei-

93 2883 208 2930 flat:
261 2887 496 2938 ingenium
531 2893 666 2935 alunt
704 2889 978 2943 eruditione,

97 2940 218 3000 quod
241 2957 333 2987 non
356 2942 580 3003 displicuit
601 2945 835 2998 Dronki03
862 2945 981 2990 Heu-

99 3012 252 3040 mann.
299 3007 342 3042 et
384 3001 754 3049 Sehurzsseisch.x
826 3006 979 3056 ingen.

98 3057 232 3098 alunt
259 3059 614 3112 exercitatione,
645 3071 693 3104 ut
717 3079 758 3109 e.
781 3060 854 3107 33.
877 3062 982 3120 qui*-

98 3112 183 3153 bus
225 3118 630 3161 exercitationibus
670 3120 855 3161 iuvenes
892 3149 905 3162 .
929 3150 941 3163 .
970 3149 981 3163 .

98 3171 230 3213 alere
246 3171 431 3226 ingenia
453 3189 540 3216 sua
560 3176 700 3219 solita
727 3179 836 3221 sint.

156 3269 260 3298 eum
284 3257 441 3301 vobis.
509 3273 614 3302 enm
657 3260 787 3303 omis.
845 3259 984 3305 MSS.

90 3309 239 3378 Nqap.
261 3310 466 3367 [Fann.],
506 3317 675 3360 servavi
701 3317 985 3367 vocabulum,

102 3383 204 3429 qma
229 3384 274 3414 m
298 3386 350 3413 eo
373 3372 658 3418 consentiunt
681 3374 783 3419 edd.
810 3389 982 3416 omnes.

102 3424 214 3475 [Pro
238 3427 323 3470 illa
347 3430 457 3472 cod.
482 3430 619 3473 Farn.
650 3432 748 3473 iam
781 3431 984 3473 exhibere

106 3480 292 3547 Belfker.
334 3493 541 3536 testatur,
596 3491 713 3531 unde
756 3489 856 3534 iam
904 3491 985 3529 illa

101 3540 386 3586 scribendum
448 3545 641 3588 coniecit
697 3545 987 3591 Boeuieher„

106 3614 196 3659 quo
219 3613 310 3643 uon
333 3615 443 3656 opus
469 3605 571 3654 est]
601 3631 658 3640 --

1049 1983 1255 2086 Ξόὲὲυῐ.
1281 1982 1452 2026 Asiati.
1510 1981 1581 2025 De
1605 1981 1706 2029 viro
1739 1982 1799 2028 cf.
1824 1984 1939 2032 Hist.

1079 2075 1092 2098 ,
1173 2070 1187 2085 .

1101 2137 1325 2192 plurium.
1385 2136 1463 2180 Sic
1485 2136 1629 2181 edd.S
1662 2136 1715 2183 ir.
1730 2138 1939 2185 Rhenan.

1049 2210 1099 2252 sq
1137 2225 1149 2238 ,
1204 2218 1255 2227 -
1321 2197 1580 2251 plurimum
1713 2196 1759 2240 S.
1798 2196 1938 2258 Neap-

1052 2252 1235 2309 [Farn.]
1272 2252 1373 2294 edd.
1409 2252 1512 2294 Put.
1550 2252 1654 2297 Riv.
1690 2255 1793 2299 Ber.
1825 2255 1942 2308 Alc„

1083 2326 1164 2353 uae
1213 2308 1422 2352 confusio
1465 2309 1596 2352 facile
1634 2310 1745 2353 oriri
1781 2312 1944 2370 potuit.

1051 2326 1445 2410 gehurzsseischius
1479 2368 1746 2421 plurimam
1778 2370 1862 2427 legi
1898 2371 1944 2413 ei

1051 2425 1104 2465 ad
1127 2439 1257 2478 spem
1280 2423 1435 2468 referri
1455 2424 1562 2467 vuli.
1595 2447 1652 2456 —
1709 2425 1800 2469 Pro
1830 2429 1943 2472 rhe-

1053 2487 1207 2522 torum
1229 2482 1304 2525 ed.
1328 2480 1431 2524 Put.
1458 2483 1686 2528 meorum.

1112 2578 1222 2623 CAP.
1268 2578 1336 2622 15.
1413 2580 1519 2622 Non
1563 2582 1753 2627 desinis.
1835 2581 1939 2627 MS.

1053 2635 1192 2694 Neap.
1226 2651 1368 2683 num,
1422 2637 1491 2679 ed.
1527 2637 1733 2683 Beroald.
1766 2642 1944 2686 disim's.

1053 2693 1306 2737 Universae
1325 2695 1570 2740 'sententiae
1592 2696 1815 2742 contraria
1837 2714 1942 2757 pro·

1051 2750 1139 2793 fert
1164 2750 1285 2797 Plin.
1307 2751 1387 2809 Ep.
1412 2752 1454 2805 6,
1479 2755 1551 2795 21.
1575 2752 1705 2799 inim¹
1741 2769 1845 2797 sum
1863 2760 1943 2807 'ex

1053 2809 1135 2859 iis,
1175 2808 1254 2864 qui
1283 2813 1428 2851 mirer
1456 2811 1674 2865 antiquos
1690 2826 1716 2854 .·-
1743 2818 1843 2857 non*
1863 2820 1940 2856 'ta-

1053 2879 1162 2908 men
1185 2895 1198 2913 ,
1272 2873 1323 2910 ut
1380 2868 1571 2922 quidam
1591 2900 1606 2919 ,
1638 2870 1642 2876 '
1677 2875 1942 2924 temporum

1048 2931 1328 2968 nostrorum
1350 2925 1537 2977 ingenia
1560 2927 1771 2979 despicio.

1097 3023 1276 3078 fratris
1315 3025 1398 3067 tui.
1470 3022 1674 3080 intellige
1703 3021 1941 3083 Aquilium

1051 3079 1302 3138 Regulum,
1326 3082 1452 3125 cuius
1474 3097 1624 3125 mores
1648 3088 1691 3123 et
1712 3079 1830 3125 facta
1851 3098 1940 3125 sae·

1048 3139 1152 3198 ,pius
1175 3148 1584 3182 commemoramur
1605 3137 1653 3182 in
1667 3137 1786 3184 Plin.
1802 3137 1942 3196 Epist.

1058 3204 1095 3247 1,
1131 3196 1171 3239 5.
1208 3198 1356 3246 2⁴20.
1400 3195 1443 3247 4,
1468 3198 1510 3240 2.
1547 3203 1590 3239 et
1623 3195 1666 3239 7.
1702 3195 1748 3246 »6.
1780 3196 1849 3247 2..
1893 3204 1943 3240 ut

1054 3261 1174 3297 reete
1207 3254 1454 3311 suspicatus
1490 3261 1554 3297 est
1574 3252 1746 3309 Lipsius
1771 3268 1822 3294 ex
1847 3253 1940 3297 Ta·-

1056 3311 1134 3355 cit.
1168 3310 1279 3355 Hist.
1302 3313 1346 3364 4,
1365 3311 1440 3358 42.
1465 3326 1478 3354 ε
1519 3323 1746 3363 magnam
1775 3324 1830 3351 eo
1865 3311 1942 3355 die

1051 3369 1241 3423 pietatis
1309 3367 1681 3424 eloquentiaeque
1743 3366 1943 3425 samnm

1057 3427 1313 3478 Vipstanus
1349 3426 1575 3471 Messalla
1620 3427 1821 3477 adeptus
1859 3431 1944 3476 est,

1055 3486 1268 3526 nondum
1312 3484 1551 3527 senatoria
1594 3487 1753 3525 aetate
1797 3496 1942 3527 ausus

1052 3539 1328 3608 prosi-atre
1356 3538 1544 3596 Aquilio
1568 3538 1746 3596 Regulo
1775 3542 1941 3594 depre-

1055 3611 1173 3642 Oarl·
1450 3614 1466 3621 ”
1561 3634 1564 3637 -
