2150 4022
187 267 273 328 94

184 416 320 456 raro
374 395 553 452 armis
606 394 852 466 nostriS,

184 482 383 539 minus
426 481 646 540 valent.

533 266 600 328 C.
655 255 1699 353 CORNELIUS'TACITUS

938 390 1168 470 sae'pius
1220 397 1474 472 pecunia
1536 397 1845 471 iuvantur,
1916 401 2054 460 >nec'

350 591 572 684 XLIlI.
668 621 856 681 Retro
917 619 1248 696 Marsigni,
1321 602 1566 693 Gotini,
1649 623 1789 698 Osi,
1858 584 2043 707 :Bm-ii..

184 726 346 786 terga
383 709 910 777 Marcomanorum
947 703 1416 784 Quadorumque
1454 710 1755 771 claudunt.

1841 715 2042 792 equi-

184 800 297 855 bus
333 794 628 868 Marsigni
679 805 736 851 et
765 791 940 854 Burii
957 812 1251 849 --sermone
1304 794 1583 871 cultuque
1621 794 1846 873 Suevos
1887 801 2042 857 refe-

183 894 343 940 runt.

243 1249 359 1280 raro
380 1234 531 1277 armis
628 1231 872 1273 iuvantur.
920 1227 1075 1272 Exem-

183 1294 310 1353 plum
346 1299 410 1336 est
441 1290 559 1349 apud
599 1287 766 1346 Xiphil.
794 1286 863 1336 67,
888 1284 958 1338 5.,
998 1286 1077 1329 ubi

187 1351 504 1397 Chariomerus
518 1363 593 1390 rex
605 1345 955 1395 Cheruscorum,
969 1360 1074 1387 cum

184 1428 208 1455 a
231 1407 496 1456 Domitiano
517 1404 677 1449 auxilia
699 1401 907 1461 petisset:
952 1415 1076 1458 συμ-

180 1469 355 1527 μαχίας
391 1464 482 1524 μὲν
522 1460 608 1512 οὐκ
652 1461 810 1518 ἔτυχε,
856 1457 1075 1519 χρήματα

185 1526 237 1571 δὲ
259 1526 410 1580 ἔλαβε.
843 1543 849 1550 s

241 1657 324 1686 nec
356 1640 513 1683 minus
546 1638 720 1680 valent.
804 1632 922 1676 Edd.
956 1631 1077 1691 Spir.

183 1699 317 1746 Kath.
349 1698 454 1742 Put.
486 1694 554 1737 M.
589 1702 632 1737 et
653 1692 711 1737 V.
734 1691 942 1735 Beroald.
978 1706 1077 1748 sqq.

182 1759 293 1803 haec
323 1757 457 1799 verba
481 1751 662 1795 trahunt
685 1751 738 1793 ad
765 1748 1079 1815 sequentiaat*

184 1832 272 1874 que
314 1814 430 1857 hanc
472 1818 689 1867 usurpant
743 1809 1076 1864 interpunctio-

182 1888 314 1917 nem:
349 1872 585 1913 iuvantur.
627 1869 723 1910 Neo
744 1869 899 1908 minus
920 1866 1077 1905 valent

184 1939 313 1976 retro
356 1925 584 1979 Marsigni
609 1957 621 1979 ‚
646 1956 656 1967 .
681 1955 693 1968 .
728 1924 886 1967 Burii.
945 1929 1078 1975 terga

182 1989 604 2033 Marcomanorum
633 2014 644 2026 .
671 2013 683 2025 .
709 2013 718 2023 .
756 1983 993 2022 claudunt.
1053 1993 1078 2020 e

183 2047 348 2104 quibus
373 2053 457 2087 etc.
530 2039 620 2083 Sed
651 2039 754 2097 quia
779 2037 936 2080 Gotini
968 2035 1075 2080 Osi-

184 2121 273 2162 que
314 2119 414 2147 mox
456 2098 671 2142 dicuntur
708 2097 872 2139 tributa
918 2094 1008 2153 pati
1052 2110 1089 2136 av

184 2160 399 2208 Sarmatis
435 2166 479 2201 et
509 2153 684 2211 Quadis
715 2153 950 2211 imposita,
1005 2151 1077 2196 vix

184 2220 273 2264 diei
298 2223 506 2278 poterant
530 2212 666 2255 iidem
688 2228 782 2255 non
812 2211 962 2253 minus
991 2225 1074 2254 va-

183 2280 277 2322 lere
309 2291 445 2334 quam
479 2269 647 2328 Quadi.
736 2268 891 2324 Quare
925 2265 1073 2310 Lalle-

183 2335 376 2381 maudus
399 2331 504 2374 loco
529 2327 796 2372 medebatur
818 2324 961 2370 deleta
978 2340 1076 2383 par-

183 2393 321 2438 ticula
361 2405 462 2432 nec.
534 2385 708 2439 >Lenior
742 2392 786 2428 et
823 2383 970 2441 aptior
1011 2389 1078 2424 est

183 2449 432 2496 medicina,
462 2455 598 2502 quam
625 2441 864 2491 Passovius
893 2447 1078 2483 auctore

183 2511 431 2554 Mannerto
463 2502 654 2558 (Geogr.
684 2498 912 2565 T.111.-p.
943 2497 1078 2554 476.)‚

184 2585 234 2612 ex
253 2564 452 2610 editione
465 2558 715 2603 Viennensi
744 2556 913 2607 attulit,
946 2555 1080 2598 verba

185 2639 268 2671 nec
300 2622 459 2665 minus
487 2620 648 2660 valent
681 2616 738 2659 ad
768 2614 967 2673 priorem
1003 2612 1078 2678 1οἾ

184 2697 289 2727 cum
319 2675 623 2722 retrahendo:
674 2689 811 2731 quam
849 2669 1082 2715 dividendi

184 2739 410 2785 rationem
453 2731 636 2777 Hessius
679 2730 841 2787 (Varr.
873 2728 961 2773 LL.
1007 2728 1081 2778 11„

184 2795 345 2857 p.'26.)
387 2789 670 2836 confirmavit
703 2787 968 2853 auctoritate
1001 2801 1078 2830 co·

187 2853 300 2904 dicis
323 2854 558 2906 Stuttgart.
631 2847 723 2890 Iam
743 2846 978 2890 Passovlus
1006 2844 1079 2887 lo-

187 2927 294 2959 cum
337 2905 552 2966 explicuit
596 2905 678 2947 ita:
743 2901 1082 2959 „Accipiebant

186 2966 426 3029 pecuniam
452 2981 477 3007 a
499 2962 717 3007 Romanis
744 2976 870 3018 reges
891 2960 1079 3025 Marco-

186 3039 428 3071 manorum
463 3028 506 3064 et
529 3019 822 3075 Quadorum,
861 3032 946 3060 nec
978 3015 1080 3082 ideo

187 3084 341 3131 minus
374 3079 607 3126 valebant,
649 3093 701 3120 ac
735 3077 770 3119 si
802 3074 912 3118 nihil
948 3074 1081 3139 tulis-

188 3150 309 3188 sent:
340 3135 583 3184 nonenim
607 3142 820 3191 tanquam
845 3146 1081 3189 pauperio-

186 3217 258 3246 res
302 3216 328 3245 a
373 3194 587 3244 divitibus
635 3190 941 3248 accipiebant,
1003 3188 1080 3237 sed

187 3259 430 3306 victoresta
452 3250 586 3298 victis
608 3247 946 3305 reportabant.”
981 3245 1080 3312 .S‘.³d

224 3332 300 3360 ace
335 3311 424 3359 viri
456 3306 705 3353 doctissimi
746 3304 854 3348 nihil
896 3319 992 3346 sani
1033 3318 1081 3345 m

188 3332 271 3419 Eae
305 3366 674 3427 iuteoeretatione
710 3364 858 3429 video,
933 3361 1079 3404 Pecu-

188 3431 310 3475 niam
339 3425 592 3484 accipiunt,
623 3436 708 3466 nec
740 3435 889 3463 minus
920 3419 1080 3468 valent,

191 3503 328 3545 quam
367 3487 403 3529 si
430 3482 557 3532 ,nihil
600 3479 874 3547 accenissent
915 3499 972 3508 —
1008 3484 1080 3575 §ext

137 3542 140 3545 ’
191 3545 434 3595 sententia,
486 3556 574 3599 qna
614 3554 682 3580 vix
722 3550 900 3579 manius
944 3548 1017 3590 qm
1057 3555 1081 3564 —

194 3617 328 3661 quam
369 3599 561 3646 inveniri
607 3603 764 3654 potest.
866 3592 921 3635 Et
957 3600 1079 3648 post-

454 877 710 937 Gotinos
747 876 1008 947 Gallica,
1065 873 1221 934 Osos
1254 876 1599 938 Pannonica
1637 882 1839 956 lingua
1875 905 2043 942 coar-

185 968 338 1043 guit,
397 986 524 1024 non
560 985 680 1023 esse
721 962 1089 1034 German08‚

1159 975 1214 1020 et
1247 965 1408 1040 quod
1451 966 1671 1025 tributa
1713 968 2039 1043 patiuntur.

1148 1244 1283 1286 quam
1326 1227 1504 1286 regibus
1538 1229 1628 1274 illis
1668 1232 1761 1275 vim
1795 1240 1839 1276 et
1871 1242 2035 1290 poten-

1148 1287 1256 1329 tiam
1299 1302 1348 1328 ex
1396 1288 1661 1332 auctoritate
1686 1289 1903 1342 ‘Romana
1943 1308 2040 1337 esse

1147 1343 1332 1387 Tacitus
1364 1343 1494 1399 dixit,
1523 1346 1595 1390 vix
1615 1347 1765 1404 potuit
1791 1347 1930 1392 adiun
1963 1365 2038 1394 ere

1144 1402 1267 1447 illam
1282 1403 1562 1452 sententiam,
1579 1420 1712 1461 quam
1733 1405 1923 1463 imputat
1933 1365 2040 1450 §as-

1147 1459 1310 1504 sovius.
1367 1459 1512 1504 Immo
1533 1461 1754 1519 intelliget
1778 1478 1867 1506 nec
1888 1464 2040 1510 minus

1148 1517 1317 1568 valent,
1337 1533 1470 1574 quam
1493 1519 1530 1562 si
1553 1519 1689 1563 armis
1710 1519 1879 1564 nostris
1899 1522 2042 1571 adiuti

1148 1575 1315 1618 forent.
1375 1575 1439 1619 Ita
1465 1576 1648 1620 demum
1671 1579 1821 1623 omnia
1841 1588 1941 1637 apte
1964 1596 2039 1625 co·

1149 1632 1348 1674 haerent.
1415 1632 1476 1675 cf.
1501 1633 1686 1691 Setting.
1708 1635 1910 1680 observv.
1935 1638 2039 1684 crit.

1148 1689 1196 1731 in
1227 1688 1371 1733 Tacit.
1405 1689 1563 1734 Germ.
1605 1707 1650 1749 p.
1673 1692 1746 1736 27.
1826 1693 2040 1740 Ceterum

1150 1762 1299 1789 veram
1359 1763 1452 1791 esse
1512 1749 1729 1794 editionis.
1770 1747 2042 1798 Viennensis

1151 1804 1512 1857 distinctionem,
1547 1815 1741 1865 arguunt
1774 1815 1818 1852 et
1845 1826 2042 1865 sequen—

1150 1863 1232 1912 tia,
1267 1878 1380 1919 quae
1411 1864 1514 1907 satis
1543 1865 1817 1911 inconcinna
1848 1876 1954 1911 sunt
1989 1885 2039 1912 ex

1149 1918 1341 1963 aliorum
1389 1920 1610 1964 librorum
1660 1921 2040 1980 interpunctione.

1149 1976 1264 2020 Nam
1297 1987 1466 2033 puncto
1497 1978 1643 2037 posito
1679 1989 1782 2024 ante
1803 1989 1942 2036 terga
1966 1999 2040 2028 se-

1152 2050 1293 2091 quens
1331 2051 1356 2077 e
1399 2038 1558 2090 quibus
1598 2053 1695 2079 non
1737 2046 1840 2096 apte
1868 2039 2040 2085 »referri

1148 2100 1297 2149 potest
1348 2093 1406 2135 ad
1448 2093 1581 2136 verba
1621 2095 1882 2140 remotioris
1934 2096 2040 2142 loci.

1149 2150 1198 2192 Si
1221 2150 1558 2194 recteTacitum
1580 2152 1712 2204 novi,
1740 2152 1818 2197 ille
1841 2155 2040 2213 scripsis-

1148 2215 1237 2250 set:
1275 2209 1368 2250 Nec
1398 2209 1557 2250 minus
1589 2211 1737 2252 validi
1760 2219 1890 2256 retro
1905 2213 2042 2257 Mor-

1146 2265 1271 2318 soe'gni
1294 2297 1305 2309 .
1322 2296 1335 2308 .
1350 2297 1362 2308 .
1385 2266 1530 2308 Burii
1551 2274 1684 2323 terga
1708 2277 1791 2314 etc.

1175 2389 1179 2394 ·
1209 2365 1319 2410 CAP.
1343 2364 1416 2410 43.
1471 2366 1647 2410 Goeini.
1700 2368 1891 2415 SieMS.
1903 2369 2043 2422 Hum-

1148 2423 1255 2470 mel.
1281 2422 1383 2467 edd.
1404 2423 1610 2467 Norimb.
1640 2425 1773 2470 Rom.
1790 2426 1956 2473 vienn.
1987 2457 2045 2466 —

1152 2481 1350 2523 Gothim'
1370 2481 1471 2526 edd.
1494 2482 1610 2540 Spir.
1627 2482 1762 2529 Kath.
1777 2483 1878 2529 Put.
1897 2484 2041 2530 Paris.

1150 2538 1356 2582 Beroald.
1375 2555 1473 2597 sqq.
1487 2565 1540 2573 —
1566 2541 1843 2585 Bothim‘ed.
1856 2543 2042 2589 Monac.

1121 2607 1207 2629 ¹—
1249 2597 1359 2640 Mox
1402 2597 1506 2641 MS.
1545 2597 1780 2698 stuttgart.
1820 2599 2042 2646 Gottl‘m‘s.

1155 2655 1277 2711 Quia
1299 2654 1388 2697 An.
1408 2656 1451 2703 Ξ,
1473 2656 1546 2698 62.
1578 2656 1664 2700 scri
1701 2655 1792 2700 itur
1822 2656 2040 2711 Gotones,

1153 2713 1342 2772 praetuli
1366 2713 1496 2756 etiam
1516 2712 1730 2756 Gotinos.

1209 2811 1361 2854 Bur-ii.
1427 2809 1505 2853 Sic
1538 2809 1640 2853 edd.
1665 2810 1784 2870 Spir.
1807 2812 1911 2859 Put.
1934 2814 2041 2862 Ber.
2114 2774 2119 2787 ⁸

1151 2867 2042 2975 {332§.ffgrfffffiiafffufiffissffffiffffss

1151 2981 1414 3026 Ptolemaeo
1440 2984 1652 3027 dicuntur
1667 2987 1866 3044 Βοῦροι,
1899 2986 2042 3031 Dioni

1151 3041 1373 3100 Βοῦῤῥοι.
1432 3041 1519 3085 Sed
1534 3041 1768 3087 Reimarus
1792 3044 1948 3088 locum
1969 3045 2041 3096 71.

1155 3099 1248 3148 18..
1286 3099 1363 3142 ubi
1396 3107 1523 3141 erant
1545 3101 1746 3157 Βοῦροι,
1787 3101 1982 3158 correxit
2016 3119 2040 3146 e

1152 3156 1254 3199 loco
1276 3156 1345 3204 68,
1368 3156 1409 3199 8.
1470 3157 1612 3215 igitur
1641 3159 1712 3202 vix
1741 3158 2039 3204 dubitandum

1152 3213 1238 3258 erit
1260 3230 1409 3257 verum
1438 3230 1530 3258 esse
1554 3216 1692 3271 Buri.

1194 3328 1504 3398 ‘Pannonica
1563 3330 1649 3376 Ed.
1678 3331 1818 3376 Paris.
1842 3331 2037 3375 Panno-

1149 3402 1248 3431 ma.

1213 3480 1257 3515 et
1278 3477 1416 3529 quod.
1473 3473 1554 3517 Ed.
1568 3474 1737 3517 Monac
1773 3471 1889 3516 male
1911 3473 2042 3517 omit·

1154 3532 1205 3575 tit
1223 3539 1282 3583 et,
1304 3531 1426 3587 quod
1451 3530 1702 3576 necessario
1725 3529 1915 3587 additur,
1938 3532 2042 3592 quia

1157 3590 1294 3634 altera
1316 3590 1405 3632 iam
1431 3588 1610 3634 additur
1629 3589 1758 3632 ralio-
