2150 4022
515 244 1045 309 mALOGUS.
1123 242 1324 311 cAr.
1360 248 1464 331 ω.

1698 216 1701 218 ’
1787 247 1911 308 305

63 378 399 447 solumina,
432 392 600 454 ‚quae
633 397 741 454 pro
769 374 857 436 M.
880 371 1086 434 Tullio
1118 387 1220 436 aut
1242 373 1316 438 A.
1341 374 1866 451 Caecina-legimus
1881 380 1913 435 ἲ

61 463 399 525 Praecurrit
439 457 554 520 hoc
599 473 862 538 tempore
911 459 1091 519 iudex
1138 461 1429 520 dicentem
1478 474 1568 533 et,
1616 462 1754 519 ‘nisi
1803 474 1905 520 aut

63 569 239 610 cursu
274 559 753 622 argumentorum
781 558 883 604 aut
910 546 1104 603 colore
1134 546 1556 604 sententiarum
1585 558 1688 606 aut
1710 548 1906 606 nitore

62 646 123 694 et-
147 634 310 693 cultu
335 632 798 708 descriptionum
826 631 1108 689 invitatus
1142 641 1199 688 et
1229 643 1539 707 corruptus
1576 644 1688 703 est,
1736 653 1906 692 aver-

65 730 225 778 satur
271 717 580 775 dicentem.

679 714 909 791 Vulgus
951 735 1187 793 quoque
1237 716 1645 775 adsistentium
1693 728 1751 775 et
1798 719 1907 777 ad·—

62 805 252 863 ssuens
279 813 336 861 et
358 821 540 877 vagus
565 802 801 859 auditor
826 801 1092 859 adsuevit
1117 800 1235 857 iam
1265 801 1491 874 exigere
1526 802 1809 860 laetitiam
1849 814 1906 860 et

63 885 567 967 pulchritudinem
595 886 910 959 orationis3
965 905 1075 944 nec
1109 885 1293 960 magis
1326 887 1547 962 perfert
1575 887 1639 943 in
1668 887 1905 946 iudiciis

60 1112 226 1165 Facu..
256 1108 315 1156 in
346 1123 436 1169 quo
468 1107 602 1154 etiam
629 1111 713 1167 qui
729 1109 950 1167 scriptum

62 1179 144 1215 est.
189 1168 523 1224 exceptiones,
555 1177 740 1212 auctore
752 1166 951 1224 Ulpiano

86 1227 116 1272 l.
163 1226 209 1270 2.
263 1241 334 1285 pr.
380 1224 444 1270 D.
493 1225 549 1268 de
601 1223 951 1281 exceptionibus.

62 1234 223 1342 ἃῑιῑν,
253 1286 336 1336 1.),
368 1290 472 1326 sunt
501 1282 625 1340 quasi
661 1282 952 1332 exclusiones,

62 1358 176 1404 quae
213 1339 386 1402 opponi
424 1339 593 1384 actioni
631 1339 847 1396 cuiusque
886 1338 950 1381 rei

60 1401 208 1445 solent
228 1399 283 1442 ad
310 1396 636 1442 excludendum
663 1396 732 1447 id,
759 1395 880 1454 quod
905 1395 952 1437 in

62 1456 363 1501 intentionem
382 1447 862 1498 condemnatione-anve
880 1453 952 1495 de·

61 1515 252 1560 ductum
301 1521 380 1557 est.
465 1511 582 1554 Sunt
630 1511 768 1567 igitur
821 1510 952 1553 verba

63 1572 295 1617 actionum
324 1568 528 1613 formulis
551 1568 743 1620 inserta,
787 1567 952 1626 quibus

62 1628 286 1680 efficitur,
333 1635 383 1671 ut
416 1643 519 1670 reus
556 1626 814 1684 exceptione
847 1640 953 1683 pro-

63 1687 165 1732 bata
206 1684 489 1735 absolvatur,
543 1682 796 1741 improbata
836 1697 952 1726 con-

62 1745 318 1788 demnetur.
370 1741 551 1800 Triplex
575 1756 685 1787 vero
707 1739 823 1783 ratio
847 1755 954 1784 con·

19 1836 21 1838 -
65 1810 135 1845 tra
163 1801 390 1845 actionem
421 1815 467 1843 se
500 1797 656 1841 tuendi
686 1813 766 1840 reo
794 1796 950 1855 patuit,

65 1866 116 1902 ut
138 1866 214 1902 aut
236 1865 414 1916 negaret
437 1856 632 1907 sactum,
673 1864 749 1899 aut
776 1864 825 1898 ut
855 1853 952 1896 iure

65 1915 236 1960 factum
276 1931 371 1959 esse
413 1913 731 1965 contenderet,
785 1920 861 1956 aut
902 1917 952 1952 ut

64 1989 238 2019 novum
255 1972 418 2031 aliquid
443 1970 679 2029 proferret,
699 1986 790 2027 quo
814 1967 952 2013 actio·

62 2044 167 2080 uem
190 2037 393 2080 erueret3
435 2036 479 2071 et
500 2027 609 2072 haec
631 2026 813 2084 quidem
836 2022 952 2070 ratio

63 2087 245 2149 proprie
301 2084 572 2144 exceptionis
632 2083 817 2127 nomine
875 2084 951 2124 in-

63 2145 268 2204 signitur.
327 2143 399 2190 Cf.
411 2140 551 2186 Gaius
571 2139 651 2184 IV.
680 2145 708 2196 §
730 2141 827 2185 119.
847 2141 952 2182 ideo

62 2204 253 2258 seilicet,
297 2201 405 2258 quia
429 2200 582 2243 omm‘s·
605 2200 815 2253 exceptio
840 2199 953 2240 obii-

63 2263 187 2306 citur
209 2259 396 2316 quidem
422 2274 454 2302 a
477 2271 558 2300 reo
573 2291 586 2308 ,
627 2260 714 2300 sed
745 2257 814 2298 ita
834 2255 953 2310 sor-

66 2319 226 2362 mulae
263 2316 510 2365 mserum,
557 2321 608 2357 ut
645 2314 950 2356 condiciona-

64 2379 157 2420 lem
167 2374 322 2430 faeiat
334 2373 786 2416 condemnationem.
824 2369 956 2411 Com·

63 2439 272 2489 paratae
306 2437 414 2473 sunt
450 2435 610 2471 autem
647 2426 958 2478 exceptiones,

67 2491 188 2535 idem
213 2487 358 2546 inquit
382 2484 462 2531 IV.
496 2489 523 2541 §
550 2485 673 2535 116..
697 2483 953 2539 defenden-

67 2552 235 2592 dorum
261 2559 422 2588 eorum
446 2543 603 2599 gratia
620 2575 633 2598 ,
661 2556 766 2583 cum
793 2542 958 2597 quibus

68 2606 241 2662 agitur.
309 2616 453 2654 saepe
491 2601 616 2643 enim
656 2599 848 2652 accidit,
904 2605 956 2640 ut

0 2665 1 2676 ¹
67 2666 166 2721 queis
194 2662 296 2704 iure
327 2660 448 2702 civili
468 2665 714 2710 teneatur,
755 2660 839 2700 sed
865 2656 955 2698 ini—

69 2735 209 2778 quum
231 2721 292 2761 sit
312 2732 417 2760 eum
440 2713 762 2758 condemnari.
821 2712 954 2758 Ube-

68 2779 163 2821 rius
193 2776 308 2819 hanc
338 2790 436 2817 rem
469 2773 672 2831 exposuit
703 2770 955 2821 Zimmern,

71 2836 233 2879 Gesch.
257 2835 303 2876 d.
321 2830 378 2875 R.
399 2831 718 2875 Privatrecms
744 2827 851 2874 Vol.
877 2827 956 2870 ΙΙΙ.

68 2896 97 2948 §
126 2892 201 2935 91.
236 2904 332 2947 sqq.
399 2887 634 2932 For-mula
664 2885 771 2946 quid
811 2886 867 2928 sit
906 2883 956 2926 in

69 2951 176 2995 iure·
199 2948 300 2993 vide
340 2946 458 3004 apud
489 2944 665 2988 Ernest.
698 2942 826 2989 clav.
859 2941 960 2987 Cic.

70 3022 118 3066 p.
139 3003 237 3050 434.
259 3019 327 3062 sq.
385 3003 437 3046 ln
462 3002 637 3046 iudiciis
661 3017 770 3046 vero
797 2998 959 3057 saepis·

73 3064 184 3108 sime
207 3061 262 3105 de
286 3076 341 3104 eo
371 3060 610 3118 agebatur,
651 3069 801 3103 utrum
836 3063 958 3101 recta

0 3173 2 3176 ‚
70 3116 268 3164 formula
289 3117 429 3161 electa
451 3115 507 3159 sit
529 3116 582 3159 ab
614 3124 765 3159 actore
798 3128 960 3161 necne,

73 3187 142 3233 et,
171 3177 207 3220 si
227 3175 406 3232 quidem
427 3182 571 3224 recta,
602 3189 656 3215 an
681 3173 735 3216 ad
759 3189 853 3215 rem
870 3204 882 3222 ‚
906 3169 961 3213 de

589 3237 689 3331 apte
723 3236 959 3286 concepta.

105 3250 158 3279 ua
193 3231 522 3290 disceptabatur
533 3263 546 3283 ‚

635 3287 679 3331 9.
703 3302 771 3344 sq.

118 3323 131 3336 .
156 3291 409 3336 Zimmern.
438 3285 470 3330 l.
495 3286 528 3332 l.
558 3290 586 3341 §

129 3418 215 3456 pro
247 3403 310 3448 M.
347 3402 499 3446 Tullio
535 3409 621 3445 aut
654 3403 714 3445 A.
749 3401 966 3446 Caecina.

77 3459 228 3508 Nicol.
264 3460 445 3504 Loensis
482 3458 674 3503 malebat
705 3458 770 3501 M.
805 3458 966 3502 Caelio

75 3517 366 3566 substituere,
394 3517 408 3559 i
443 3531 607 3560 uorans
628 3514 818 3559 fortasse
840 3514 966 3558 Cice·

0 3613 3 3619 ,
76 3575 200 3622 tonis
230 3589 313 3632 pro
341 3572 412 3616 Tu
432 3573 492 3618 lio
526 3572 777 3616 orationem
810 3585 968 3618 revera

0 3623 4 3666 ἱ

1 3891 7 3936 3

163 3641 406 3692 TAcirus
453 3638 547 3690 IV.

1023 1106 1260 1159 exstitisse3
1311 1123 1422 1166 quae
1457 1114 1557 1165 post
1587 1107 1623 1150 S
1651 1105 1819 1166 alding.
1852 1106 1906 1152 ad

1024 1164 1187 1222 Quint.
1229 1165 1336 1208 lust.
1381 1180 1449 1208 or.
1489 1163 1598 1217 Vol.
1621 1124 1685 1208 ῗΙ.
1728 1182 1771 1223 p.
1809 1164 1907 1208 136.

1021 1222 1231 1280 singulari
1250 1221 1438 1280 quadam
1456 1230 1711 1288 temporum
1730 1231 1910 1266 nostro·

1020 1296 1124 1323 rum
1149 1279 1357 1323 felicitate
1379 1278 1426 1321 in
1449 1279 1749 1324 Boblensibus
1776 1279 1909 1324 codd.

1022 1337 1250 1394 rescriptis
1290 1337 1345 1379 ab
1388 1337 1444 1380 Α.
1491 1335 1615 1380 Maio
1659 1345 1702 1380 et
1741 1337 1909 1381 Amad-

1023 1395 1233 1451 Peyrone
1275 1400 1454 1452 reperta
1502 1401 1545 1437 et
1589 1410 1615 1436 a
1658 1393 1762 1440 VV.
1799 1393 1908 1438 DD.

1023 1450 1312 1499 Heinrichio‚
1365 1450 1608 1502 Gramen-o,
1660 1451 1821 1495 Beiero
1866 1460 1911 1495 et

1025 1508 1078 1552 E.
1130 1507 1355 1552 Huschkio
1414 1508 1482 1563 (in
1531 1508 1734 1554 Analect.
1789 1509 1909 1555 liter.

1025 1583 1068 1625 p.
1083 1566 1152 1609 77.
1177 1568 1295 1623 sqq.)
1319 1563 1527 1622 explicata
1550 1575 1631 1610 est.
1691 1565 1764 1609 Cf.
1777 1565 1912 1609 Savi-

1024 1623 1153 1666 nium
1176 1623 1246 1666 int
1276 1623 1647 1679 Zez'tsclerfftsiir
1662 1625 1911 1678 ges-chiche-

1024 1683 1136 1723 liche
1155 1680 1671 1737 Rechtswzssenschofl,
1701 1679 1808 1724 Vol.
1830 1680 1910 1724 Vl.

1024 1755 1068 1794 p.
1098 1738 1194 1782 125.
1217 1753 1314 1795 sqq.
1384 1735 1490 1791 Quo
1523 1740 1621 1780 iure
1656 1753 1707 1779 ex
1739 1737 1913 1782 verbis:

1022 1797 1234 1839 inmensa
1256 1795 1496 1836 volumina
1506 1794 1727 1838 Patricius
1747 1795 1911 1853 aliique

1023 1852 1300 1909 collegerint,
1323 1851 1442 1894 hanc
1458 1852 1708 1894 orationem
1727 1852 1909 1910 longam

1022 1909 1183 1960 fuisse,
1221 1917 1263 1952 et
1291 1910 1384 1966 ipsa
1412 1909 1558 1952 oratio
1584 1908 1913 1954 demonstravit

1023 1977 1067 2010 et
1088 1965 1319 2011 Heinrich.
1354 1965 1409 2009 ad
1435 1974 1548 2009 orat.
1576 1966 1738 2024 fragm.
1764 1982 1809 2025 p.
1836 1968 1909 2013 61.

1025 2024 1194 2068 docuit.
1234 2046 1292 2056 -
1351 2023 1576 2066 Caecinae
1607 2039 1779 2067 nornen
1812 2025 1912 2068 edd.

1023 2081 1147 2141 Spir.
1179 2081 1281 2128 Put.
1313 2080 1416 2127 Riv.
1452 2080 1500 2124 in
1534 2080 1762 2136 Cecinna,
1807 2081 1911 2125 edd.

1022 2139 1232 2183 Beroald.
1265 2137 1364 2182 Ale.
1385 2137 1537 2182 Rhea.
1569 2137 1676 2181 Ald.
1711 2137 1759 2180 in
1795 2139 1924 2181 Cae·-

1025 2200 1496 2299 cinrtzagprrugerunt.
1518 2195 1618 2297 lae
1640 2211 1695 2239 eo
1719 2193 1820 2242 vide
1834 2195 1914 2240 Er·

1026 2271 1139 2298 nes.
1221 2270 1292 2301 av.
1359 2270 1416 2298 ic.
1445 2268 1491 2311 p.
1605 2285 1618 2296 .

1084 2355 1238 2397 nitore
1290 2362 1335 2396 et
1385 2356 1528 2396 cultu.
1616 2351 1742 2395 Idem
1798 2353 1915 2396 infra

1028 2427 1068 2456 c.
1090 2411 1163 2455 23.
1193 2412 1396 2453 nitorem
1421 2418 1467 2454 et
1498 2411 1698 2461 cultum,
1729 2417 1772 2452 et
1795 2411 1914 2469 apud

1029 2468 1196 2525 Quint.
1211 2469 1321 2512 Inst.
1347 2483 1413 2511 or.
1443 2469 1561 2523 10,1,
1580 2469 1674 2512 124.
1705 2470 1774 2516 ll,
1791 2469 1915 2517 l,48.

1082 2575 1336 2612 aversatur·
1355 2570 1599 2611 dicentem.
1631 2566 1763 2612 MSS.
1776 2566 1915 2625 Neap.

1027 2626 1207 2681 [Fara]
1240 2625 1342 2668 edd.
1365 2625 1466 2667 Put.
1494 2633 1537 2667 et
1559 2623 1654 2667 Riv.
1686 2629 1916 2668 adversa·-

1026 2692 1128 2739 ίαν,
1180 2682 1254 2726 sed
1300 2682 1498 2739 reliquae
1541 2683 1831 2726 consentiunt
1867 2683 1915 2725 in

1025 2748 1291 2784 aversatur.
1342 2740 1572 2796 Frequens
1596 2747 1744 2782 autem
1767 2748 1830 2783 est
1854 2740 1915 2783 li-

1025 2799 1279 2842 brariorum
1325 2795 1372 2839 in
1419 2795 1485 2839 his
1531 2795 1760 2840 vocabulis
1806 2813 1914 2856 per-

1028 2853 1270 2898 miscendis
1302 2869 1449 2897 error.
1505 2853 1567 2898 cf.
1601 2862 1698 2898 not.
1737 2854 1792 2897 ad
1822 2855 1918 2899 An.

1032 2915 1069 2962 l,
1092 2912 1163 2956 28.
1192 2911 1307 2954 Hist.
1332 2913 1371 2959 1,
1398 2914 1437 2952 l.
1477 2937 1536 2949 -
1591 2910 1755 2954 Inutile
1789 2912 1918 2955 addi-

1027 2977 1279 3013 tamentum
1312 2967 1360 3010 in
1396 2969 1626 3012 dicentem
1654 2968 1791 3012 latere
1815 2969 1916 3028 opi-

1030 3025 1124 3071 nati
1147 3031 1252 3070 sunt
1266 3023 1471 3068 schelius
1492 3033 1535 3068 et
1548 3025 1724 3070 Schulz.
1744 3059 1753 3073 ,
1778 3042 1921 3084 quare

1028 3083 1104 3128 hic
1128 3082 1310 3132 delevit,
1338 3081 1531 3125 Seebod.
1562 3083 1694 3126 uncis
1719 3083 1921 3126 circum-—

1032 3141 1176 3194 dedit3
1218 3139 1295 3184 sed
1327 3155 1576 3197 perperam.
1639 3139 1919 3197 Languidum

1032 3214 1140 3242 vero
1176 3206 1268 3250 est,
1315 3197 1438 3255 quod
1472 3196 1676 3240 Orellius
1715 3197 1922 3247 coniecit,

1034 3260 1301 3307 docentem,
1345 3254 1376 3298 i.
1408 3270 1447 3296 e.
1487 3263 1714 3298 oratorem
1747 3254 1920 3297 docen-

1034 3323 1125 3356 tem
1149 3313 1401 3361 dumtaxat.
1434 3327 1526 3354 non
1549 3311 1617 3359 id,
1654 3311 1775 3368 quod
1802 3327 1925 3356 nunc

1034 3370 1298 3428 requirunt,
1331 3368 1642 3412 delectantem.

1088 3451 1287 3508 perfert.

1038 3525 1197 3554 omnes
1220 3507 1482 3559 ediderunt;
1517 3523 1563 3549 m
1585 3506 1655 3548 ed.
1684 3507 1802 3565 Spir.
1821 3523 1927 3562 pre.

1028 3568 1131 3624 sert
1165 3566 1417 3629 legebatur.
1465 3565 1723 3624 typothetae
1760 3580 1928 3615 errore,

1365 3450 1465 3495 Hoc
1511 3459 1610 3517 post
1662 3449 1926 3494 Rhenanum
