2150 4022
196 233 314 293 184
413 233 656 294 IULll
701 215 1025 293 A‘GRIC.
1068 176 1309 290 witi
1353 227 1679 293 CAR-se.
1713 175 1840 292 3ss

191 409 226 435 ‚‚
242 363 423 420 dinis:
478 380 661 418 vacua
687 361 918 418 castella
935 405 953 431 ‚
1003 379 1211 418 senum
1235 361 1533 432 coloniae,
1575 362 1733 419 inter
1757 362 1912 420 male
1934 382 2043 439 pa·-

190 443 434 520 „rentes
469 457 524 503 et
557 446 777 503 iniuste
806 447 1159 521 imperantes
1187 465 1359 519 aegra
1380 441 1705 522 municipia
1733 459 1793 506 et
1819 448 2046 506 discor-

196 580 231 604 „
245 533 462 590 dantia.
546 527 645 588 hic
670 531 819 601 dux,
852 528 968 588 hic
994 530 1278 587 exercitus
1295 553 1320 590 ε,
1358 531 1447 588 ibi
1471 532 1694 589 tributa
1720 543 1778 591 et
1806 535 2046 592 metalla

195 664 230 690 „
243 629 300 675 et
339 616 562 674 ceterae
595 611 976 674 servientium
1001 635 1255 690 poenae:
1309 635 1455 693 quas
1484 616 1551 672 in
1579 629 1882 676 aeternum
1907 639 2047 695 per-

194 703 392 775 „ferre
437 713 538 758 aut
584 702 780 759 statim
824 696 1032 760 ulcisci
1074 701 1140 756 in
1178 696 1293 757 hoc
1344 721 1549 778 campo
1596 713 1699 763 est.
1793 704 2057 779 proinde‘

197 787 391 873 „ituri
417 787 483 842 in
509 787 692 844 aciem
720 799 777 845 et
799 788 1052 844 maiores
1079 796 1305 843 vestros
1332 797 1389 844 et
1412 797 1677 863 posteros
1702 787 2012 864 cogitate.”

367 892 653 955 XXXIII.
707 891 1004 971 Excepere
1057 892 1392 968 orationem
1441 894 1660 953 alacres
1711 907 1770 955 et
1812 898 2052 957 barbari

196 981 381 1039 moris
415 992 627 1052 cantu,
681 981 925 1038 fremitu
962 990 1018 1036 et
1052 979 1411 1052 clamoribus
1449 979 1724 1043 dissonis,
1800 981 2052 1062 ‘Iamque

197 1067 462 1142 agmina,
531 1078 588 1124 et
642 1086 946 1124 armorum
995 1064 1255 1138 fulgores
1304 1065 1716 1125 audentissimi
1767 1070 2052 1148 cuiusque

195 1172 510 1229 procursu:
598 1152 775 1210 simul
837 1150 1241 1226 instruebatur
1301 1150 1481 1208 acies:
1571 1172 1706 1210 cum
1757 1149 2054 1230 Agricola,

195 1372 304 1420 Put.
342 1372 457 1418 Ven.
489 1373 594 1422 Riv.
629 1372 840 1418 Beroald.
883 1372 1093 1417 exhibent

197 1434 536 1489 relinquerunt.
987 1455 993 1459 -

255 1510 408 1547 vacu'a
435 1503 655 1555 castella,
682 1516 849 1545 senum
869 1502 1095 1544 coloniae.

199 1559 390 1605 Castella
435 1558 637 1617 intellige
683 1559 899 1606 militibus
939 1574 1096 1609 vacua,

201 1617 265 1663 cf.
298 1626 397 1660 not.
432 1618 488 1661 ad
521 1619 611 1661 An.
634 1618 675 1669 2,
697 1617 768 1660 46.
793 1619 875 1660 sub
901 1632 976 1662 vv.
1010 1632 1095 1659 υα-

199 1690 311 1719 cuas
341 1676 560 1728 legiones.
630 1674 721 1718 Pro
751 1689 944 1729 senum,
989 1674 1097 1732 qui-

198 1733 284 1776 bus
306 1748 387 1790 per
411 1739 722 1789 contemptum
742 1732 1003 1776 indicantur
1023 1747 1098 1778 ve-

198 1790 346 1833 terani
371 1790 536 1833 milites
570 1790 648 1845 (cf.
673 1806 771 1849 cap.
797 1790 912 1844 14.),
952 1789 1001 1832 in
1025 1789 1096 1833 ed.

198 1848 299 1895 Riv.
317 1846 480 1906 legitur
497 1849 680 1890 senium
690 1863 705 1898 ,·
723 1871 780 1880 --
793 1863 877 1906 pro
894 1849 1098 1889 coloniae

199 1906 249 1948 in
274 1905 511 1948 Puteolani
536 1904 807 1948 editionibus
830 1905 1055 1948 celoniae.

258 1991 408 2032 aegra
443 1978 708 2034 municipia.
770 1977 846 2022 Sic
879 1975 978 2020 MS.
1013 1973 1100 2018 Va-

202 2035 426 2080 tie.3429.
451 2035 638 2091 (fallitur
659 2033 779 2080 enim
807 2035 854 2076 in
875 2034 968 2076 eius
993 2032 1101 2076 scri-

201 2102 333 2152 ptura
355 2092 576 2138 enotanda
589 2091 885 2148 Walchius)‚
912 2090 959 2134 in
985 2106 1100 2137 mar·

201 2153 334 2209 gine:
360 2151 474 2202 „AL
500 2157 625 2193 tetra
646 2150 943 2203 mancipia.”
986 2146 1053 2190 Ed
1089 2178 1101 2192 .

203 2214 306 2252 ante
320 2208 587 2252 Rhenanam
605 2221 718 2261 erga
733 2206 907 2252 vitiose.
939 2207 1101 2260 Aegra

205 2273 366 2322 vocat,
434 2265 507 2308 uia
532 2266 738 2323 ambigua
759 2264 846 2308 fide
868 2270 988 2308 sunt.
1036 2261 1102 2305 Si-

206 2321 376 2373 militer
401 2282 501 2367 ilic.
526 2323 660 2366 Verr.
686 2321 720 2371 Ι,
748 2323 785 2374 1,
809 2321 854 2364 2.
891 2321 1104 2363 maxime

206 2396 357 2437 aegra
381 2388 428 2424 et
450 2394 601 2435 prope
625 2380 840 2435 deposita
861 2379 933 2422 rei
947 2378 1103 2431 publi-

207 2455 291 2484 cae
312 2453 458 2495 pars;
486 2454 571 2496 pro
591 2436 768 2480 Milone
792 2435 919 2486 025.
941 2447 1106 2477 omnes

209 2497 296 2542 tibi
323 2499 399 2540 rei
423 2497 632 2552 publicae
657 2501 821 2549 partes
853 2506 1026 2548 aegras
1058 2499 1103 2534 et

208 2556 455 2606 labantem,
489 2553 633 2600 Tacit.
666 2553 760 2600 An.
797 2553 866 2607 11,
898 2550 969 2598 23,
1005 2564 1103 2591 non

207 2615 330 2655 adeo
371 2625 572 2667 aegram
604 2610 819 2656 Italiam.
889 2607 1104 2653 Similiter

208 2671 320 2713 sani
359 2677 582 2715 vocantur
625 2667 867 2711 meliorum
908 2666 1104 2724 partium

180 2751 185 2757 --
205 2726 348 2788 piveS.
391 2724 574 2769 Ruhnk.
597 2724 654 2768 ad
679 2724 798 2768 Vell.
820 2724 920 2771 Pat.
939 2723 982 2777 2,
1002 2722 1074 2765 25..

187 2803 189 2805 ’
266 2799 500 2854 perferre.
560 2798 636 2843 Sic
657 2815 681 2842 e
703 2795 1106 2841 MS.Vatic.3429.

212 2856 419 2902 Oberlin.
443 2872 542 2914 sqq.
567 2879 627 2894 —-·
667 2856 848 2901 Priores
870 2854 972 2898 edd.
990 2867 1107 2908 pro-

199 2915 359 2972 ferre,
391 2913 610 2964 nimirum
631 2914 688 2956 ob
713 2913 959 2971 scripturae
986 2927 1108 2954 com-

212 2972 430 3037 pendium
473 2970 719 3015 sexcenties
765 2968 1112 3014 confunduntur

210 3044 301 3086 pro
325 3037 366 3071 et
385 3043 489 3084 per.
551 3028 610 3072 cf.
633 3037 727 3073 not.
753 3028 805 3070 ad
830 3030 918 3070 An.
949 3025 1015 3073 15,
1039 3025 1109 3069 54.

143 3087 146 3091 ·
213 3087 327 3130 nist.
353 3089 392 3138 1,
414 3086 485 3130 30.
517 3087 558 3135 2,
582 3086 624 3128 4.
657 3087 697 3138 4,
712 3086 920 3129 9.41.61.
957 3083 1111 3127 Germ.

217 3144 496 3272 c'ri35ciiqres.
587 3201 702 3247 Edd.
756 3207 857 3242 ante
910 3198 1112 3245 Rhenan-

217 3275 430 3306 malorlS.

278 3332 392 3376 CAP.
451 3328 524 3374 38.
616 3335 662 3371 et
716 3330 910 3371 barbari
957 3328 1111 3371 moris

218 3398 371 3433 cantu.
410 3384 599 3433 Sicedd.
623 3385 830 3440 antiquae
853 3394 897 3428 et
922 3393 1109 3430 recentt.

253 3448 489 3504 leraeque;
520 3466 575 3477 --
633 3450 686 3485 ut
717 3444 929 3486 barbaris
964 3443 1114 3486 moris

219 3532 237 3546 l
252 3504 322 3548 IS.
336 3504 479 3547 Vatic.
502 3499 628 3544 3429.
654 3500 781 3545 cuius
803 3501 1113 3544 auctoritatem

224 3569 474 3620 sequuntur
495 3557 723 3604 Beckerus
745 3565 792 3602 et
811 3557 981 3601 Hertel.
1041 3556 1112 3601 Cf.

1165 1372 1257 1416 An.
1283 1374 1319 1425 1,
1344 1371 1416 1417 56.
1450 1376 1576 1427 quod
1599 1373 1673 1415 illi
1690 1375 1863 1426 moris;
1901 1374 2057 1434 Agric.

1167 1446 1209 1473 c.
1239 1430 1312 1474 39.
1351 1438 1404 1472 ut
1437 1430 1715 1474 Domitiano
1749 1434 1900 1478 moris
1931 1441 2059 1484 erat,-

1165 1486 1283 1531 Hist.
1296 1487 1412 1540 1‚15.
1438 1496 1491 1530 ut
1511 1489 1657 1531 moris
1677 1497 1749 1532 est
1759 1505 1775 1540 ‚·
1802 1491 1913 1548 Agr.
1933 1491 2059 1535 c.42.

1167 1547 1331 1601 quibus
1371 1547 1535 1589 moris:
1557 1554 1627 1588 est
1663 1547 1830 1589 illicita
1870 1551 2055 1604 mirari,

1168 1602 1292 1646 alibi.
1350 1601 1648 1646 Retinendam
1684 1604 1788 1648 duxi
1815 1605 1919 1649 edd.
1944 1607 2059 1651 scri-

1168 1669 1346 1760 pturam
1361 1693 1374 1712 ,
1403 1660 1534 1709 ham,
1566 1659 1603 1703 si
1623 1659 1771 1705 Vatic.
1795 1662 1899 1706 cod.
1923 1662 2058 1708 fidem

1201 1718 1413 1770 abemus,
1464 1717 1755 1765 scribendum
1792 1728 1859 1764 est
1891 1730 1963 1779 et,
2009 1729 2061 1766 ne

1171 1776 1391 1820 barbaris
1413 1777 1573 1821 moris.
1678 1799 1680 1801 ·
1806 1800 1809 1801 ⁷

1214 1846 1426 1903 fremitu
1445 1853 1490 1888 et
1510 1847 1807 1893 clamoribus.
1863 1848 1940 1895 Sic
1960 1851 2061 1898 edd.

1171 1913 1272 1948 ante
1323 1903 1628 1959 Rhenanum,
1696 1905 1774 1962 qui
1828 1906 2065 1954 induxerat

1171 1968 1314 2004 cantu
1356 1968 1402 2003 et
1430 1961 1637 2017 fremitu
1677 1965 2064 2024 clamoribusque,

1171 2020 1269 2062 iure
1313 2018 1426 2062 illud
1472 2018 1693 2063 reiectum
1736 2035 1761 2062 a
1795 2021 1975 2067 Dronk.
2021 2033 2067 2069 et

1170 2075 1416 2120 Walchio.
1479 2075 1724 2133 [Bekkerus
1759 2084 1911 2123 tamen
1940 2080 2066 2125 Rhe-

1171 2133 1279 2176 nani
1307 2133 1669 2178 emendationem
1695 2135 1928 2192 restituit]
1984 2139 2067 2183 Ea-

1173 2191 1277 2234 dem
1320 2189 1542 2234 vocabula
1579 2191 1731 2236 iuncta
1766 2192 1903 2239 hahes
1942 2199 2065 2256 apud

1173 2248 1351 2292 Caesar.
1371 2247 1426 2291 de
1448 2249 1550 2292 bell.
1574 2248 1691 2292 Gall.
1718 2249 1761 2302 2,
1782 2252 1854 2296 24.
1885 2255 2068 2300 clamor

1158 2306 1480 2362 fremitusque
1503 2307 1756 2352 oriebatur.

1231 2379 1417 2434 iamque
1457 2379 1678 2436 agmina,
1733 2387 1779 2423 et
1819 2397 2067 2428 armorum

1160 2437 1382 2492 fulgores
1452 2437 1782 2482 audentissimi
1846 2442 2067 2500 cuiusque

1172 2507 1419 2549 procursu.
1494 2493 1628 2537 Redit
1667 2496 1862 2556 scriptor
1907 2497 2071 2544 Noster

1176 2552 1231 2595 ad
1257 2558 1399 2594 castra
1425 2550 1656 2602 Romana,
1692 2569 1805 2611 quae
1830 2554 1892 2599 ibi
1917 2573 2069 2602 evene·

1176 2608 1270 2652 rint
1310 2618 1588 2654 narraturus.
1677 2611 1916 2670 Perperam
1956 2609 2068 2666 vero

1176 2676 1266 2710 tres
1311 2665 1440 2710 huius
1483 2666 1727 2712 sententiae
1774 2678 1924 2727 partes
1951 2689 2070 2725 ‚esse

1176 2723 1378 2788 plerique
1446 2723 1710 2780 interpretes
1779 2727 2070 2775 iudicarunt:

1179 2780 1355 2838 agmina
1387 2779 1718 2839 procedebant,
1761 2799 1886 2828 arma
1915 2787 2069 2847 splen·

1180 2838 1366 2889 debant,
1396 2837 1742 2885 audentissimus
1763 2843 1948 2901 quisque
1966 2861 2072 2903 pro-

1181 2893 1406 2938 currebat.
1499 2893 1682 2940 Scilicet
1735 2900 1919 2957 agmina
1975 2920 2071 2947 non

1181 2950 1511 3014 procedebant,
1554 2952 1639 2997 ‘sed
1681 2956 1932 3016 composita
1970 2966 2073 3007 tan-

1181 3010 1423 3052 tummodo
1465 3011 1765 3057 cernebantur
1801 3023 1851 3058 ut
1885 3032 2078 3075 proces-

1184 3082 1304 3114 sura.
1367 3067 1600 3124 Fulgentia
1624 3085 1747 3115 arma
1770 3088 1863 3116 non
1889 3074 1943 3117 ad
1966 3078 2072 3121 uni-

1185 3140 1312 3169 versa
1351 3125 1525 3182 agmina
1562 3135 1788 3184 spectant,
1842 3131 1919 3174 sed
1954 3134 2075 3179 unde

1183 3182 1383 3239 fulgores
1409 3181 1471 3224 illi
1494 3184 1723 3242 conspecti
1749 3188 1838 3231 sint
1869 3187 2072 3235 declara-

1184 3247 1259 3281 tur
1285 3237 1479 3285 ablativo
1503 3243 1834 3288 audentissimi
1860 3247 2076 3304 euim-sque

1180 3310 1439 3352 procursu,
1484 3297 1556 3342 cui
1579 3314 1736 3344 causae
1758 3299 1875 3345 inest
1900 3304 2075 3363 signifi-

1185 3353 1317 3397 catio.
1379 3352 1450 3399 Cf.
1489 3363 1583 3400 not.
1616 3356 1671 3400 ad
1697 3357 1792 3410 An.
1817 3359 1860 3413 2,
1887 3357 1958 3406 44.
1991 3366 2074 3408 sub

1185 3427 1231 3458 v.
1256 3412 1467 3457 discessu.
1624 3423 1630 3426 ’

1243 3497 1564 3540 instruebatur
1601 3497 1742 3543 acies.
1817 3500 1896 3546 Sic
1935 3503 2073 3550 MSS.

1188 3552 1362 3599 Vaticc.
1404 3554 1543 3601 3429..
1570 3555 1701 3600 4498.
1745 3556 1845 3605 edd.
1883 3559 2073 3607 Becker.
