2150 4022
469 215 589 276 DE
647 192 1173 279 GERMANIA
1231 216 1428 282 CAP.
1463 222 1564 280 38.

1251 29 1277 85 Χ

1860 220 1942 281 85

95 347 340 428 accidit)
415 348 746 407 imitatione
827 367 1029 405 rarum
1104 361 1161 406 et
1233 350 1391 408 intra
1467 350 1739 408 iuventae
1814 368 1947 425 spa-

93 439 266 497 tium:
342 434 501 510 apud
553 431 777 492 Suevos
815 452 1002 511 usque
1043 434 1120 492 ad
1160 436 1435 493 canitiem
1469 432 1812 493 horrentem
1848 453 1945 491 ca-

56 590 69 600 *
90 522 301 598 pillum
339 531 495 577 retro
535 510 894 596 sequuntur,
950 539 1018 576 ac
1057 539 1225 595 saepe
1279 520 1341 576 in
1381 521 1508 596 ipso
1551 521 1676 578 solo
1727 519 1944 577 vertice

89 723 177 766 lac.
198 721 434 773 Gronov„
469 728 513 764 et
541 728 688 778 potest
715 737 819 764 sane
857 723 984 778 quod

89 781 251 823 occidit
283 795 377 823 esse
408 795 491 836 pro
525 782 647 834 quod
667 781 875 821 accidere
905 793 980 822 so-

88 841 170 880 let.
213 895 222 906 .
257 836 317 881 cf.
359 836 546 880 Sueton.
589 835 699 879 Oct.
741 853 779 880 c.
813 836 884 880 78.
929 844 981 879 ut

89 903 254 939 euemt.

126 1011 396 1051 horrentem
409 1011 627 1060 capillum
642 1014 769 1050 retro
783 1021 976 1063 sequun-

86 1075 179 1109 tur.
238 1065 338 1110 MS.
351 1066 462 1110 Tur.
485 1064 716 1123 edd.Spir.
734 1064 866 1108 Kath.
889 1079 974 1122 pro

84 1131 341 1180 sequuntur
372 1123 617 1183 peoserunt
648 1130 882 1165 secuntur.
917 1149 975 1157 —-

84 1181 198 1224 Edd.
219 1179 366 1226 Viteb.
397 1180 615 1225 Melanth.
644 1180 817 1222 malunt
846 1185 973 1220 retro

83 1246 356 1283 secernunt.
417 1238 504 1282 Sed
529 1236 753 1294 vulgatam
782 1236 972 1293 scriptu·

82 1312 179 1338 ram
205 1296 341 1338 ceteri
364 1295 466 1339 libri
490 1303 689 1338 tuentur.
747 1294 839 1336 Iam
865 1309 970 1335 vero

82 1353 196 1395 mire
237 1362 397 1396 vexant
425 1353 576 1396 locum
611 1350 693 1393 viri
732 1350 879 1401 docti,
919 1357 971 1392 ut

82 1409 302 1468 explicent
325 1410 398 1455 vel
421 1409 674 1452 emendent.
734 1410 794 1450 At
819 1423 969 1450 emen-

82 1467 261 1510 datione
287 1467 468 1525 quidem
500 1483 593 1509 non
631 1482 725 1508 esse
760 1464 967 1523 opusnvi·

81 1525 191 1577 deo,
260 1540 406 1583 neque
450 1523 668 1568 sententia
716 1524 803 1565 loci
854 1523 966 1565 adeo

81 1591 212 1625 tecta.
320 1584 466 1637 Sequi
503 1580 707 1639 exprimit
754 1580 967 1627 studium,

80 1655 170 1694 quo
202 1638 301 1697 quis
331 1639 512 1682 ducitur
546 1638 600 1681 ad
636 1639 830 1694 aliquam
855 1653 968 1687 rem,

58 1695 154 1741 ‘vet
188 1711 277 1753 quo
309 1697 408 1755 quis
441 1694 633 1739 adfectat
653 1694 866 1753 cupitque
893 1693 966 1735 ali·

82 1769 219 1811 quam
241 1769 374 1796 rem„
413 1751 472 1796 cf.
495 1752 682 1796 sueton.
704 1751 809 1795 Oct.
839 1768 880 1796 c.
894 1751 967 1794 86.

77 1825 223 1864 genus
258 1812 508 1866 eloquendi
546 1817 731 1851 secutus
764 1817 836 1851 est
870 1811 967 1851 ele-

75 1882 194 1922 gans
223 1876 267 1910 et
300 1874 631 1922 temperatum.
691 1865 816 1909 Caes.
842 1866 894 1909 Β.
917 1864 968 1909 C.

79 1927 118 1974 l,
143 1926 183 1968 1.
209 1925 283 1968 sin
309 1925 561 1967 Caesarem
593 1924 848 1977 respiciant
883 1930 963 1965 at·-

74 1997 158 2038 que
181 1983 282 2025 eius
296 1983 507 2035 gratiam
525 1988 799 2036 sequantur.
846 1980 962 2023 Plin.

74 2056 146 2098 ep.
176 2040 219 2094 8,
246 2040 313 2082 18.
343 2038 477 2094 sequi
504 2039 865 2080 matrimonium
886 2039 962 2080 di-

72 2098 179 2140 vitis
203 2098 343 2139 senis.
408 2094 666 2139 Ovid.Met.
690 2096 814 2147 7,21.
830 2098 962 2138 video

0 2158 10 2163 ”
72 2156 274 2198 meliora
302 2155 450 2209 probo
483 2168 566 2208 ue,
611 2154 847 2196 deteriora
880 2169 960 2195 se-

72 2227 204 2269 quor.
273 2210 415 2254 Tacit.
497 2227 607 2253 erm.
643 2227 682 2254 c.
705 2211 746 2253 5.
781 2225 959 2266 argen-

5 2283 7 2285 ’
72 2279 170 2312 tum
204 2272 354 2325 magis
387 2284 528 2324 quam
555 2281 731 2310 aurum
755 2283 958 2325 sequun-

71 2336 165 2370 tur.
225 2328 316 2370 lam
339 2329 608 2368 horrentem
636 2327 856 2381 capillum
879 2341 958 2368 re-

69 2394 144 2428 tro
167 2390 429 2439 sequuntur
449 2391 533 2426 etc.
556 2390 643 2426 est=
667 2399 765 2427 eam
778 2383 957 2442 capillo-

67 2458 169 2484 rum
199 2441 446 2492 rationem,
478 2455 564 2497 qua
601 2440 787 2482 horrent
820 2450 958 2493 retro,

23 2515 29 2528 ‘
68 2506 316 2557 sequuntur
358 2514 497 2555 usque
531 2497 587 2540 ad
626 2496 831 2540 canitiem
875 2499 955 2552 (sie

66 2554 240 2599 bleiben
287 2556 361 2598 bei
405 2559 514 2604 dem
558 2554 827 2597 riick1vtirts
875 2571 954 2610 ge·

65 2615 314 2656 striiubten
336 2612 503 2655 Haare
521 2612 591 2653 bis
616 2613 688 2654 ins
710 2627 856 2666 graue
869 2616 952 2656 Al-

65 2672 168 2727 ter).
263 2668 466 2712 Verbum
509 2670 641 2725 sequi
685 2669 948 2727 exquisitum

65 2737 129 2772 est
154 2728 211 2771 ob
237 2726 454 2771 vocabula
475 2741 619 2782 usque
638 2730 703 2768 ad
723 2730 950 2771 canitiem.

64 2786 118 2828 ln
159 2783 360 2828 formula
408 2786 680 2826 horrentem
733 2786 951 2839 capillum

63 2850 190 2885 retro
212 2841 323 2884 nihil
343 2849 408 2884 est
432 2840 689 2892 insolitum,
722 2841 806 2885 nisi
828 2843 949 2901 quod

65 2900 178 2942 ordo
200 2899 441 2941 verborum
474 2899 666 2956 pertinet
701 2900 756 2942 ad
792 2909 948 2956 poeta-

64 2972 165 2999 rum
193 2955 369 3001 dicendi
396 2971 561 3012 genus,
601 2973 625 2998 a
649 2973 737 3014 quo
765 2955 948 3001 Tacitus

61 3013 247 3063 minime
281 3012 503 3057 abhorret.
585 3013 820 3058 Diversam
857 3015 947 3058 loci

59 3070 398 3128 explicationem
473 3071 658 3128 protulit
728 3070 944 3115 Orellius.

60 3126 324 3185 „Capillum
367 3136 489 3171 retro
532 3129 693 3185 sequi'‘
732 3130 793 3173 ait
833 3130 943 3181 „di-

61 3191 184 3228 ctum
207 3194 310 3228 este
327 3184 455 3227 solita
466 3185 609 3229 Taciti
631 3186 945 3244 breviloquen-

60 3242 119 3287 tia
141 3257 194 3285 ac
216 3242 390 3300 poetica
416 3241 512 3285 fere
540 3243 720 3288 audacia
744 3261 825 3302 pro
849 3246 943 3290 vul-

60 3299 218 3364 gatiori
254 3298 467 3358 capillum
508 3302 795 3359 promittere,
847 3318 942 3345 non

60 3364 120 3398 na
139 3363 314 3409 tamen,
347 3364 398 3399 ut
422 3367 543 3402 reeta
571 3358 833 3409 descendat,
865 3360 943 3403 sed

61 3418 109 3454 ut
131 3422 252 3459 retro
282 3413 330 3456 in
355 3415 566 3458 verticem
590 3414 812 3463 flectatur.
870 3417 942 3459 In-

61 3483 189 3533 yersa
229 3470 366 3530 igitur
405 3487 454 3516 ea
496 3474 780 3531 metaphora,
830 3489 946 3531 quae

60 3533 175 3570 mest
204 3527 255 3572 in
273 3530 435 3576 verboz
469 3530 734 3590 promittere
757 3532 944 3576 barbam

1052 721 1127 768 vel
1152 721 1323 773 crines,
1354 721 1566 779 capillum
1591 736 1824 779 nunquam
1859 720 1939 763 de-

1051 788 1233 823 tonsum
1258 788 1300 821 et
1321 795 1498 836 semper
1522 788 1824 830 crescentem,
1853 777 1940 828 vel,

1049 845 1100 880 ut
1134 837 1192 880 ita
1227 835 1436 884 dixerim,
1468 836 1833 894 progredientem
1863 850 1937 879 Se-

1050 895 1152 951 qui,
1195 909 1334 951 usque
1365 908 1419 935 eo
1455 894 1604 952 quoad
1638 901 1830 945 crescat,
1867 893 1936 935 di-

1049 967 1151 995 cere
1175 967 1307 994 ausus
1330 950 1448 999 est,'‘
1507 949 1645 992 Cuius
1668 950 1935 1006 interpreta-

1046 1008 1183 1051 tionis
1206 1008 1367 1051 sanitas
1393 1016 1435 1051 et
1457 1007 1620 1051 veritas
1653 1006 1834 1052 videtur
1862 1022 1938 1051 sa-

1045 1066 1101 1110 tis
1128 1065 1263 1109 dubia
1290 1082 1398 1108 esse.
1458 1063 1614 1108 Placet
1643 1071 1792 1106 tamen
1817 1065 1936 1108 Hes-

1045 1124 1111 1166 sio
1137 1124 1184 1165 in
1208 1122 1329 1165 notis
1353 1123 1407 1165 ad
1431 1121 1477 1165 h.
1499 1122 1530 1166 l.
1564 1131 1606 1164 et
1634 1121 1682 1163 in
1699 1120 1827 1166 Varr.
1850 1121 1935 1165 LL.

1044 1181 1107 1229 I..
1157 1197 1200 1238 p.
1232 1179 1329 1229 38„
1380 1179 1488 1222 item
1535 1177 1841 1237 Heidekampo
1889 1179 1937 1221 in

1044 1237 1291 1295 scriptione
1322 1236 1600 1280 scholastica.
1630 1252 1672 1293 p.
1703 1238 1770 1278 10.
1837 1236 1934 1280 Mi·-

1044 1312 1129 1338 nus
1161 1295 1294 1338 etiam
1329 1295 1532 1352 speciosa
1565 1302 1628 1336 est
1661 1293 1933 1351 interpreta-

1042 1354 1133 1406 tio,
1162 1369 1297 1410 quam
1331 1354 1395 1394 vir
1429 1352 1588 1394 doctus
1621 1351 1859 1409 proposuit
1888 1351 1936 1393 in

1042 1410 1234 1454 Seebod.
1268 1409 1388 1452 Bibl.
1429 1408 1532 1453 crit.
1577 1409 1700 1451 1825.
1753 1424 1798 1465 p.
1830 1409 1932 1452 212.

1040 1469 1082 1511 Is
1122 1475 1250 1510 retro
1291 1467 1423 1522 sequi
1458 1466 1623 1524 accipit
1678 1480 1769 1508 von
1823 1469 1934 1508 dem

1039 1528 1321 1567 milhsamen
1333 1524 1598 1579 Aassuchen
1623 1527 1721 1565 und
1732 1523 1932 1566 Zusam-

1040 1585 1323 1624 mensuchen
1359 1584 1444 1622 der
1475 1581 1719 1623 einzelnen
1752 1580 1932 1634 Haare,

1041 1655 1121 1682 um
1184 1640 1251 1682 sie
1312 1637 1494 1692 hz'nauf
1556 1653 1618 1679 zu
1680 1637 1929 1681 streiclzen.

1037 1695 1347 1740 Wernsdorf.
1371 1696 1418 1736 in
1443 1694 1615 1738 schedis
1637 1694 1784 1737 MStis
1809 1695 1930 1753 apud

1036 1754 1168 1798 Hess.
1200 1752 1335 1796 Varr.
1374 1751 1462 1795 LL.
1506 1752 1589 1804 11.,
1625 1767 1672 1809 p.
1695 1749 1768 1795 23.
1801 1754 1937 1820 sequi

1036 1812 1359 1869 interpretatur
1379 1824 1547 1860 „manu
1563 1809 1783 1868 persequi,
1799 1817 1929 1867 strin-

1067 1884 1169 1920 ere,
1208 1867 1407 1911 flectere.
1480 1865 1541 1910 cf.
1578 1865 1794 1924 Calpurn.
1827 1862 1927 1911 Eel.

1060 1926 1119 1977 1.,
1170 1926 1239 1968 85.
1277 1940 1342 1982 sq.
1392 1924 1603 1981 quotiens
1650 1925 1930 1967 mollissima

1035 1992 1182 2037 tango
1207 1997 1295 2025 ora
1326 1998 1473 2024 manu
1496 1982 1734 2038 primique
1756 1996 1928 2038 sequor

1033 2042 1232 2096 vestigia
1281 2039 1431 2095 floris
1494 2041 1730 2094 nescius.'’
1831 2038 1925 2084 Alii

1033 2097 1326 2142 emendandis
1364 2095 1513 2142 verbis
1551 2095 1698 2139 latinis
1742 2112 1926 2154 operam

1034 2156 1273 2204 dederunt.
1366 2153 1628 2197 Marcilius:
1686 2156 1923 2209 capillum,

1029 2222 1290 2256 retrorsum
1337 2227 1394 2255 ac
1444 2226 1603 2265 saepe.
1701 2211 1926 2269 Scaliger«

1030 2273 1250 2326 capillum
1292 2277 1620 2324 retrosequus,
1672 2285 1754 2324 ac,
1810 2285 1924 2326 quae

1029 2346 1053 2372 a
1080 2327 1312 2372 Walchio
1344 2326 1473 2369 video
1507 2325 1650 2377 edita,
1690 2325 1923 2369 suadenti-

1029 2388 1113 2430 bus
1140 2383 1452 2428 Freinshemio
1475 2416 1488 2435 ,
1509 2381 1781 2440 Conringio,
1810 2383 1920 2425 Bre-

1030 2442 1193 2494 dovio,
1246 2440 1408 2485 Vossio
1455 2441 1502 2483 in
1541 2440 1740 2497 Etymol.
1772 2440 1821 2482 L.
1866 2440 1919 2486 L.

1025 2499 1154 2549 461„
1216 2497 1418 2541 Gesnero
1453 2498 1501 2539 in
1540 2496 1755 2541 Thesaur.
1800 2497 1918 2552 (voc.

1024 2559 1307 2610 retrosecus)
1334 2563 1377 2597 et
1393 2553 1591 2597 Barkero
1613 2554 1667 2596 ad
1679 2553 1720 2598 h.
1736 2555 1764 2596 l.
1813 2554 1918 2598 See·

1023 2614 1210 2657 hodius:
1241 2620 1367 2655 retro
1389 2619 1574 2662 serunt,
1605 2612 1727 2668 quod
1754 2612 1917 2669 prohat

1023 2671 1279 2715 Passovius.
1369 2668 1626 2726 Bipontini:
1670 2677 1802 2712 retro
1838 2684 1917 2711 co-

1023 2737 1237 2771 mantur.
1286 2726 1534 2782 Dilthejus:
1564 2729 1760 2769 horrens
1775 2727 1913 2779 capil-

1022 2789 1095 2828 lus
1118 2793 1244 2828 retro
1259 2785 1452 2826 vertitur
1468 2785 1536 2827 vel
1548 2791 1681 2826 retro
1696 2784 1912 2840 flectitur.

1022 2843 1251 2901 Sprengel.
1279 2850 1323 2884 et
1352 2841 1423 2886 vir
1459 2841 1619 2884 doctus
1651 2842 1699 2883 in
1721 2841 1910 2899 Ephem.

1022 2899 1089 2944 lit.
1114 2901 1206 2942 len.
1243 2900 1365 2942 1818.
1391 2915 1541 2942 mense
1554 2902 1676 2956 Aug.
1697 2900 1822 2940 ultro
1843 2894 1911 2942 sess

1021 2965 1239 3014 quantur.
1292 2955 1553 2999 Schluterus
1571 2972 1674 2999 eum
1689 2955 1777 2999 atio
1797 2956 1906 2999 ibid.

1019 3032 1171 3059 mense
1213 3015 1333 3058 Nov.
1373 3021 1632 3056 retrorsum
1679 3021 1908 3069 torquent.

1020 3071 1242 3117 Graevius
1296 3070 1343 3115 in
1389 3071 1557 3114 Dictat.
1619 3070 1735 3129 apud
1777 3069 1905 3113 Hess-

1019 3129 1149 3173 Varr.
1182 3128 1271 3174 LL.
1311 3129 1390 3180 11„
1431 3144 1476 3185 p.
1502 3128 1573 3170 23.
1608 3138 1736 3170 retro
1757 3142 1907 3178 εοεαε,

1013 3187 1042 3230 i.
1078 3204 1116 3229 e.
1151 3186 1270 3231 circa
1309 3187 1491 3244 occiput
1533 3184 1606 3228 alii
1647 3185 1693 3228 in
1730 3185 1905 3227 nodum

1017 3244 1222 3289 vinciunt
1265 3243 1492 3301 capillum.
1582 3243 1787 3300 Longum
1839 3249 1905 3284 est

1015 3299 1187 3358 singula
1215 3301 1322 3344 haec
1347 3300 1598 3343 examinare
1624 3309 1754 3356 atque
1782 3298 1900 3341 iudi-

1016 3374 1132 3402 care.
1210 3359 1277 3402 Sit
1316 3359 1453 3415 igitur
1502 3357 1721 3400 iudicium
1767 3371 1905 3414 penes
1978 3365 1982 3369 ‘

1015 3415 1248 3460 lectorem.

1072 3474 1122 3516 in
1154 3475 1256 3529 ipso
1276 3472 1388 3516 'solo
1419 3474 1603 3517 vertice.
1664 3470 1741 3515 Sic
1765 3469 1902 3515 MSS.

1014 3528 1188 3578 Vaticc.
1217 3533 1341 3576 1518.
1367 3539 1410 3574 et
1433 3529 1559 3574 4498.
1590 3529 1703 3574 Tur.
1736 3528 1902 3586 stuttg.
