2150 4022
275 296 281 313 ,
376 219 704 357 *leDEX
778 198 1611 314 AD'NOTATIONUM-

129 349 271 399 scion,
295 347 331 392 Ι.
364 363 409 405 p.
430 345 531 391 344.
553 346 701 390 docet.
760 344 820 388 V.
840 344 966 403 yos-

132 409 248 452 sium
281 404 524 448 Aristan-ch.
553 403 647 453 1V.,
671 401 740 446 14.
785 419 829 461 p.
862 402 963 446 744.

129 463 365 508 Drakenb.
387 463 441 507 ad
464 462 558 506 Liv.
583 460 874 512 XXX111,20,
893 463 959 504 11.

74 525 280 576 clamor,
317 521 369 563 de
392 519 547 578 plausu
573 517 701 562 Orat.
727 520 768 561 9.

72 579 306 625 classiarii
326 594 429 622 curn
454 577 658 620 classicis
685 575 808 620 conf.
835 575 893 620 H.
918 578 958 632 1,

69 694 250 739 classici
266 709 371 737 cum
392 691 647 734 classiariis
669 688 726 734 cf.
747 690 803 733 H.
831 692 870 740 1,
884 689 959 735 86.

70 753 316 798 classicum
336 763 504 793 canere
528 750 616 792 An.
643 749 686 802 2,
713 749 785 791 32.

71 808 247 854 Claudii
283 806 536 864 triumphus
576 815 677 862 post
714 806 959 863 expeditio-

126 882 231 910 nem
255 865 565 909 Britannicam
594 864 645 905 H.
673 863 715 918 3,
739 866 809 907 45.
869 866 961 907 eius

126 923 274 967 oratio
315 937 476 966 aeneae
517 921 693 963 tabulae
746 922 960 979 inscripta

124 981 214 1026 An.
247 983 290 1035 4,
322 980 395 1022 65.
468 977 659 1020 Senatus
697 979 959 1023 consultum

125 1038 425 1082 Claudianum
445 1039 525 1079 An.
543 1037 607 1087 12,
621 1035 687 1080 53.
717 1036 889 1080 litterae
903 1039 958 1080 ab

125 1113 178 1140 eo
194 1097 396 1138 inventae
419 1095 508 1137 An.
529 1095 592 1141 11,
610 1095 676 1136 14.
712 1093 796 1138 cfr.
814 1093 958 1138 vossii

123 1152 373 1198 Aristarch.
403 1151 434 1194 l.
459 1167 498 1193 c.
524 1152 596 1194 24.
647 1151 878 1209 Spalding.
904 1151 957 1194 ad

126 1211 288 1267 Quint.
316 1210 423 1253 ln-st.
450 1225 516 1252 or.
532 1210 565 1263 1,
581 1209 621 1264 4,
636 1209 679 1254 7.
722 1210 815 1252 eius
835 1225 958 1252 mors

124 1271 210 1312 An.
238 1268 303 1322 12,
328 1268 399 1310 64.

66 1327 240 1384 Appius
266 1323 478 1368 Claudius
502 1323 671 1366 Caecus
696 1322 823 1367 Orat.
849 1324 917 1370 18.

66 1383 276 1428 Claudius
303 1383 466 1426 Cossus
487 1381 541 1423 H.
570 1385 605 1431 1,
629 1381 701 1424 69.

65 1443 196 1485 Attus
220 1439 407 1483 Clausus
431 1441 519 1480 An.
548 1439 615 1493 12,
639 1439 711 1482 25.

65 1502 327 1542 claustrum
353 1496 444 1539 An.
469 1498 512 1550 2,
539 1497 608 1538 59.
634 1498 703 1540 61.

64 1556 273 1598 'clausula
298 1555 343 1596 in
367 1554 597 1596 enuntiato
623 1553 753 1597 Orat.
779 1554 851 1598 22.

67 1614 254 1657 Clausus
288 1613 406 1654 inter
431 1610 603 1654 Claudii
634 1612 827 1655 maiores
860 1611 952 1655 An.

124 1674 192 1722 11,
214 1669 284 1712 24.

64 1729 324 1772 clavarium
344 1726 398 1768 H.
423 1725 465 1782 3,
491 1727 570 1769 50.

62 1788 231 1839 cliens,
293 1784 430 1842 genit.
478 1783 596 1841 plur.
640 1784 862 1826 clientum
910 1793 954 1828 et

119 1845 353 1897 clientium
380 1844 468 1884 An.
495 1844 537 1888 2,
561 1842 631 1883 45.
673 1843 739 1893 16,
765 1844 836 1891 22.

62 1903 275 1945 clientela
297 1900 384 1943 An.
411 1898 477 1952 14,
503 1901 574 1941 61.

61 1961 310 2002 clientulus
336 1959 420 2001 An.
446 1959 512 2004 12,
536 1956 605 1999 36.
638 1956 788 2004 13,19.
824 1955 952 2000 Orat.

57 2075 252 2127 clipeus,
282 2071 335 2114 de
362 2086 461 2113 voc.
485 2069 638 2111 forma
657 2069 746 2111 An.
770 2071 812 2120 2,
836 2070 908 2113 83.

57 2133 243 2173 cludere
261 2162 273 2184 ,
319 2130 373 2170 de
397 2127 545 2170 forma
569 2129 658 2169 An.
683 2127 750 2186 15,
777 2128 847 2170 64.
893 2127 949 2172 Η.

121 2192 158 2238 1,
177 2187 247 2231 33.
302 2186 458 2228 Germ.
485 2185 558 2227 34.
583 2183 654 2225 45.

59 2244 260 2295 Cluvius,
281 2244 334 2285 de
352 2242 503 2299 script.
518 2245 601 2282 An.
620 2242 683 2289 14,
697 2243 737 2284 2.
753 2242 808 2285 Η.
826 2243 866 2297 2,
884 2243 952 2286 58.

57 2301 246 2346 Cluvius
271 2300 439 2348 Rufus,
468 2298 662 2340 Neronis
686 2315 838 2342 comes
866 2303 952 2343 An.

116 2359 184 2410 13,
207 2360 276 2401 20.
324 2357 379 2400 H.
409 2358 451 2411 4,
480 2356 550 2397 43.

59 2415 278 2460 Cocceius
295 2448 309 2470 ,
344 2415 397 2456 de
421 2414 572 2467 script.
602 2414 687 2454 An.
717 2413 785 2464 15,
806 2414 878 2456 72.

56 2473 248 2518 Codices
281 2487 466 2529 operum
495 2469 832 2513 Tacitinorum:

171 2529 390 2573 Budensis
413 2527 512 2570 Vol.
540 2527 573 2568 l.
609 2527 746 2582 praef.
769 2545 811 2586 p.
830 2527 945 2571 XIX.

169 2587 552 2640 Guelferbytanus
575 2584 683 2627 ibid.
746 2588 947 2629 continet

225 2645 320 2689 142.
347 2643 481 2691 folia,
526 2650 594 2696 et,
641 2650 689 2683 ut
724 2642 768 2684 in
795 2643 945 2684 fronte

224 2702 327 2747 libri
361 2702 523 2759 legitur
560 2716 622 2753 „a
655 2699 709 2743 P.
740 2699 944 2743 Candido

220 2759 479 2861 ιῖἓοξζῇιᾶωε
505 2767 548 2800 et
570 2758 944 2857 imendssusdpm·

410 2833 457 2858 ar
495 2833 587 2857 nar(
608 2832 681 2856 um
789 2832 812 2855 u
851 2831 941 2855 ium

221 2833 725 2917 donationeqFrancisci
767 2871 943 2914 Mediae

224 2932 389 2975 Barbae
414 2929 561 2987 Biragi
588 2931 802 2986 pervenit.
823 2929 849 2948 '⁵

170 2990 428 3033 Farnesian.
457 2988 557 3030 dial.
582 2986 720 3045 praef.
750 2986 849 3029 Vol.
869 2985 943 3034 1V.

167 3044 418 3091 Florentini
437 3044 541 3087 Vol.
561 3045 594 3087 Ι.
622 3044 762 3100 praef.
779 3060 820 3100 p.
841 3043 938 3109 ΧΥ.

222 3101 775 3223 Ξὲᾗῑυῢῑῧῑτὲἒεειίῗέἰὴέεῗὶ
794 3102 941 3205 υῗὲξῐιιῗ

220 3237 268 3262 ex
301 3232 438 3275 eaque
472 3216 713 3258 collatione
747 3217 933 3273 scriptu-

220 3294 295 3320 rae
349 3274 604 3318 varietatem
658 3273 939 3316 exhibuimus

221 3333 325 3378 Vol.
361 3331 435 3374 IV.
480 3346 522 3387 p.
558 3328 658 3372 393.
698 3346 795 3387 sqq.
870 3330 937 3371 De

219 3399 361 3435 aetate
384 3388 484 3432 cod.
510 3387 805 3444 antiquissimi
832 3387 934 3430 vide

218 3450 272 3491 B.
319 3448 374 3491 G.
419 3446 634 3487 Niebuhr.
679 3446 752 3486 ini
813 3445 934 3485 Ver-

218 3508 406 3550 mischte
477 3504 635 3545 histor.
705 3501 933 3557 Schriften

216 3564 322 3607 Vol.
351 3563 382 3607 1.
415 3576 456 3619 p.
485 3558 584 3602 337.
651 3558 801 3603 Media
835 3558 931 3615 syl-

1801 212 1928 279 4331

1203 345 1303 392 laba
1325 360 1459 390 voce.
1482 343 1532 388 in
1553 350 1606 388 eo
1629 342 1732 388 cod.
1761 343 1930 390 omissa

1209 403 1297 446 An.
1322 405 1362 458 1,
1386 403 1462 446 20.
1503 403 1546 458 2,
1578 401 1645 458 13.
1667 401 1737 446 36.
1776 401 1819 455 3,
1852 401 1929 445 22.

1202 459 1245 502 4.
1270 461 1315 504 2.
1341 459 1413 503 43.
1440 457 1513 501 51.
1555 457 1629 515 14,
1648 458 1719 504 35.
1763 459 1829 515 15,
1856 459 1931 503 535.

1206 516 1264 561 H.
1296 520 1336 569 2,
1363 518 1437 560 76.
1497 516 1669 560 exhibet
1704 517 1807 562 S.C.
1839 533 1928 575 pro

1200 584 1378 618 senatus
1413 575 1620 618 consulto
1645 575 1731 621 An.
1762 575 1827 630 13,
1851 576 1930 620 4“.-1.

1148 633 1429 677 Oxonienses
1497 630 1601 676 Vol.
1666 631 1700 674 l.
1778 632 1928 690 praef.

1204 706 1248 748 p.
1275 689 1442 733 XVlll.

1144 747 1334 790 Parisini
1361 745 1472 791 ibid.

1146 804 1354 848 Vaticani
1379 804 1482 848 Vol.
1502 803 1536 846 I.
1567 804 1704 862 praef.
1731 822 1777 865 p.
1801 806 1926 853 XVI.

1031 864 1255 916 codicilli,
1290 861 1509 918 quidxsint
1536 862 1663 906 Orat.
1691 862 1734 909 7.

1033 919 1266 975 Coeletae,
1298 920 1421 962 natio
1451 924 1532 963 An.
1558 922 1600 976 3,
1629 921 1701 964 38.

1032 979 1237 1029 Coelius,
1258 977 1322 1020 'de
1342 976 1494 1035 script.
1515 979 1604 1020 An.
1626 976 1667 1031 3,
1693 979 1764 1023 37.

1031 1038 1101 1081 BL
1125 1036 1305 1081 Coelius
1328 1033 1472 1077 Rufus
1497 1035 1625 1079 Orat.
1650 1036 1716 1082 17.

1030 1095 1253 1149 coepisse,
1296 1093 1326 1134 i.
1354 1109 1399 1149 q.
1429 1093 1678 1151 ἐπιχειρεῖν
1702 1094 1757 1138 Η.
1781 1097 1823 1143 2,
1847 1095 1926 1139 79.

1087 1160 1298 1205 coeptum
1330 1154 1389 1191 ab
1420 1154 1602 1206 aliquo,
1643 1153 1765 1208 quod
1788 1153 1842 1196 ab
1867 1168 1923 1196 eo

1090 1210 1311 1267 originem
1340 1209 1462 1251 duxit
1487 1210 1572 1251 An.
1603 1210 1640 1261 1,
1664 1211 1733 1252 50.
1793 1210 1930 1266 coepi

1090 1277 1132 1310 et
1150 1268 1250 1321 cepi
1269 1265 1388 1310 conf.
1415 1266 1468 1310 H.
1488 1267 1530 1322 3,
1555 1267 1627 1308 80.
1669 1276 1858 1322 coeptus
1881 1276 1926 1310 et

1087 1332 1240 1378 ceptus
1265 1324 1386 1368 coiis.
1413 1325 1504 1369 An.
1529 1324 1572 1380 6,
1598 1325 1670 1370 15.
1701 1327 1768 1377 11,
1795 1324 1837 1369 1.
1865 1324 1926 1370 Η.

1030 1441 1257 1484 Coeranus
1283 1441 1369 1485 An.
1399 1439 1464 1494 14,
1491 1439 1560 1483 59.

1029 1512 1236 1598 cocl'rc7ege
1258 1498 1478 1597 sitlzi'iptugg
1498 1506 1562 1541 est
1583 1499 1925 1563 cohercereAn.

1115 1590 1126 1607 2
1208 1587 1219 1597 ·
1308 1587 1320 1598 ⁸
1378 1589 1390 1610 2
1482 1591 1492 1601 ⁸

1026 1627 1188 1666 cogere
1242 1613 1296 1655 de
1348 1612 1694 1657 extraordinaria
1744 1622 1923 1658 senatus

1085 1669 1414 1714 convocatione
1457 1672 1548 1713 An.
1592 1672 1634 1720 4,
1679 1671 1747 1715 19.
1813 1686 1921 1716 cum

1082 1743 1220 1782 agere
1245 1727 1364 1770 conf.
1388 1727 1443 1775 H.
1468 1728 1508 1779 1,
1532 1728 1606 1773 62.

1028 1785 1340 1843 Cogidumnus
1363 1785 1402 1827 A
1438 1803 1473 1829 r.
1502 1788 1569 1831 14.

1026 1844 1247 1896 cogitatio
1304 1842 1360 1886 H.
1431 1877 1444 1898 ,
1488 1844 1556 1886 86.
1635 1843 1758 1887 conf.
1814 1859 1922 1887 cum

1082 1902 1295 1953 cognatio
1329 1900 1457 1946 Orat.
1478 1901 1549 1945 25.
1579 1917 1685 1945 cum
1715 1902 1919 1962 cognitio

1081 1957 1191 2001 ibid.
1221 1958 1288 2000 16.
1316 1960 1388 2002 21.

1026 2017 1239 2067 cognatio
1262 2025 1303 2057 et
1327 2017 1544 2070 cogitatio
1566 2015 1688 2060 conf.
1708 2015 1840 2061 Orat.
1850 2015 1929 2060 25.

1023 2071 1219 2126 cognitio
1242 2081 1285 2114 et
1309 2075 1528 2126 cogitatio
1554 2073 1677 2117 conf.
1701 2073 1830 2118 Orat.
1845 2075 1917 2118 16.

1080 2132 1147 2173 21.
1189 2146 1232 2172 v.
1261 2131 1445 2188 Zumpt.
1473 2132 1525 2174 ad
1552 2129 1711 2186 Quint.
1734 2130 1790 2179 X,
1816 2134 1854 2183 1,
1875 2133 1918 2176 1·-

1022 2189 1230 2231 cohibere
1251 2189 1458 2244 fluvios,
1503 2189 1611 2245 quid
1650 2188 1801 2247 signif.
1827 2191 1916 2232 An.

1088 2247 1153 2293 12,
1177 2245 1245 2287 31.

1024 2302 1231 2346 cohortes
1271 2302 1470 2344 numeris
1503 2301 1736 2346 distinctae
1778 2302 1836 2347 H.
1872 2305 1914 2359 1,

1080 2360 1151 2401 64.
1212 2362 1376 2400 cohors
1401 2358 1455 2400 de
1479 2359 1636 2402 amicis
1661 2369 1702 2405 et
1732 2362 1914 2404 comit-i·

1077 2417 1160 2458 bus
1186 2415 1273 2459 An.
1301 2419 1338 2469 1,
1364 2416 1434 2462 29.
1497 2433 1520 2459 a
1555 2417 1806 2475 legionariis
1838 2418 1913 2462 di-

1080 2488 1233 2517 versae
1260 2473 1359 2516 ’An.
1396 2476 1433 2528 1,
1470 2475 1506 2516 8,
1547 2473 1589 2530 3,
1612 2474 1683 2518 33.
1741 2475 1914 2519 cohor·-

1075 2539 1139 2573 tes
1185 2530 1433 2587 praetoriae
1469 2531 1559 2578 An.
1592 2534 1634 2587 2,
1677 2533 1744 2576 16.
1790 2533 1834 2589 4,
1869 2538 1921 2582 1.

1075 2589 1191 2631 servi
1220 2598 1260 2630 et
1282 2586 1430 2630 liberti
1459 2588 1577 2632 inter
1598 2588 1807 2635 cohortes
1834 2607 1909 2635 re-

1076 2646 1189 2702 cepti
1218 2648 1322 2702 Agr.
1345 2644 1417 2686 32.

1018 2702 1255 2745 collectiva
1278 2701 1499 2746 vocabula
1521 2720 1624 2746 cum
1649 2704 1768 2762 plur.
1784 2705 1911 2751 verb.

1075 2759 1194 2802 coni.
1223 2761 1312 2803 An.
1341 2761 1407 2810 12,
1433 2759 1503 2803 33.
1537 2761 1623 2806 vid.
1646 2778 1678 2805 s.
1698 2765 1912 2817 pluralis.

1014 2820 1214 2870 collega,
1259 2816 1480 2866 κοινωνὸς
1507 2820 1597 2862 τῶν
1622 2821 1905 2879 φροντίδων,

1075 2875 1128 2916 de
1152 2874 1312 2917 Seiano
1337 2875 1425 2922 An.
1447 2877 1488 2931 5,
1512 2877 1554 2919 6.

1017 2933 1252 2985 colligere,
1324 2932 1368 2973 in
1421 2942 1679 2991 temporum
1732 2936 1905 2980 ratione

1076 2988 1204 3032 Orat.
1231 2989 1294 3032 17.
1317 2989 1389 3033 24.
1412 3035 1414 3037 ,

1015 3049 1240 3088 collocare
1273 3062 1357 3103 pro
1387 3047 1560 3103 dicere,
1615 3063 1904 3093 commemo-

1070 3118 1177 3144 rare
1203 3103 1373 3146 dictum
1394 3106 1481 3147 An.
1505 3106 1547 3154 6,
1570 3105 1644 3151 27.

1014 3159 1251 3216 Colophon
1278 3162 1367 3202 An.
1390 3161 1433 3216 2,
1459 3161 1530 3205 54.

1011 3219 1206 3258 colorati
1230 3220 1381 3259 vultus
1403 3219 1514 3276 Agr.
1541 3222 1610 3262 11.

1011 3276 1219 3315 corninus
1251 3274 1315 3316 sic
1341 3274 1528 3319 Walth.
1565 3277 1618 3320 ad
1652 3278 1742 3324 An.
1763 3280 1806 3332 6,
1826 3280 1900 3327 35.

1068 3331 1222 3373 Germ.
1237 3332 1277 3375 8.
1294 3364 1306 3382 ‚
1333 3333 1540 3390 equidem
1562 3335 1899 3392 praeferendam

1067 3388 1167 3429 duxi
1202 3389 1386 3431 alteram
1420 3389 1614 3434 sormam
1639 3397 1901 3439 comminus

1063 3445 1191 3487 Orat.
1223 3444 1292 3488 25.
1350 3446 1613 3490 auctoribus
1651 3448 1806 3495 Cortio
1843 3454 1900 3497 ad

1062 3501 1171 3544 Sall.
1189 3502 1285 3546 Cat.
1309 3519 1348 3547 c.
1364 3504 1436 3559 60,
1451 3503 1491 3550 3.
1530 3503 1780 3552 Schneider
1793 3509 1901 3554 Ele-

1061 3559 1269 3603 mentarl.
1297 3576 1342 3616 p.
1367 3561 1471 3605 542.
