2150 4022
549 228 1079 340 DIALOGUS.
1164 277 1358 338 CAP.
1398 279 1500 339 26.
1823 278 1944 335 351

269 394 491 471 XXVI.
531 408 807 468 Ceterum
843 409 894 465 si
931 409 1148 465 omisso
1177 408 1403 482 optimo
1431 407 1540 464 illo
1565 417 1622 470 et
1649 406 1953 482 perfectis-

103 499 251 556 simo
275 496 485 578 genere
511 495 880 572 eloquentiae
903 494 1168 568 eligenda
1196 493 1271 550 sit
1294 494 1485 549 forma
1511 491 1779 563 dicendi,
1822 513 1952 551 ma-

102 586 208 641 lim
245 571 442 640 hercle
477 580 544 642 C.
574 575 834 640 Gracchi
870 580 1137 654 inpetum
1173 587 1275 634 aut
1315 575 1384 634 L.
1410 575 1605 635 Crassi
1643 577 1952 636 maturita-

103 681 252 738 tem,
289 687 463 745 qnam
488 667 847 724 calamistros
862 662 1221 722 Maecenatis
1245 673 1346 718 aut
1369 662 1622 719 tinnitus
1637 660 1950 725 Gallionis,

104 755 251 810 adeo
287 752 500 810 melius
540 763 624 808 est
651 762 947 807 oratorem
977 749 1072 805 vel
1101 745 1258 805 hirta
1291 758 1425 819 toga
1451 748 1730 816 induere,
1773 769 1950 824 quam

102 837 314 896 fucatis
364 850 420 895 et
458 837 804 894 meretriciis
844 835 1103 892 vestibus
1143 832 1447 904 insignire.
1546 831 1750 908 Neque
1792 835 1952 891 enim

105 924 395 982 oratorius
442 923 584 992 iste,
654 922 834 978 immo
874 916 1070 976 hercle
1109 938 1184 974 ne
1232 917 1424 973 virilis
1475 917 1714 993 quidem
1762 921 1954 977 cultus

108 1020 222 1079 est,
268 1030 384 1086 quo
412 1008 678 1084 plerique
705 1018 1035 1082 temporum
1056 1014 1395 1061 nostrorum
1422 1013 1644 1059 actores
1670 1003 1747 1060 ita
1771 1016 1956 1063 utun-

164 1196 276 1243 CAP.
312 1196 384 1241 26.
451 1197 643 1251 optimo.
714 1195 815 1239 MS.
858 1195 995 1252 Neap.

104 1256 297 1310 opin103
368 1254 485 1298 idem
543 1254 657 1297 liber
711 1254 845 1311 paulo
897 1258 997 1308 post

106 1314 286 1368 hercle,
329 1311 449 1370 quod
486 1327 569 1368 pro
594 1313 772 1369 vulgato
797 1310 995 1352 Hercule

107 1369 415 1427 recipiendum
438 1368 567 1421 duxi,
609 1376 761 1426 utpote
786 1369 831 1410 in
860 1367 994 1409 fami-

107 1426 206 1472 liari
227 1441 437 1470 sermone
459 1425 674 1470 usitatius.
710 1424 836 1481 [Vid.
852 1424 996 1467 Gern·

107 1483 234 1529 hard.
277 1484 332 1526 ad
369 1482 468 1530 Cic.
502 1483 598 1527 Cat.
646 1485 749 1526 mai.
792 1499 831 1526 c.
862 1482 905 1526 3.
952 1490 994 1524 et

109 1539 331 1585 Goerenz.
357 1540 411 1584 ad
437 1541 572 1599 Legg.
595 1544 638 1596 9,
660 1543 702 1590 4,
727 1541 794 1596 8.]

170 1624 218 1668 C.
246 1623 449 1667 Gracchi
471 1626 696 1678 impetum
712 1657 725 1679 ,
763 1623 816 1666 L.
842 1623 1002 1666 Crassi

110 1683 452 1726 maturitatem.
511 1682 570 1725 cf.
594 1683 713 1724 Flor.
740 1682 782 1733 3,
811 1685 875 1723 15.
906 1695 997 1722 nvn

111 1739 297 1781 minore.
333 1741 504 1792 impetu
536 1740 727 1782 incaluit
765 1738 814 1782 C.
843 1740 999 1780 Grac-

110 1797 237 1839 chuS.
296 1797 501 1841 Mam-ob.
531 1797 711 1839 Saturn.
744 1799 783 1844 5,
816 1800 852 1840 l.
885 1804 995 1838 sunt

106 1862 356 1908 praeterea
379 1857 477 1896 stili
486 1855 672 1896 dicendi
685 1859 791 1908 dun,
818 1853 1000 1907 dispari

111 1910 380 1953 moralitate
398 1913 587 1954 diversi.
649 1913 783 1954 Unus
806 1920 873 1953 cst
897 1927 998 1953 ma·

112 1975 246 2010 turus
272 1976 316 2010 et
347 1972 532 2022 gravis,
573 1972 720 2024 qualis·
748 1969 803 2013 L.
829 1971 996 2010 Crasso

110 2028 415 2080 adsignatur:
449 2028 571 2068 alter
592 2028 693 2069 huic
715 2027 994 2079 contrarius,

110 2088 284 2125 ardens
335 2091 380 2124 ct
435 2092 613 2126 erectus
666 2092 710 2127 et
769 2084 995 2139 infensus,

111 2142 240 2195 quali
260 2154 372 2182 usus
390 2142 638 2201 Antonius.

166 2225 463 2267 calamistros
490 2224 790 2268 Maecenatis.
855 2224 999 2267 Cala.-

111 2282 319 2326 mistcrs.
334 2283 606 2325 calanus—tra
623 2298 656 2326 s.
670 2284 1002 2326 calamistrum

113 2338 199 2392 (his
229 2338 346 2380 enim
377 2339 537 2385 formis
562 2346 735 2382 veteres
762 2341 1001 2383 utebantur

113 2404 299 2438 anctore
336 2394 538 2438 Charisio
584 2397 701 2450 apud
737 2396 898 2439 Meier.
946 2397 1000 2439 ad

113 2452 211 2496 Cic.
243 2461 357 2496 orat.
393 2469 434 2498 c.
458 2454 530 2496 27.
557 2458 586 2509 §
608 2453 698 2510 78.)
733 2463 797 2497 est
828 2453 1002 2496 instru-

116 2520 317 2552 mentum
371 2511 567 2553 serreuru
587 2543 600 2566 ,
669 2526 759 2566 quo
816 2510 1002 2567 capillos

115 2568 290 2609 urendo
326 2567 520 2624 crispare
552 2568 769 2611 solebant.
827 2568 1004 2612 Trans-

114 2623 346 2668 ferebatur
389 2624 432 2668 id
474 2625 527 2668 ad
564 2624 755 2668 nimium
790 2626 1005 2668 orationis

117 2690 324 2726 ornatum
361 2682 693 2740 quaesitamque
726 2683 1005 2740 elegantiam,

115 2748 165 2783 ut
188 2739 341 2781 docuit
357 2739 532 2783 Ernest.
548 2741 648 2784 Lex.
673 2739 864 2784 technol.
887 2739 931 2783 h.
954 2756 1002 2783 v.

117 2797 355 2855 Aptissima
388 2797 431 2840 id
467 2797 704 2840 adhibetur
736 2797 781 2839 in
823 2798 1005 2840 Maece-

118 2854 232 2900 natis
285 2871 445 2911 genere
485 2854 663 2899 dicendi
712 2854 1006 2912 designando.

119 2912 162 2954 ls
186 2910 303 2954 enim
327 2922 374 2954 ut
403 2913 447 2954 in
471 2913 558 2954 vita
583 2911 798 2969 cultuque
824 2911 996 2970 elegan-

119 2969 205 3012 fiae
241 2967 498 3012 delicatulae
535 2969 881 3014 studiosissimus
917 2979 1009 3013 erat

121 3041 262 3083 eoque
284 3027 470 3068 nomine
491 3026 538 3068 in
559 3026 719 3070 iustam
749 3026 1009 3084 plerorum-

121 3098 207 3140 que
245 3082 632 3138 reprehensionem
671 3083 862 3128 incurrit
894 3084 1007 3139 (vid.

121 3138 357 3182 Heindorf.
390 3139 442 3182 ad
480 3139 637 3183 Horat.
669 3141 758 3185 Sat.
799 3144 835 3192 l,
863 3143 905 3196 2,
938 3143 1008 3186 25.

121 3206 164 3240 et
188 3195 271 3238 Th.
294 3195 494 3240 Schmid.
522 3197 576 3239 ad
603 3197 709 3242 Hor.
731 3198 812 3257 Ep.
843 3199 948 3245 Vol.
973 3200 1008 3243 1.

122 3271 167 3313 p.
191 3255 300 3310 45.),
341 3255 399 3296 ita
423 3255 527 3296 stilo
554 3255 763 3299 utebatur
797 3260 1008 3308 remisso,

122 3314 258 3355 molli
286 3318 329 3353 et
361 3311 610 3367 dissoluto,
668 3320 717 3355 ut
757 3315 874 3368 apud
906 3315 1010 3357 Ma-

123 3367 250 3412 crob.
286 3375 351 3410 est
384 3368 567 3413 saturn.
598 3370 639 3420 2,
667 3361 736 3413 4)
781 3369 853 3415 Cf.
887 3372 1008 3414 Mei-

125 3425 249 3467 bom.
278 3425 485 3469 Maecen.
519 3442 618 3484 cap.
641 3426 716 3470 23.
776 3429 1006 3486 Spalding.

126 3489 169 3524 et
215 3482 456 3526 Burmann.
498 3483 552 3525 ad
595 3481 753 3539 Quint.
795 3486 896 3530 Vol.
934 3484 1010 3531 ΙΙΙ.

161 3570 171 3580 .
207 3539 303 3582 540.
346 3548 388 3581 et
426 3539 687 3598 Bernhardy
733 3541 833 3590 hist.
876 3544 1011 3589 litter.

126 3553 258 3641 l’lom.
286 3611 325 3655 p.
354 3595 444 3644 108.
471 3606 567 3644 not.
596 3597 690 3645 184.

1127 1193 1328 1235 tinnitus
1363 1190 1605 1245 Gallionis.
1677 1189 1792 1235 Edd.
1832 1192 1954 1250 Spir.

1067 1249 1170 1294 Pnt.
1194 1249 1293 1294 Riv.
1321 1249 1502 1291 Tinitus
1532 1272 1581 1282 --
1619 1247 1958 1297 edd.Ber.Alc.

1066 1308 1210 1351 Rheu.
1253 1306 1358 1350 Ald.
1405 1322 1503 1363 sqq.
1548 1321 1709 1348 omnes
1749 1306 1958 1353 exhibent

1068 1363 1275 1407 tinnitus.
1337 1363 1400 1407 Ut
1424 1363 1539 1420 apud
1566 1362 1764 1409 Graecos
1790 1362 1958 1410 κώδω-

1067 1438 1142 1472 νες
1162 1421 1192 1465 i.
1218 1438 1258 1466 e.
1282 1423 1594 1464 tintinnabula
1622 1421 1870 1479 appellatur
1899 1425 1956 1468 fi-

1068 1496 1278 1539 gurarum
1334 1486 1520 1521 ornatus
1565 1478 1860 1536 importunus
1914 1491 1959 1527 et

1067 1541 1186 1582 iusto
1208 1535 1517 1594 frequentior,
1563 1536 1620 1578 ita
1645 1534 1820 1579 tin'nuli
1844 1554 1954 1586 oca.

1069 1605 1196 1639 tores
1239 1601 1655 1638 commemorantur
1696 1610 1720 1635 a
1759 1594 1960 1652 Quintil,

1068 1655 1178 1697 lust.
1206 1667 1272 1694 or.
1294 1652 1336 1700 9,
1357 1651 1398 1701 3,
1418 1651 1485 1700 9.,
1529 1653 1734 1694 tinnulae
1768 1662 1957 1697 senten-

1069 1713 1162 1753 tiae
1203 1711 1398 1752 Senecae
1439 1724 1462 1750 a
1499 1708 1734 1751 Frontone
1778 1726 1822 1767 p.
1858 1712 1959 1758 240,

1069 1767 1185 1824 expl.
1234 1767 1367 1808 Rom.
1388 1799 1398 1815 ‚
1459 1766 1706 1822 eodemque
1758 1768 1959 1814 tinnitus

1102 1824 1293 1868 ertiuent
1325 1822 1560 1865 Gallionis.
1620 1825 1727 1866 Duo
1760 1824 1961 1872 rhetores

1068 1842 1185 1924 funii
1221 1880 1453 1923 Galliones
1496 1880 1707 1929 fuerunt,
1754 1892 1881 1940 pater
1918 1895 1963 1931 et

1068 1939 1199 1982 filius.
1262 1938 1391 1981 Pater
1420 1939 1473 1979 de
1499 1946 1591 1980 arte
1613 1939 1832 1983 rhetorica
1852 1944 1961 1986 scri.

1069 1998 1156 2055 psit
1187 1996 1267 2052 (cf.
1304 1994 1530 2052 Spalding.
1565 1999 1617 2038 ad
1655 1995 1815 2052 Quint.
1851 1998 1960 2044 lust.

1072 2070 1139 2096 or.
1171 2053 1213 2103 3,
1247 2057 1286 2101 1,
1318 2055 1388 2095 21.
1433 2061 1475 2094 et
1511 2051 1665 2095 Faber.
1712 2055 1764 2097 ad
1799 2056 1962 2104 Senec.

1072 2111 1292 2155 Gonu-ov.
1326 2113 1366 2162 2,
1399 2105 1441 2152 4.
1486 2126 1527 2167 p.
1569 2111 1679 2165 177.)
1717 2121 1759 2155 et
1790 2115 1963 2160 amicus

1070 2168 1158 2211 fuit
1175 2171 1370 2211 Senecae
1395 2167 1605 2211 rhetoris.
1671 2169 1737 2211 De
1762 2178 1965 2229 tempore

1070 2226 1174 2271 vide
1202 2223 1424 2284 Ryckium
1451 2225 1503 2267 ad
1528 2225 1669 2270 Tacit.
1691 2229 1783 2271 An.
1801 2231 1868 2281 15,
1890 2231 1964 2276 73.

1071 2302 1098 2343 p
1129 2345 1248 2384 adeo
1303 2341 1464 2382 melius
1522 2347 1604 2382 est.
1693 2341 1771 2386 Sic
1823 2344 1963 2390 MSS,

1074 2398 1215 2456 Neap.
1240 2397 1415 2440 Vatiec.
1436 2397 1628 2454 indeque
1662 2399 1761 2441 edd.
1786 2401 1964 2447 Broter.

1075 2456 1231 2500 Oherl.
1258 2454 1352 2511 Bip.
1380 2453 1558 2497 Schulz,
1580 2454 1966 2506 Seebod.Dronk.

1074 2513 1246 2557 Osann.
1269 2510 1412 2554 Orell.
1444 2511 1601 2566 [Bekk.
1626 2513 1844 2559 Boettieh.
1869 2517 1967 2561 Ru-

1075 2574 1210 2629 pet·t.]
1231 2594 1276 2602 -
1299 2569 1370 2611 ed.
1384 2569 1501 2625 Spir.
1524 2572 1642 2610 aden
1661 2572 1830 2616 melius
1850 2575 1967 2616 in—

1077 2628 1175 2671 edd.
1212 2627 1315 2670 Put.
1350 2626 1450 2670 Riv.
1489 2642 1586 2682 sqq.
1631 2632 1748 2671 adeo
1785 2634 1970 2689 melius,

1076 2684 1201 2743 quod
1243 2684 1563 2739 corrigendum
1612 2683 1843 2731 videbatur
1885 2690 1966 2735 Pi-

1077 2742 1242 2786 ehenae
1262 2742 1308 2784 in
1331 2742 1492 2782 malim
1508 2774 1518 2793 ‚
1553 2742 1847 2798 probantibus
1861 2747 1967 2791 Ber·

1077 2815 1256 2857 negger.
1270 2797 1472 2841 Gronov.
1491 2798 1740 2844 Heumann.
1754 2801 1930 2849 Ernest.

1134 2859 1211 2898 vel
1229 2856 1354 2898 hirta
1375 2862 1502 2908 toga.
1567 2857 1789 2916 Compara
1806 2861 1969 2918 Quint.

1079 2914 1191 2958 Inst.
1225 2929 1294 2956 or.
1331 2913 1397 2962 12,
1436 2915 1502 2962 10,
1534 2914 1606 2957 47.
1651 2917 1711 2958 do
1753 2924 1971 2975 tempori,

1078 2985 1140 3014 ne
1164 2971 1291 3013 hirta
1317 2978 1428 3023 toga
1449 2971 1538 3022 sit;
1575 2985 1670 3014 non
1695 2975 1872 3021 serica:
1910 2995 1971 3023 ne

1077 3031 1324 3072 intonsum
1356 3035 1523 3081 caput:
1568 3043 1662 3070 mm
1703 3031 1750 3073 in
1789 3039 1971 3089 gradus

1078 3093 1219 3142 atque
1253 3087 1458 3127 annulos
1493 3093 1722 3130 comtum:
1773 3107 1875 3134 cum
1917 3109 1971 3136 eo

1081 3147 1226 3198 quod,
1272 3144 1317 3184 si
1338 3158 1434 3186 non
1455 3147 1521 3186 ad
1547 3146 1796 3190 luxuriam
1821 3166 1878 3192 ac
1911 3154 1967 3193 li-

1080 3202 1280 3244 bidinem
1323 3199 1534 3255 reseras,
1589 3206 1755 3245 eadem
1796 3211 1973 3261 specio-

1079 3258 1212 3301 siora
1257 3271 1435 3313 quoquc
1480 3259 1598 3314 sint,
1654 3276 1775 3316 quac
1821 3265 1972 3309 lione-

1080 3316 1248 3358 stiora.

1141 3379 1406 3421 temporum
1455 3381 1730 3416 nostrorum
1772 3386 1973 3427 actores.

1082 3428 1205 3472 Haec
1227 3428 1400 3486 Lipsius
1423 3430 1614 3473 correxit
1639 3447 1662 3474 e
1686 3432 1793 3478 cod.
1819 3435 1974 3491 Fam„

1081 3501 1282 3544 quocum
1306 3487 1403 3530 MS.
1432 3486 1523 3529 Nea
1561 3519 1571 3529 .
1593 3487 1728 3545 facit,
1764 3489 1975 3552 idemque

1082 3542 1498 3588 confirmantMSS.
1553 3545 1699 3598 atice„
1750 3547 1796 3590 ui
1818 3565 1974 3598 cortu.

1083 3607 1210 3660 ptum
1224 3610 1437 3646 auctores
1454 3603 1684 3659 praebent.
1764 3618 1976 3668 orruptae
