2150 4022
582 242 1107 314 DIALOGUS.
1192 246 1382 310 GAP.
1426 250 1521 319 10.

1849 249 1975 314 263

133 373 372 437 costati
397 373 584 435 robur
605 387 671 437 ac
693 374 850 434 vires
873 374 960 430 dii
987 375 1316 446 dedissent,
1371 397 1494 441 non
1519 384 1749 452 paterer
1782 374 1974 437 inma-

127 478 231 521 nes
264 458 407 519 illos
444 469 500 521 et
540 459 615 517 ad
650 472 907 533 pugnam
936 471 1106 517 natos
1136 462 1381 518 lacertos
1410 461 1644 526 levitate
1669 460 1850 519 iaculi
1872 472 1973 527 aut

125 545 281 603 iaetu
314 544 460 602 disci
484 563 825 600 vanescere:
879 543 961 600 sic
996 565 1157 608 nune
1196 557 1252 602 tc
1290 547 1363 602 ab
1391 544 1696 609 auditoriis
1720 556 1775 603 et
1801 540 1969 603 thea-

125 629 228 689 tris
257 628 322 684 in
351 629 549 685 forum
579 641 636 690 et
666 630 740 685 ad
775 649 974 689 causas
1003 641 1060 686 et
1089 631 1162 693 ad
1192 650 1328 686 vera
1352 630 1576 704 proelia
1605 650 1777 686 voco:
1831 649 1967 687 cum

119 713 460 789 praesertim
497 733 572 769 ne
609 714 680 770 ad
721 714 873 770 illud
917 714 1157 791 quidem
1197 715 1508 788 confugere
1538 715 1755 790 possis,
1805 715 1966 793 quod

117 797 412 874 plerisque
459 799 898 872 patrocinatur,
939 811 1244 875 tanquam
1289 799 1486 855 minus
1526 800 1847 856 obnoxium
1889 800 1964 856 sit

117 883 417 938 offendere
443 895 749 956 poetarum
772 904 949 959 quam
976 896 1274 941 oratorum
1301 885 1581 943 studium.
1628 884 1959 942 effervescet

113 967 271 1033 enim
298 967 386 1037 vis
413 964 844 1042 pulcherrimae
877 979 1121 1036 naturae
1149 981 1281 1026 tuae
1299 1015 1315 1038 ,
1372 989 1479 1024 nec
1506 989 1613 1045 pro
1641 969 1827 1025 amico
1852 970 1960 1032 ali-

108 1163 429 1221 corrigendum
452 1179 509 1207 αο
525 1163 712 1209 voculae
735 1161 1001 1222 repetitione

110 1221 291 1270 auribus
320 1220 638 1280 aliquantisper
668 1222 878 1274 molesta,
919 1238 998 1265 re-

108 1281 224 1328 ctius
277 1278 492 1323 iudicabit
543 1278 708 1321 collato
775 1295 871 1336 cap.
925 1280 992 1330 12.

106 1336 294 1391 Orphea
322 1349 379 1380 ac
401 1335 599 1386 Linum,
640 1352 694 1378 ac
723 1337 768 1378 si
795 1338 1009 1390 introsp..

103 1394 187 1448 (cf,
217 1402 314 1439 not.
343 1393 396 1442 ad
434 1409 536 1437 eum
569 1394 620 1447 l.)
654 1392 841 1451 aliisque
872 1395 989 1452 apud

103 1449 350 1499 ernistum·

159 1506 427 1555 Nicostrati
435 1507 590 1548 ‘robur
611 1522 666 1549 ac
691 1507 825 1549 vires.
890 1506 987 1552 Cla-

52 1615 55 1618 ,
100 1565 304 1611 τίιεὶιιιιιε
333 1563 584 1618 isannem,
623 1563 677 1606 de
709 1579 800 1620 quo
825 1562 987 1618 Quint.

100 1623 214 1669 lust.
230 1638 309 1675 or.
331 1621 374 1670 2,
395 1621 438 1674 8,
468 1621 535 1664 14.
563 1628 615 1667 at
637 1625 683 1663 si
695 1623 869 1676 suerit,
914 1624 996 1677 qui

99 1679 352 1730 docebitur,
379 1680 481 1726 ille,
514 1693 649 1733 quem
672 1680 990 1721 adolescentes

98 1751 260 1785 senem
279 1738 490 1790 vidimus,
513 1736 814 1790 Nicostratus,
841 1736 986 1778 omni-

95 1797 183 1840 bus
208 1795 258 1838 in
281 1809 334 1836 eo
353 1792 551 1839 docendi
574 1793 790 1847 partibus
822 1793 983 1836 simili·

97 1860 170 1895 ter
192 1859 373 1899 utetur:
406 1849 658 1906 efficietque
682 1851 840 1905 illum,
875 1866 985 1907 qua·

94 1911 154 1952 lis
172 1911 242 1953 hie
253 1908 375 1964 suit,
408 1910 626 1951 luctando
645 1912 987 1963 pugnandoque

92 1968 318 2022 (quorum
353 1972 551 2019 utroque
594 1966 853 2008 certamine
893 1966 985 2007 iis·

91 2028 202 2072 dem
219 2023 377 2070 diebus
395 2023 724 2076 coronabatur)
745 2023 982 2065 invictum.

91 2079 219 2124 Idem
256 2085 406 2125 narrat
443 2077 632 2128 Pausan.
667 2078 713 2120 in
750 2077 908 2124 Eliacis
942 2079 983 2129 5.

93 2154 133 2182 c.
158 2139 227 2186 21,
255 2139 292 2180 5.
350 2135 455 2178 Fuit
481 2136 541 2187 is,
575 2139 759 2184 auctore
783 2135 980 2180 Luciano

91 2198 191 2244 πῶς
211 2195 285 2238 δεῖ
305 2195 512 2253 ἱστορίαν
535 2188 826 2251 συγγράφειν
859 2210 898 2238 e.
921 2193 980 2243 9.,

90 2252 244 2307 isidoti
268 2251 383 2294 filius
400 2283 412 2301 ,
449 2260 489 2293 et
513 2252 703 2308 palmam
728 2251 849 2294 iiiam
874 2266 979 2309 pan·

91 2309 215 2354 oratii
241 2317 282 2351 et
306 2308 449 2350 luctae
476 2307 523 2348 in
554 2307 796 2350 certamine
815 2307 976 2365 Olym—

89 2367 192 2427 pico
214 2364 314 2409 tulit
330 2363 514 2421 Olymp.
534 2362 684 2406 CCtV.
705 2396 716 2413 ,
747 2380 836 2419 quo
858 2380 976 2406 anno

89 2421 327 2474 victoriam
362 2421 601 2463 collocavit
633 2420 772 2463 Iulius
799 2421 974 2464 Africa-

89 2497 190 2525 nus.
261 2478 412 2528 Alios,
462 2476 537 2537 qui
577 2478 630 2519 de
666 2493 719 2520 eo
756 2493 972 2536 exposue—

88 2547 228 2586 runt,
299 2536 538 2590 scriptores
601 2535 976 2579 commemoravit

88 2594 334 2639 Schulzius.
367 2616 421 2625 —
478 2592 508 2634 S
529 2607 742 2649 'nonyma
770 2594 893 2633 vires
919 2607 976 2634 ac

86 2654 228 2694 robur
249 2653 399 2695 iuncta
423 2659 471 2692 ut
529 2649 598 2692 ist.
615 2649 731 2700 1,87,
758 2651 814 2692 ad
841 2665 973 2707 quem

88 2710 176 2754 loc.
200 2709 260 2752 cf.
284 2716 378 2751 not.

144 2775 188 2809 et
229 2769 293 2808 ad
334 2780 543 2819 pugnam
582 2772 739 2806 natos.
825 2762 883 2804 Et
926 2762 973 2805 in

84 2823 202 2881 Lips.
227 2824 330 2866 edd.
355 2823 607 2879 negiectum
634 2820 863 2864 Aeidaiius
896 2835 972 2863 re-

85 2881 253 2930 stituit,
298 2894 442 2936 neque
487 2887 637 2922 tamen
679 2876 876 2935 primus,
926 2884 974 2926 ut

84 2936 277 2980 Seebod.
299 2937 459 2986 tradit,
499 2936 535 2978 si
557 2935 736 2992 quidem
764 2934 809 2977 in
834 2934 971 2992 antiq.

81 2994 188 3038 edd.
223 2993 432 3036 omnibus
469 3001 618 3036 exstat.
679 2992 730 3034 ln
769 2991 967 3034 eiusdem

82 3050 273 3095 Seebod.
308 3051 380 3095 ed.
412 3058 594 3107 utraque
621 3065 873 3107 expressum
905 3056 970 3091 est

81 3111 246 3161 dacos,
302 3122 453 3149 errore
487 3114 656 3163 aperto.
700 3131 754 3139 -
827 3106 968 3156 Panlo

80 3172 182 3224 post
214 3181 296 3222 pro
329 3164 396 3206 sic
433 3177 556 3207 nunc
597 3164 664 3207 ed.
702 3164 818 3222 Sp-ir.
854 3165 967 3210 sicut

79 3236 201 3265 nunc
224 3221 418 3280 praebet.

137 3281 203 3321 ad
245 3293 353 3321 vera
388 3279 586 3331 proelia.
669 3275 728 3320 cf.
773 3286 870 3320 not.
913 3277 967 3320 ad

83 3336 208 3379 c.37.
233 3345 341 3378 extr.
370 3343 412 3377 et
433 3334 549 3378 Ptin.
565 3334 646 3391 Ep.
669 3336 711 3383 2,
733 3334 773 3382 3,
797 3335 837 3376 6.
872 3336 968 3377 Nos

84 3394 206 3434 enlm
221 3425 233 3447 ,
271 3393 350 3447 qui
371 3393 416 3434 in
437 3393 553 3447 fot-o
578 3393 788 3447 verisque
812 3393 966 3434 litibus

83 3451 295 3503 terimur,
329 3451 526 3497 neultum
547 3450 775 3503 malitiae,
804 3463 966 3503 quam-

78 3509 149 3548 ,vis
171 3506 374 3551 nolimus
386 3538 407 3562 ,‚
433 3506 737 3553 addiscimus.
796 3507 966 3550 Schola

83 3570 129 3606 ee
150 3563 463 3619 auditorium,
497 3570 546 3606 ut
559 3563 676 3618 ficta
696 3578 839 3612 eausa
853 3596 867 3615 ‚
896 3565 966 3606 ita

1071 1180 1148 1209 res
1168 1167 1363 1209 inermis
1375 1198 1388 1221 ,
1423 1165 1623 1215 innoxia
1644 1173 1712 1209 est
1727 1179 1742 1208 .·
1769 1179 1854 1209 nec
1873 1165 1944 1210 mi
1953 1191 1958 1196 ·

1067 1239 1159 1267 nus
1168 1223 1324 1279 felix,
1356 1225 1542 1273 senibus
1558 1224 1861 1278 praesertim.

1121 1321 1180 1348 ne
1212 1309 1276 1348 ad
1307 1308 1422 1348 illud
1454 1307 1659 1362 quidem.
1721 1305 1796 1349 Sic
1817 1304 1954 1351 MSS.

1063 1361 1202 1421 Neap.
1226 1364 1282 1418 [F
1285 1379 1382 1407 arn.
1406 1363 1523 1420 apud
1539 1362 1694 1416 Bekk.]
1716 1371 1758 1405 et
1775 1363 1958 1416 Vatiae„

1062 1437 1109 1463 ex
1143 1420 1303 1476 quibus
1334 1421 1589 1465 restitutum
1623 1430 1688 1463 est
1720 1437 1744 1464 a
1772 1419 1952 1465 Dronk-

1061 1477 1391 1521 Osann.Orell.
1417 1476 1846 1533 [Bekk.Boettieh.].
1899 1478 1952 1521 lu

1059 1534 1243 1593 reliquis
1265 1534 1475 1585 omnibus
1498 1534 1623 1579 libris
1644 1535 1864 1592 scriptum
1886 1544 1954 1579 est

1058 1593 1109 1634 id
1127 1592 1281 1649 [,quod
1299 1590 1488 1637 servavit
1503 1591 1722 1649 Rupert.].
1737 1615 1792 1624 --
1817 1591 1952 1638 Prae-

1059 1658 1178 1692 terea
1209 1665 1292 1706 pro
1328 1650 1593 1704 confugere,
1640 1649 1762 1707 quod
1794 1657 1949 1692 tenent

1062 1707 1159 1749 edd.
1181 1705 1275 1749 fere
1301 1722 1481 1757 omnes,
1517 1722 1669 1750 errore
1692 1705 1947 1763 typothetae

1057 1763 1103 1806 in
1135 1762 1272 1820 Lipsii
1311 1764 1550 1806 nonnullas
1587 1763 1689 1807 edd.
1723 1762 1948 1821 posterio-

1055 1837 1126 1863 res
1169 1819 1344 1863 illatum
1391 1830 1457 1864 est
1498 1820 1709 1867 vitiosum
1756 1834 1949 1865 consur-

1053 1892 1194 1932 gere,
1228 1878 1349 1935 quod
1375 1894 1488 1921 unus
1512 1877 1758 1921 Seehodius
1778 1879 1948 1937 *propa-

1055 1934 1197 1993 gavit,
1230 1936 1306 1977 sed
1331 1950 1424 1977 non
1450 1935 1625 1978 monito
1649 1935 1832 1978 lectore.

1089 2004 1366 2049 'obnoxium
1398 2005 1460 2048 sit
1498 2004 1747 2058 offendere.
1808 2002 1947 2048 MS&

1053 2061 1194 2119 Neap.
1210 2061 1366 2112 [Farn.
1390 2062 1505 2119 apud
1521 2059 1679 2116 Bekk]
1706 2061 1809 2106 edd.
1833 2059 1944 2111 anti-

1055 2134 1167 2176 quae
1190 2133 1348 2161 omnes
1366 2120 1558 2175 (praeter
1568 2117 1700 2175 Spir„
1722 2119 1768 2160 in
1786 2133 1872 2176 qua
1884 2118 1943 2161 si-

1050 2184 1126 2221 cut
1147 2175 1377 2229 offendere
1400 2175 1645 2230 exhibetur)
1665 2185 1706 2218 et
1729 2175 1885 2225 deince
1920 2192 1942 2219 s

1050 2234 1169 2290 Lips.
1196 2233 1415 2290 Rei-negg.
1440 2231 1585 2275 Gron.
1610 2233 1738 2276 Seeb.
1759 2191 1941 2277 Dronfl.

1050 2291 1222 2334 Osann.
1259 2289 1407 2333 Oreli.
1439 2288 1598 2345 [Bekk.
1630 2299 1673 2332 et
1705 2289 1939 2347 Rupert.];

1051 2350 1172 2405 quod
1206 2355 1325 2389 recte
1361 2346 1451 2394 diei
1483 2346 1735 2390 iudicarunt
1767 2346 1937 2405 Wop-

1048 2405 1272 2457 kens.,ad
1314 2403 1357 2446 h.
1397 2404 1428 2445 Ι.
1475 2411 1543 2454 et,
1596 2419 1729 2461 quem
1773 2405 1808 2446 is
1851 2407 1937 2448 ad-

1048 2462 1191 2510 duxit,
1255 2459 1483 2503 Wasseus
1531 2459 1587 2502 ad
1639 2459 1747 2503 Sall.
1794 2460 1930 2508 Catil.

1048 2517 1230 2561 c.24.Et
1271 2532 1376 2562 vere
1406 2517 1498 2568 ini;
1551 2517 1663 2560 solet
1702 2517 1822 2560 enim
1865 2521 1930 2561 in·

1044 2575 1244 2621 finitivus
1300 2573 1479 2632 poetico
1537 2590 1664 2617 more
1716 2574 1933 2634 ,coniungi

1049 2649 1153 2674 cum
1199 2630 1432 2675 adiectivis
1474 2641 1515 2674 et
1562 2632 1828 2689 participiis,
1887 2642 1935 2678 ut

1047 2691 1195 2744 Agric.
1219 2704 1260 2731 e.
1282 2689 1324 2732 8.
1347 2690 1528 2741 peritus
1557 2691 1748 2744 obsequi
1773 2694 1932 2737 erudi-

1045 2748 1205 2802 tusque
1258 2745 1398 2788 utilia
1452 2747 1656 2791 honestis
1710 2749 1932 2801 miscere,-

1045 2806 1135 2848 An.
1162 2805 1229 2851 14,
1252 2803 1322 2844 56.
1346 2803 1505 2858 sactus
1533 2810 1707 2847 natura
1740 2813 1785 2847 et
1818 2820 1930 2848 con·-

1045 2863 1289 2903 suetudine
1318 2862 1552 2904 exercitus
1587 2862 1743 2903 velare
1773 2865 1931 2905 odium

1031 2918 1294 2973 fallacibus
1324 2918 1576 2966 blanditiis„
1645 2917 1815 2963 Tamen
1850 2920 1927 2964 alii

1044 2976 1287 3019 noluerunt
1311 2972 1584 3019 infinitivum
1615 2974 1755 3027 ferre,
1790 2992 1927 3033 quare

1040 3034 1297 3074 obnoxium
1333 3030 1393 3074 sit
1423 3032 1609 3086 offensis
1638 3031 1783 3087 Rhea.
1818 3034 1922 3078 Ald.

1038 3090 1212 3133 Pithoe.
1238 3087 1574 3136 Schurzsseiseh.
1603 3091 1665 3144 [et
1681 3091 1925 3146 Boettieh]

1040 3146 1330 3195 exhibuerunt
1353 3178 1366 3196 ,
1437 3145 1666 3191 Acidalius
1723 3147 1926 3201 offensae

1041 3202 1258 3250 coniecit,
1309 3202 1513 3247 Ernestio
1554 3204 1821 3260 probatum,
1868 3207 1922 3249 ab

1039 3260 1783 3311 Heumauno,schulzio,0be1·1ino
1801 3279 1920 3306 rece-

1039 3327 1193 3376 ptum3
1237 3317 1464 3374 Bipontini
1489 3319 1678 3374 denique
1702 3319 1927 3373 offendim'

1649 3390 1697 3416 ro
1729 3377 1923 3430 qffensio

1037 3375 1317 3429 maluerunt,
1357 3391 1467 3433 quae
1499 3391 1583 3420 vox

1659 3433 1817 3476 onium
1875 3434 1924 3476 2.

1035 3447 1144 3474 usur
1176 3439 1244 3474 ata
1310 3439 1373 3475 est
1435 3433 1551 3490 apud

1038 3505 1084 3531 n.
1108 3489 1134 3529 6
1168 3490 1208 3533 2.

1095 3560 1354 3620 efferuescet
1397 3563 1519 3612 enim
1567 3564 1650 3606 vis.
1727 3562 1804 3607 Sic
1854 3564 1930 3608 ed·
