2150 4022
179 216 306 276 246

674 180 815 276 'DE
868 198 1513 287 ORATORIBUS
1557 266 1570 279 f-

187 364 296 401 nec
331 342 620 407 codicillis
655 345 831 401 datur
862 365 971 402 nec
1007 365 1142 402 cum
1174 345 1361 418 gratia
1393 346 1577 407 venit.

1667 346 1837 419 Quid
1851 406 1859 419 x
1874 349 1952 406 fai
1959 368 2032 406 na

190 441 248 489 et
281 430 409 485 laus
443 428 609 485 cuius
633 430 776 487 artis
801 451 935 487 cum
965 441 1266 488 oratorum
1292 431 1480 504 gloria
1509 433 2032 508 comparandae-st,

184 613 462 660 emendatus,
487 628 600 671 quae
620 614 951 658 enumerandae
970 621 1075 657 sunt

185 679 402 730 quantum
428 671 523 713 fieri
548 672 712 729 poterit
735 671 1072 730 diligentissime

184 729 266 786 (cf.
289 727 471 770 Gurlitt.
497 731 727 773 animadv.
750 729 804 773 ad
819 732 1072 773 'auct->stetu

183 802 304 842 spec.
347 784 425 827 ΙΙΙ.
476 801 521 843 p.
559 788 600 831 6.
639 788 712 845 7.).
788 785 889 830 MS.
932 786 1071 842 Neap.

185 844 341 898 [Fara
381 842 484 887 cod.
518 858 662 904 nuper
692 843 908 890 collatum
941 843 1072 886 Boet-

180 899 341 944 ticher.
386 900 531 949 addit,
587 902 666 946 sed
706 900 896 945 Bekker.
935 901 1070 954 tacet]

180 967 225 1001 et
265 956 368 1001 edd.
401 957 519 1016 Spir.
552 959 656 1004 Put.
691 959 791 1002 Riv.
830 959 932 1001 Ber.
969 955 1073 1000 Ale.

178 1014 327 1058 Rhen.
347 1014 453 1059 Ald.
475 1015 648 1062 Pithoe.
669 1015 1074 1074 Lips.Bernegger.

182 1073 387 1116 Gronov.
421 1071 481 1116 al.
513 1089 653 1131 usque
677 1076 731 1118 ad
756 1074 931 1116 Broter.
955 1071 1071 1115 exhi·

179 1131 291 1175 bent
341 1138 447 1171 tum
493 1134 649 1178 abire.-
718 1135 842 1188 quod
884 1131 931 1172 si
975 1143 1069 1170 non

178 1191 229 1230 in
262 1189 358 1230 alio
393 1187 559 1232 oritur.
631 1190 770 1247 Quod
801 1187 1068 1232 sententiam

178 1245 392 1289 idoneam
443 1247 654 1303 praebere
697 1256 882 1304 negatur
929 1244 1068 1288 veris·

177 1303 313 1353 sime,
352 1318 585 1362 quumque
609 1305 717 1348 nihil
740 1302 944 1346 dederint
967 1317 1066 1344 nie-

176 1359 262 1403 lius
284 1375 337 1404 ac
356 1359 508 1406 verius
531 1370 703 1405 veteres
724 1360 852 1411 libri,
882 1359 937 1402 ad
960 1374 1067 1402 con·

172 1417 368 1460 iecturas
397 1419 753 1476 confugiendum
785 1426 895 1460 erat.
953 1416 1067 1458 Mu-

172 1475 293 1518 tabat
326 1473 462 1531 igitur
497 1475 608 1518 illud
643 1479 774 1520 abire
797 1472 983 1518 F'ahsius
1019 1473 1067 1516 in

171 1531 346 1590 Svllog.
372 1531 476 1576 lect.
499 1549 644 1590 graec.
669 1526 712 1592 ρ’.
735 1531 835 1576 463.
873 1533 920 1574 in
954 1546 1067 1575 am-

170 1582 272 1632 bire
307 1591 336 1633 i.
360 1604 399 1632 e.
424 1599 598 1647 petere,
639 1592 887 1640 adfectare,
925 1598 967 1631 et
1002 1605 1067 1631 se·

170 1647 351 1704 quentia
375 1648 679 1692 conformavit
702 1665 749 1691 ex
769 1645 1066 1690 Freinshemii

172 1704 487 1749 emendatione
522 1705 606 1750 ita:
654 1709 775 1762 quod
807 1706 849 1748 si
882 1719 978 1746 non
1016 1704 1066 1745 ίη

168 1763 332 1803 animo
362 1764 528 1806 oritur.
589 1763 642 1806 In
667 1762 858 1806 eandem
884 1770 1064 1805 senten·

168 1819 279 1862 tiam
326 1817 485 1862 incidit
529 1820 787 1880 nuperrime
824 1819 1062 1863 Rauchen-

168 1876 297 1920 stein.
321 1876 367 1919 in
391 1875 534 1921 Orell.
555 1879 727 1936 proleg.
753 1895 797 1937 p.
820 1878 889 1920 LI.
954 1876 1062 1926 Alii,

168 1933 330 1992 quibus
360 1935 487 1977 abire
508 1936 793 1979 retinendum
818 1935 1061 1983 videbatur,

166 1990 342 2049 reliqua
374 2003 665 2036 correxerunt
698 1992 903 2036 addendo
936 2007 1060 2049 prae·

167 2049 315 2107 cipue.
350 2048 608 2093 Sicdudum
622 2048 1060 2108 Rudolph.Agricola

165 2105 286 2163 apud
309 2104 429 2163 Lips.
453 2107 729 2151 coniecerat:
772 2116 876 2149 tum
909 2119 1060 2159 supra

166 2178 246 2205 me
267 2164 427 2214 abire;
467 2165 562 2207 lan.
582 2163 739 2208 Dousa
762 2180 846 2223 pro
871 2163 1060 2207 Petron.

165 2222 314 2279 Satyr.
346 2219 612 2265 Praecidan.
640 2222 676 2266 I.
710 2238 750 2266 c.
775 2223 844 2266 16.
878 2219 1058 2279 supple·

162 2277 230 2325 vit
251 2286 351 2321 tum
374 2278 425 2320 in
445 2281 625 2321 coelum
648 2280 774 2323 abire
790 2311 803 2331 ,
843 2278 968 2336 quod
994 2293 1060 2330 ar-

164 2336 405 2393 ripuerunt
455 2335 706 2395 Schulting.
755 2336 962 2380 Heinsius
1018 2342 1061 2378 et

164 2392 578 2439 Schurzsseisehius.
661 2393 904 2452 Sequentia
948 2407 1059 2437 vero

163 2449 418 2508 Schulting.
453 2452 756 2496 constituebat
791 2454 883 2496 sic:
935 2453 1060 2506 quod

163 2509 216 2550 id
257 2511 424 2551 scilicet
462 2524 555 2550 non
599 2511 646 2552 in
689 2510 785 2553 alio
828 2509 1054 2562 moritur,

165 2581 256 2622 quo
279 2565 591 2621 significentur
613 2568 733 2612 bona
758 2566 938 2625 propria
974 2581 1058 2609 nec

161 2638 363 2679 unquam
384 2624 604 2681 peritura:
631 2625 865 2682 idemque,
898 2630 1054 2679 utpote

161 2681 338 2723 doctius
360 2689 401 2723 et
424 2681 695 2738 exquisitius,
715 2684 862 2740 proin
877 2682 1054 2740 coelum

159 2739 290 2779 abire
319 2739 498 2782 volebat
537 2741 746 2782 sublimis
787 2739 920 2781 abire
937 2770 949 2792 ‚
1009 2746 1052 2780 et

158 2795 293 2852 paulo
315 2805 413 2853 post
434 2800 556 2851 quod
576 2798 746 2839 scilicet
767 2811 863 2839 non
884 2798 943 2838 ab
962 2796 1055 2837 alio

158 2856 318 2895 datur.
376 2853 606 2896 Heinsius:
637 2863 736 2896 tum
759 2855 809 2896 in
831 2855 940 2899 coel.
967 2853 1056 2902 ab„

159 2913 280 2964 quod
299 2909 510 2964 fiduciae
543 2926 647 2953 nonv
677 2913 727 2953 in
759 2913 852 2954 alio
887 2911 1054 2952 ‹ir-itur.

157 2966 529 3010 Schurzsseisch.=
582 2977 684 3010 tum
727 2970 774 3011 ίη
812 2970 924 3010 coel.
963 2967 1056 3018 ab„

158 3028 282 3080 qumi
304 3027 352 3066 id
375 3038 473 3066 non
500 3027 560 3066 ab
587 3027 681 3067 olio
705 3028 874 3069 oritur.
920 3023 1053 3081 Casp-

156 3081 310 3125 Barth.
338 3082 719 3127 Adv.XxxxtV.
747 3100 786 3127 c.
804 3083 846 3126 8.
879 3081 1054 3125 Pithoei

156 3139 492 3184 coniecturam:
538 3144 661 3194 quod
682 3142 727 3183 si
747 3155 844 3182 non
865 3142 918 3182 ‘in
946 3142 1055 3180 aluo

156 3199 309 3239 oritur
325 3197 486 3255 probat
509 3195 718 3254 idemque
741 3197 929 3241 indicari
953 3212 1054 3239 cen-

153 3264 222 3298 set
243 3270 296 3298 ac
317 3256 351 3296 si
370 3253 547 3297 dixisset
563 3255 783 3311 scriptor:
810 3270 922 3311 quae
949 3268 1053 3295 sane

152 3328 248 3355 non
267 3312 552 3369 adgnascitur
572 3321 646 3354 aut
666 3327 768 3354 cum
792 3310 962 3353 semine
980 3325 1052 3367 pa-

150 3379 283 3412 terno
305 3378 564 3417 maternave
584 3368 889 3412 nutricatione
910 3377 1050 3410 trans·

151 3427 274 3469 ditur
298 3426 346 3469 in
369 3426 597 3478 sobolem;
620 3426 665 3467 in
679 3424 1049 3468 antecedentibus

152 3483 360 3525 Barthius
385 3483 557 3528 mavult
588 3481 795 3526 substitui
829 3490 931 3523 tum
960 3484 1047 3523 ab·

150 3544 219 3584 ire
237 3540 384 3584 Diuus
405 3539 450 3583 h.
468 3556 506 3584 e.
529 3541 663 3585 rebus
683 3538 890 3584 humanis
910 3538 1044 3584 altius

1142 613 1336 668 elevari3
1375 615 1605 673 sequentia
1630 631 1766 669 vero,
1802 617 2034 675 interpun-

1142 671 1306 715 ctionis
1352 671 1483 730 signo
1527 673 1702 725 deleto,
1765 674 1934 719 claudit
1982 675 2031 718 in

1141 730 1263 772 hunc
1280 730 1494 772 modumt
1524 730 1661 787 Quod
1680 733 1725 774 si
1741 747 1836 773 non
1856 734 1906 774 ιή
1927 736 2035 776 aluo

1144 789 1319 837 oritur,
1348 790 1494 829 necin
1518 790 1733 832 codicillts
1753 794 1919 841 datur,
1949 806 2035 834 nec

1142 859 1248 894 cum
1284 845 1446 897 gratia
1482 847 1627 892 venie,
1666 861 1785 901 (luae
1809 847 1958 902 fama
1987 855 2033 890 et

1141 903 1249 943 laus
1282 901 1481 944 cuiusvis
1513 903 1632 944 artis
1655 918 1759 945 cum
1785 902 2034 947 oraturum

1141 960 1298 1012 gloria
1351 962 1674 1014 comparanda
1722 964 1825 1005 est?
1906 962 2033 1006 Sam.

1145 1015 1372 1059 WVeston.
1396 1016 1444 1059 in
1470 1016 1612 1059 diario
1635 1018 1890 1074 Anglorum
1914 1019 2027 1064 ctas·

1143 1073 1239 1116 sico
1275 1089 1346 1116 nr.
1377 1073 1522 1116 XVII.
1557 1089 1601 1131 p.
1633 1075 1757 1119 162:
1802 1084 1903 1118 tum
1938 1094 2031 1120 au-

1140 1132 1267 1184 dire,
1309 1135 1432 1186 quod
1459 1131 1504 1174 si
1533 1145 1629 1173 non
1661 1132 1710 1173 in
1737 1135 1834 1175 alio
1865 1137 2030 1190 oritur,

1139 1202 1226 1230 nec
1247 1189 1294 1229 in
1318 1189 1536 1231 codicillis
1558 1192 1702 1230 datur
1725 1190 1772 1244 (i.
1794 1207 1833 1233 e.
1859 1191 2030 1248 princi-

1140 1245 1252 1303 pis),
1288 1261 1370 1288 nec
1395 1262 1500 1289 cum
1524 1247 1681 1300 gratia
1703 1250 1823 1290 venit
1844 1249 1924 1303 (sc.
1946 1265 2034 1307 po-

1139 1302 1274 1359 puli).
1336 1303 1423 1346 Sed
1454 1304 1693 1347 audaciora
1717 1303 1848 1356 haec,
1896 1321 2033 1364 quam

1141 1374 1252 1416 quae
1275 1361 1519 1404 multorum
1544 1360 1729 1403 tulerint
1752 1363 2034 1420 adplausum.

1139 1432 1244 1460 narn
1283 1420 1331 1460 in
1370 1421 1549 1461 coelum
1590 1421 1744 1466 abire.
1796 1419 1872 1464 vel
1915 1437 2032 1479 quae

1138 1474 1221 1517 alia
1266 1475 1463 1519 eiusdem
1508 1475 1751 1520 sententiae
1802 1477 2029 1523 finxerunt

1139 1531 1298 1583 critici,
1323 1533 1376 1575 ab
1403 1532 1628 1575 librorum
1651 1534 1872 1592 scriptura
1894 1536 2031 1579 nimis

1138 1589 1359 1655 recedunt
1392 1606 1478 1632 nec
1509 1606 1613 1632 cum
1637 1590 1808 1649 reliqua
1829 1593 2034 1649 scripto-
2054 1632 2057 1635 .

1135 1662 1198 1689 ris
1223 1646 1427 1690 oratione
1451 1646 1555 1690 satis
1580 1649 1880 1701 conveniunt;
1908 1651 2024 1694 otio-

1136 1719 1236 1745 sum
1269 1720 1374 1747 vero
1409 1712 1472 1747 est
1495 1703 1721 1747 Westoni
1756 1707 1950 1763 audfre,
1992 1707 2033 1752 si

1138 1760 1322 1828 quidem
1352 1761 1494 1805 maius
1524 1760 1691 1819 aliquid
1722 1773 1765 1807 et
1798 1774 2032 1822 praestan-

1136 1827 1223 1862 tius
1257 1830 1561 1877 exspectamus
1594 1821 1901 1876 superioribus
1941 1822 2030 1867 illis

1134 1890 1276 1929 super
1309 1879 1581 1919 tribunatus
1620 1885 1703 1920 etc.
1741 1882 2031 1924 adscendere

1133 1935 1312 1978 videor.
1369 1935 1534 1992 Aliqua
1556 1950 1608 1976 ex
1633 1942 1758 1991 parte
1785 1938 2030 1982 verumvvi-

1133 1990 1200 2033 dit
1252 1992 1461 2034 Muretus
1485 2024 1498 2042 ,
1569 1991 1646 2048 qui
1700 1999 1803 2035 tum
1853 1996 2028 2038 habere

1131 2048 1421 2091 scribendum
1447 2064 1541 2091 esse
1573 2050 1815 2107 perspexit,
1855 2051 1903 2095 in
1933 2067 2028 2111 quo

1131 2105 1453 2163 acquieverunt
1474 2105 1665 2164 interpr.
1688 2122 1812 2166 seqq.
1847 2117 2027 2153 tantum

1133 2178 1226 2205 non
1262 2178 1434 2206 omnes.
1506 2163 1739 2220 Frequens
1777 2173 1923 2209 autem
1960 2174 2029 2211 est

1131 2222 1302 2262 habere
1324 2228 1367 2263 et
1389 2221 1519 2262 abire
1542 2222 1801 2264 verborum,
1819 2223 1867 2266 in
1898 2222 2027 2268 libris

1132 2277 1326 2334 antiquis
1371 2276 1606 2329 confusio,
1656 2278 1759 2322 vide
1796 2278 2027 2326 Drakenb.

1131 2338 1188 2383 ad
1200 2335 1291 2378 Liv.
1310 2333 1486 2386 1,32,2.
1513 2358 1567 2367 -—
1610 2334 1761 2378 Maior
1784 2337 2026 2382 difficultas

1133 2403 1199 2438 est
1222 2393 1269 2436 in
1290 2408 1444 2450 seqq„
1481 2391 1528 2435 in
1586 2392 1715 2436 uibus
1739 2394 2025 2453 corrigendis

1131 2450 1336 2511 plerique
1374 2450 1538 2492 frustra
1553 2407 1797 2493 ‘iaborasse
1835 2452 2026 2510 putandi

1130 2516 1250 2553 sunt.
1320 2506 1616 2551 Freinshemii
1649 2515 1712 2550 est
1744 2510 2024 2554 emendatio:

1130 2568 1252 2625 quod
1301 2565 1348 2608 si
1391 2579 1485 2606 non
1538 2565 1588 2606 in
1638 2565 1800 2608 animo
1851 2567 2021 2625 oritur,

1130 2639 1264 2683 quam
1319 2630 1586 2680 receperunt
1639 2620 1846 2671 Oherlin.
1899 2624 2020 2668 Bek-

1127 2682 1222 2725 ker.
1249 2679 1428 2722 Dronk.
1467 2678 1664 2730 Osann.,
1706 2680 1783 2723 sed
1817 2696 1913 2724 eam
1948 2698 2023 2740 pa-

1126 2755 1229 2783 runn
1305 2736 1489 2788 latinam
1564 2735 1738 2779 censuit
1807 2738 2022 2791 Orellius,

1126 2803 1311 2855 propter
1346 2793 1480 2836 nimis
1508 2791 1736 2836 infinitum
1763 2796 1918 2839 animi
1937 2813 2020 2841 vo-
2054 2834 2056 2837 .

1129 2853 1364 2900 cabulum‚
1418 2849 1494 2893 ubi
1533 2850 1720 2893 indoles
1755 2860 1831 2895 aut
1874 2863 2023 2899 natu..

1125 2925 1185 2954 ra
1241 2907 1511 2965 requiratur.
1607 2906 1788 2953 Nodell.
1850 2909 2022 2956 Obser-

1126 2975 1228 3011 vatt.
1245 2968 1365 3009 critt.
1382 2981 1426 3023 p.
1441 2964 1538 3007 79.:
1568 2968 1690 3022 quod
1710 2980 1810 3008 non
1835 2969 1884 3011 in
1905 2974 2023 3014 aula

1126 3024 1291 3067 oritur.
1321 3047 1374 3055 —
1419 3022 1649 3067 Clericus:
1691 3027 1818 3079 quod
1843 3039 1942 3070 non
1971 3030 2022 3071 in

1126 3084 1281 3125 alieno
1298 3081 1465 3123 oritur.
1480 3104 1537 3111 —
1563 3080 1773 3125 Pichen.=
1797 3088 1924 3138 quod
1937 3087 2022 3128 sci-

1126 3141 1231 3181 licet
1253 3153 1346 3179 non
1372 3139 1421 3178 in
1447 3140 1539 3180 alio
1561 3139 1781 3181 hauritur
1805 3139 1870 3183 vel
1895 3146 2022 3196 quod

1124 3211 1210 3238 nec
1229 3195 1279 3236 in
1297 3196 1391 3237 alio
1411 3198 1573 3239 oritur.
1587 3220 1643 3230 —
1674 3195 1768 3240 Pet.
1782 3196 2018 3243 Pithoeus:

1127 3256 1251 3310 quod
1293 3255 1342 3295 si
1376 3267 1470 3293 non
1520 3254 1710 3295 aliunde
1754 3255 1904 3297 oritur
1944 3257 2019 3301 vel

1125 3313 1247 3367 quod
1272 3324 1370 3350 non
1394 3311 1441 3352 ιή
1468 3313 1575 3352 alvo
1601 3311 1779 3361 oritur,
1819 3327 2017 3370 quorum

1126 3368 1366 3410 verborum
1421 3366 1715 3425 explicatione
1766 3368 2021 3423 Barthiana,

1122 3440 1255 3482 quam
1279 3439 1414 3480 supra
1435 3425 1711 3473 memoravi,
1741 3423 1948 3482 frigidius
1974 3435 2019 3471 et

1119 3481 1373 3530 contortius
1413 3492 1479 3525 est
1522 3480 1650 3526 nihil.
1727 3481 1835 3526 Non
1878 3483 2018 3542 igitur

1117 3539 1316 3589 mirum,
1365 3539 1567 3599 Lipsium
1594 3538 1796 3602 ‘Pithoeo
1844 3541 2016 3588 adscri-
