2150 4022
318 281 563 352 IULII
609 273 928 349 AGRIJC.
978 271 1218 331 VITA
1272 267 1467 332 CAP.
1501 270 1560 331 6.
1595 267 1654 330 7.

654 407 815 470 Tum
865 406 1080 462 electus
1126 422 1160 458 a
1203 399 1398 459 Galba
1436 400 1517 459 ad
1562 377 1721 455 dona
1760 382 1914 469 tem-5

62 427 249 482 famae
296 414 556 496 propior.

1787 261 1907 338 125

66 512 300 586 plorum
346 494 814 571 recognoscenda
857 487 1304 562 diligentissima
1351 483 1784 562 conquisitione
1823 481 1912 537 fe-

67 597 173 662 cit,
228 610 303 647 ne
339 587 502 645 cuius
537 580 776 639 alterius
812 574 1184 647 sacrilegium
1216 590 1307 627 res
1332 572 1568 646 publica
1594 564 1915 649 quamNe-

65 678 228 736 ronis
257 673 542 734 sensisset.

235 810 372 870 Vll.
397 808 660 884 Sequens
685 820 875 860 annus
898 797 1062 873 gravi
1086 795 1331 851 vnlnere
1354 793 1620 849 animum
1642 792 1920 849 domum-

69 921 182 980 que
225 899 350 956 eius
384 892 626 953 adflixit,
711 907 852 944 nam
888 882 1085 948 classis
1112 875 1461 938 Othoniana
1494 878 1736 934 licenter
1772 892 1919 947 vaga

74 1149 186 1191 inest
207 1143 452 1200 scripturae
479 1136 650 1181 codicis
676 1129 960 1177 Vatic.3429.

75 1206 188 1248 Nam
216 1201 372 1244 medio
403 1195 605 1239 rationis
639 1202 778 1248 atque
809 1191 958 1231 abun-

74 1263 265 1305 dantiae
297 1257 439 1300 duxit
474 1268 611 1309 aeque
645 1253 755 1300 bene
794 1247 960 1289 dicitur

78 1337 130 1364 ac
173 1316 324 1359 medio
370 1311 601 1353 montium
643 1315 688 1349 et
726 1307 959 1361 paludum

73 1377 401 1432 porrigebatur
452 1367 696 1422 planities.
782 1362 956 1404 Verum

76 1450 166 1483 non
202 1439 291 1479 est,
337 1425 460 1485 quod
493 1421 727 1467 Puteolani
761 1419 960 1477 scriptu-

74 1507 168 1535 ram
219 1499 495 1546 spernamus.
583 1480 730 1523 Ratio
782 1478 841 1520 ibi
893 1484 958 1520 est

0 1571 3 1577 ·
73 1548 196 1608 quod
218 1562 299 1588 nos
323 1541 512 1586 dicimus
528 1539 843 1587 Βενεεήηυηὲ,
865 1534 906 1577 h.
921 1551 961 1577 e.

78 1610 114 1651 is
159 1602 316 1660 agendi
361 1600 543 1645 modus,
599 1611 690 1652 quo
735 1594 961 1649 impensae

78 1661 274 1720 singulae
305 1669 507 1716 quaeque
539 1659 960 1714 computantur-re-

78 1725 248 1775 busque
300 1712 494 1772 pretium
546 1725 678 1752 suum
743 1713 964 1755 statuitur,

81 1776 204 1837 quod
241 1788 333 1815 non
377 1768 627 1813 excedatur.
699 1763 964 1820 Opponitur

82 1828 400 1879 abundantia,
440 1840 526 1882 qua
560 1823 686 1880 plura
721 1829 764 1865 et
794 1820 962 1862 maiora

79 1888 402 1948 impenduntur
454 1897 586 1938 quam
643 1894 821 1922 necesse
879 1885 959 1918 est.

79 1950 244 1993 Modus
266 1942 460 1985 rationis
485 1946 624 1992 atque
643 1935 962 1977 abundantiae

80 2014 146 2051 est
167 2002 354 2050 modus,
393 2013 525 2055 quem
551 1992 817 2043 liinc‘ratio,
856 1990 960 2032 inde

79 2057 350 2111 abundantia
370 2052 644 2112 praescribit,
675 2049 716 2092 h.
732 2066 774 2094 e.
799 2048 960 2091 modus

81 2131 122 2166 et
166 2116 338 2162 ratione
381 2121 422 2154 et
466 2107 735 2152 abundantia
782 2107 958 2148 mixtus.

80 2182 170 2223 lam
205 2170 414 2228 intelligis
450 2167 637 2210 modum
673 2162 860 2207 rationis
894 2170 958 2205 at·

79 2239 165 2296 que
215 2225 512 2274 abundantiae
557 2239 650 2266 non
701 2221 822 2263 aliud
868 2235 962 2262 esse

80 2307 213 2352 quam
237 2286 436 2330 medium
461 2280 646 2324 rationis
666 2287 799 2337 atque
824 2277 965 2320 abun-

80 2340 254 2395 dantiae
273 2353 315 2387 et
336 2350 572 2395 utramque
598 2346 800 2381 veterum
827 2335 963 2378 libro-

82 2423 182 2452 rum
245 2401 511 2456 scripturam
575 2395 732 2445 eodem
799 2392 962 2434 redire.

85 2465 282 2507 Verbum
309 2459 446 2509 duxit
467 2455 520 2496 de
552 2451 668 2494 ludis
702 2458 961 2505 usurpatum

81 2518 369 2567 referendum
397 2519 462 2554 est
485 2526 577 2553 non
602 2509 655 2551 ad
676 2508 718 2551 id
747 2507 867 2564 quod
893 2506 965 2548 fa..

83 2581 207 2624 ciunt
228 2572 463 2617 histriones
491 2567 561 2612 vel
596 2566 858 2622 gladiatores
893 2563 967 2616 (de

81 2653 165 2696 qua
188 2649 235 2676 re
259 2630 373 2672 valet
399 2625 584 2668 verbum
612 2624 783 2678 edere),
814 2620 890 2663 sed
912 2620 967 2662 ad

84 2705 268 2755 pompas
288 2695 330 2729 et
347 2682 563 2727 solemnia
588 2681 823 2726 ludorum,
849 2693 962 2735 quae

84 2750 186 2797 duci
243 2745 454 2788 dicuntur
512 2739 668 2782 eodem
724 2737 820 2778 iure
871 2749 961 2791 quo

80 2802 320 2861 triumphi,
370 2796 601 2854 exsequiae
649 2796 757 2849 (An.
802 2793 866 2843 16,
905 2791 964 2846 6.)

83 2867 255 2921 aliaque
283 2855 512 2900 solemnia.
574 2853 686 2895 Nam
720 2855 886 2893 ducere
918 2865 964 2890 in

83 2915 300 2968 eiusmodi
326 2912 534 2956 formulis
555 2919 617 2953 est
649 2913 811 2951 ducem
849 2921 964 2949 esse.

85 2979 173 3026 Alii
193 2973 332 3018 duxit
367 2972 455 3013 boc
487 2968 590 3010 loco
622 2965 848 3023 accipiunt
881 2979 964 3021 pco

81 3032 288 3092 putavit,
331 3029 589 3070 arbitratus
624 3031 693 3066 est
726 3022 791 3065 vel
833 3019 964 3065 simili

84 3109 174 3152 quo
230 3096 271 3131 et
318 3083 540 3128 mirabiles
583 3082 686 3124 loco
733 3079 965 3135 adfingunt

84 3146 347 3196 sententias,
402 3156 512 3200 quas
558 3138 727 3181 referre
778 3138 965 3194 longum

83 3219 160 3253 est.
203 3233 208 3240 ·

134 3323 298 3378 suniae
334 3316 538 3372 propior.
619 3309 670 3352 H.
705 3325 742 3351 e.
783 3307 966 3365 propior

84 3383 224 3426 famae
251 3373 468 3435 parandae
497 3367 655 3411 studio.
720 3365 779 3408 cf.
813 3369 895 3410 An.
925 3363 965 3414 3,

85 3440 155 3483 30.
195 3437 405 3477 diversus
443 3445 472 3468 a
513 3433 714 3466 veterum
749 3424 960 3464 instituto

78 3509 164 3552 per
186 3493 358 3534 cultum
382 3494 424 3529 et
445 3483 722 3528 munditias,
746 3481 961 3533 copiaque

85 3563 128 3595 ec
183 3546 435 3602 adfluentia
490 3545 635 3582 luxu
687 3539 957 3593 propior.

84 3614 171 3655 An.
194 3607 255 3656 16,
267 3603 338 3647 35.
364 3599 570 3642 laetitiae
587 3597 792 3649 propior.
844 3593 955 3635 lbid.

1031 1143 1071 1172 α.
1106 1127 1151 1170 9.
1190 1123 1386 1179 pmpim·
1423 1125 1521 1165 irae
1563 1136 1706 1178 quom
1737 1118 1915 1162 timori.

1030 1185 1242 1229 Ceterum
1275 1180 1413 1227 verba
1443 1181 1514 1222 uti
1534 1181 1671 1232 lange
1693 1208 1785 1221 .....
1800 1190 1916 1230 ριό-Α

1025 1244 1135 1299 pior
1168 1256 1262 1283 non
1297 1237 1524 1298 pertinent
1560 1236 1616 1280 ad
1646 1233 1915 1280 describen-

1030 1301 1139 1343 dum
1159 1296 1373 1340 ludorum
1394 1293 1601 1342 modum,
1619 1292 1697 1336 sed
1712 1298 1916 1351 spectant

1028 1358 1083 1413 ad
1104 1354 1345 1415 Agricolae
1368 1352 1590 1397 animum.

1679 1449 1798 1495 Edd.
1814 1449 1918 1494 Pus.

1085 1459 1152 1500 ad
1169 1459 1302 1498 dona
1323 1455 1622 1508 templorum.

1032 1513 1088 1558 V.
1109 1524 1154 1557 et
1167 1513 1271 1557 Ale.
1291 1520 1582 1567 temporum,
1610 1508 1720 1555 vitio
1741 1516 1920 1568 typogr.

1033 1573 1103 1614 De
1137 1587 1184 1614 re
1217 1571 1276 1614 cf.
1301 1570 1490 1614 sueton.
1516 1567 1623 1610 Ner.
1650 1583 1690 1610 c.
1713 1565 1785 1618 32.
1812 1575 1921 1611 extr-

1030 1629 1177 1673 Tacit.
1202 1628 1293 1672 An.
1322 1627 1386 1678 15,
1407 1625 1478 1669 45.
1531 1624 1697 1682 Xiphil.
1721 1622 1791 1676 63,
1813 1625 1884 1667 ll.

1077 1730 1208 1784 fecit.
1269 1726 1474 1770 Heinsius
1501 1724 1720 1768 malebat:
1757 1722 1936 1794 effect}¹

1031 1787 1221 1831 Minime
1249 1800 1374 1830 vero.
1430 1782 1533 1824 Non
1558 1782 1679 1824 enim
1701 1781 1775 1825 hic
1798 1797 1853 1824 co

1032 1845 1219 1887 tandum
1246 1843 1300 1885 de
1325 1842 1526 1911 effectu..
1551 1839 1627 1882 sed
1649 1840 1704 1883 de
1725 1797 1920 1884 eonsiffi

1032 1901 1251 1949 faciendi,
1284 1915 1338 1942 ne
1362 1906 1447 1941 ete.

1087 2001 1319 2050 sensisset,
1430 1996 1639 2041 Aoristus
1711 1998 1924 2056 optativi,

1033 2058 1155 2115 quod
1189 2056 1312 2101 verbi
1343 2064 1515 2114 tempus
1538 2054 1826 2099 referendum
1857 2063 1922 2100 est

1031 2117 1085 2159 ad
1115 2114 1432 2172 cogitationem
1456 2112 1722 2171 Agricolae,
1753 2113 1830 2171 qui
1857 2114 1922 2156 di-

1035 2172 1327 2231 ligentissima
1353 2170 1685 2228 conquisitione
1710 2169 1841 2222 fecit,
1876 2171 1920 2215 h.

1035 2247 1075 2273 e.
1101 2237 1282 2287 operam
1315 2229 1460 2276 dedit,
1500 2243 1558 2270 ne
1582 2260 1594 2274 .
1611 2259 1623 2273 .
1649 2244 1718 2271 res
1744 2229 1922 2286 publica

1033 2318 1046 2331 .
1066 2321 1074 2331 .
1095 2321 1105 2332 .
1128 2287 1356 2336 sensisset,
1385 2285 1556 2329 scilicet
1610 2294 1755 2334 eracta
1774 2301 1925 2329 sacro-

1036 2362 1138 2388 rum
1173 2342 1500 2399 recognitione.
1561 2301 1718 2398 (Buare
1748 2358 1834 2386 nec
1867 2343 1924 2389 dn

1035 2402 1232 2459 enallage
1278 2411 1540 2457 temporum
1595 2400 1763 2455 cogites
1815 2415 1922 2444 eum

1035 2463 1245 2516 Kri‘igero
1262 2458 1697 2512 (Untersuolmngen
1714 2472 1759 2499 a.
1772 2459 1821 2499 d.
1834 2458 1924 2500 Go-

1037 2518 1125 2559 hiet
1158 2519 1204 2559 d.
1237 2517 1322 2558 lat.
1362 2516 1470 2567 Spr.
1501 2513 1618 2569 Hefl‘
1639 2515 1682 2558 2.
1713 2529 1757 2572 p.
1780 2514 1921 2571 2950,

1036 2589 1120 2616 nee
1147 2573 1200 2615 de
1223 2572 1535 2631 supplemento
1558 2571 1801 2614 sententiae
1823 2580 1926 2630 post

1037 2632 1262 2674 sensisset
1295 2645 1376 2686 per
1439 2627 1679 2671 articulam
1712 2629 1757 2671 si
1787 2631 1923 2675 adn·-

1035 2687 1215 2731 ctendo.
1277 2685 1335 2729 cf.
1364 2645 1525 2728 taliniie
1560 2685 1789 2741 Jahrb.fi
1815 2687 1924 2736 Phi-
1975 2711 1976 2714 ¹

1034 2747 1112 2788 tol.
1149 2759 1197 2786 u.
1233 2743 1439 2796 Hzedag.
1468 2742 1592 2790 1828.
1638 2743 1731 2787 Vll.
1766 2744 1922 2789 Band-

1032 2804 1076 2846 2.
1099 2801 1228 2855 Hese.
1263 2818 1305 2858 p.
1347 2802 1438 2843 161.
1474 2815 1574 2857 sqq.
1631 2800 1778 2844 Locus
1816 2803 1922 2848 huie

1035 2860 1191 2903 similis
1213 2866 1350 2900 exstat
1369 2857 1485 2916 apud
1501 2857 1621 2906 Plin.
1635 2858 1800 2917 Paneg.
1823 2861 1920 2910 αἱ).

1036 2918 1131 2960 init.
1170 2916 1336 2958 'l'alem
1375 2929 1475 2958 esse
1508 2917 1735 2969 oportuit.
1785 2925 1923 2973 quem

1036 2989 1130 3017 non
1169 2975 1290 3015 bella
1334 2973 1484 3014 civilia
1526 2987 1611 3015 nec
1651 2976 1802 3017 omn's
1844 2976 1921 3030 op-

1029 3046 1195 3088 pressa
1236 3044 1312 3071 res
1350 3030 1559 3082 publica,
1611 3034 1693 3073 sed
1728 3048 1834 3086 pax
1875 3039 1921 3074 ee

1037 3088 1224 3141 adoptio
1248 3095 1291 3128 et
1315 3090 1510 3129 tandem
1538 3095 1743 3130 exorata
1773 3092 1920 3134 terris

1036 3149 1232 3189 numina
1291 3145 1619 3187 dedissent.
1707 3145 1919 3190 Ceterum

1036 3204 1256 3246 sensisset
1281 3201 1482 3258 exprimit
1503 3218 1597 3245 rein
1621 3201 1667 3244 in
1695 3203 1809 3247 facto
1836 3220 1917 3262 po·

1037 3261 1163 3302 sitam
1205 3267 1248 3301 et
1290 3275 1400 3318 quae
1442 3260 1646 3303 effectum
1686 3259 1916 3304 habuerit:

1035 3319 1230 3360 sentiret
1266 3333 1357 3359 rem
1391 3317 1562 3360 exbibet
1601 3325 1649 3359 ut
1685 3333 1708 3359 e
1739 3319 1916 3376 cogita-

1037 3375 1156 3416 tione
1198 3373 1432 3432 Agricolae
1476 3373 1768 3431 pendentem,
1823 3392 1915 3424 non

1031 3432 1207 3479 addito,
1236 3449 1291 3474 an
1318 3431 1526 3481 effectum
1552 3430 1771 3477 babuerit.
1847 3435 1849 3439 ’

1087 3531 1201 3574 Cap.
1233 3530 1273 3574 7.
1331 3531 1494 3574 classis
1534 3531 1813 3576 Othoniana
1852 3506 1927 3577 tib*

1028 3598 1180 3632 center
1203 3603 1340 3641 vaga.
1399 3589 1460 3630 cf.
1493 3587 1603 3632 Hist.
1629 3588 1670 3640 2,
1698 3591 1766 3633 12.
1818 3605 1822 3608 ·
