<?xml version="1.0" encoding="UTF-8"?>
<!DOCTYPE html PUBLIC "-//W3C//DTD XHTML 1.0 Transitional//EN"
    "http://www.w3.org/TR/xhtml1/DTD/xhtml1-transitional.dtd">
<html xmlns="http://www.w3.org/1999/xhtml" xml:lang="en" lang="en">
 <head>
  <title>
</title>
<meta http-equiv="Content-Type" content="text/html;charset=utf-8" />
  <meta name='ocr-system' content='tesseract 3.04.00' />
  <meta name='ocr-capabilities' content='ocr_page ocr_carea ocr_par ocr_line ocrx_word'/>
</head>
<body>
  <div class='ocr_page' id='page_1' title='image "./operarecensuitet04taciuoft/operarecensuitet04taciuoft_0225.png"; bbox 0 0 2150 4022; ppageno 0'>
   <div class='ocr_carea' id='block_1_1' title="bbox 424 260 1990 336">
    <p class='ocr_par' dir='ltr' id='par_1_1' title="bbox 424 224 1990 336">
     <span class='ocr_line' id='line_1_1' title="bbox 424 260 1990 336; baseline 0.001 -3"><span class='ocrx_word' id='word_1_1' title='bbox 424 273 669 336; x_wconf 75' lang='lat' dir='ltr'>iuml</span> <span class='ocrx_word' id='word_1_2' title='bbox 717 270 1037 333; x_wconf 77' lang='lat' dir='ltr'>AGRIC.</span> <span class='ocrx_word' id='word_1_3' title='bbox 1085 260 1325 331; x_wconf 69' lang='lat' dir='ltr'>vrrA</span> <span class='ocrx_word' id='word_1_4' title='bbox 1369 273 1566 335; x_wconf 77' lang='lat' dir='ltr'>cA-P.</span> <span class='ocrx_word' id='word_1_5' title='bbox 1605 273 1709 333; x_wconf 77' lang='grc'><strong>4-4.</strong></span> <span class='ocrx_word' id='word_1_6' title='bbox 1866 277 1990 334; x_wconf 77' lang='lat'>209</span> 
     </span>
    </p>
   </div>
   <div class='ocr_carea' id='block_1_2' title="bbox 122 400 1987 1431">
    <p class='ocr_par' dir='ltr' id='par_1_2' title="bbox 122 400 1987 1431">
     <span class='ocr_line' id='line_1_2' title="bbox 133 400 1987 483; baseline -0.001 -16"><span class='ocrx_word' id='word_1_7' title='bbox 133 409 360 468; x_wconf 85' lang='lat' dir='ltr'>centior</span> <span class='ocrx_word' id='word_1_8' title='bbox 385 426 565 483; x_wconf 89' lang='lat' dir='ltr'>quam</span> <span class='ocrx_word' id='word_1_9' title='bbox 593 404 908 463; x_wconf 75' lang='lat' dir='ltr'>sublimior</span> <span class='ocrx_word' id='word_1_10' title='bbox 932 404 1063 463; x_wconf 88' lang='lat' dir='ltr'>fuit.</span> <span class='ocrx_word' id='word_1_11' title='bbox 1129 400 1286 460; x_wconf 89' lang='lat' dir='ltr'>nihil</span> <span class='ocrx_word' id='word_1_12' title='bbox 1308 416 1498 462; x_wconf 89' lang='lat' dir='ltr'>metus</span> <span class='ocrx_word' id='word_1_13' title='bbox 1523 407 1589 463; x_wconf 89' lang='lat' dir='ltr'>in</span> <span class='ocrx_word' id='word_1_14' title='bbox 1610 407 1808 469; x_wconf 79' lang='lat' dir='ltr'>vultu:</span> <span class='ocrx_word' id='word_1_15' title='bbox 1854 427 1987 481; x_wconf 88' lang='lat' dir='ltr'>gra-</span> 
     </span>
     <span class='ocr_line' id='line_1_3' title="bbox 132 488 1987 571; baseline -0.001 -19"><span class='ocrx_word' id='word_1_16' title='bbox 132 497 212 555; x_wconf 88' lang='lat' dir='ltr'>tia</span> <span class='ocrx_word' id='word_1_17' title='bbox 254 493 374 571; x_wconf 85' lang='lat' dir='ltr'>oris</span> <span class='ocrx_word' id='word_1_18' title='bbox 411 502 729 566; x_wconf 83' lang='lat' dir='ltr'><strong>supererat.</strong></span> <span class='ocrx_word' id='word_1_19' title='bbox 816 491 1044 547; x_wconf 88' lang='lat' dir='ltr'>honum</span> <span class='ocrx_word' id='word_1_20' title='bbox 1081 489 1279 546; x_wconf 88' lang='lat' dir='ltr'>virum</span> <span class='ocrx_word' id='word_1_21' title='bbox 1309 491 1479 547; x_wconf 87' lang='lat' dir='ltr'>facile</span> <span class='ocrx_word' id='word_1_22' title='bbox 1512 493 1805 558; x_wconf 76' lang='lat' dir='ltr'>credere5‚</span> <span class='ocrx_word' id='word_1_23' title='bbox 1858 488 1987 551; x_wconf 84' lang='lat' dir='ltr'>ma·-</span> 
     </span>
     <span class='ocr_line' id='line_1_4' title="bbox 132 572 1982 654; baseline -0.002 -16"><span class='ocrx_word' id='word_1_24' title='bbox 132 599 316 654; x_wconf 84' lang='lat' dir='ltr'>gnum</span> <span class='ocrx_word' id='word_1_25' title='bbox 354 577 628 645; x_wconf 82' lang='lat' dir='ltr'><strong>libenter.</strong></span> <span class='ocrx_word' id='word_1_26' title='bbox 714 572 794 632; x_wconf 86' lang='lat' dir='ltr'>Et</span> <span class='ocrx_word' id='word_1_27' title='bbox 828 576 952 651; x_wconf 88' lang='lat' dir='ltr'>ipse</span> <span class='ocrx_word' id='word_1_28' title='bbox 995 575 1266 651; x_wconf 90' lang='lat' dir='ltr'>quidem,</span> <span class='ocrx_word' id='word_1_29' title='bbox 1312 596 1651 653; x_wconf 81' lang='lat' dir='ltr'>quanquam</span> <span class='ocrx_word' id='word_1_30' title='bbox 1683 577 1879 635; x_wconf 90' lang='lat' dir='ltr'>medio</span> <span class='ocrx_word' id='word_1_31' title='bbox 1917 580 1982 635; x_wconf 90' lang='lat' dir='ltr'>in</span> 
     </span>
     <span class='ocr_line' id='line_1_5' title="bbox 131 662 1984 740; baseline 0 -19"><span class='ocrx_word' id='word_1_32' title='bbox 131 665 316 740; x_wconf 88' lang='lat' dir='ltr'>spatio</span> <span class='ocrx_word' id='word_1_33' title='bbox 368 664 629 735; x_wconf 79' lang='lat' dir='ltr'>integrae</span> <span class='ocrx_word' id='word_1_34' title='bbox 678 662 882 718; x_wconf 88' lang='lat' dir='ltr'>aetatis</span> <span class='ocrx_word' id='word_1_35' title='bbox 929 673 1191 736; x_wconf 80' lang='lat' dir='ltr'>ereptu5,</span> <span class='ocrx_word' id='word_1_36' title='bbox 1260 672 1545 736; x_wconf 87' lang='lat' dir='ltr'>quantum</span> <span class='ocrx_word' id='word_1_37' title='bbox 1593 665 1666 719; x_wconf 86' lang='lat' dir='ltr'>ad</span> <span class='ocrx_word' id='word_1_38' title='bbox 1714 664 1984 737; x_wconf 81' lang='lat' dir='ltr'>gloriam,</span> 
     </span>
     <span class='ocr_line' id='line_1_6' title="bbox 128 746 1984 827; baseline 0.001 -21"><span class='ocrx_word' id='word_1_39' title='bbox 128 747 538 822; x_wconf 86' lang='lat' dir='ltr'>longissimum</span> <span class='ocrx_word' id='word_1_40' title='bbox 563 767 773 803; x_wconf 85' lang='lat' dir='ltr'>aevum</span> <span class='ocrx_word' id='word_1_41' title='bbox 797 747 1035 821; x_wconf 92' lang='lat' dir='ltr'>peregit.</span> <span class='ocrx_word' id='word_1_42' title='bbox 1118 746 1338 822; x_wconf 90' lang='lat' dir='ltr'>quippe</span> <span class='ocrx_word' id='word_1_43' title='bbox 1365 757 1419 801; x_wconf 92' lang='lat' dir='ltr'>et</span> <span class='ocrx_word' id='word_1_44' title='bbox 1443 767 1578 803; x_wconf 83' lang='lat' dir='ltr'>vera</span> <span class='ocrx_word' id='word_1_45' title='bbox 1604 749 1794 818; x_wconf 84' lang='lat' dir='ltr'>bona,</span> <span class='ocrx_word' id='word_1_46' title='bbox 1834 771 1984 827; x_wconf 88' lang='lat' dir='ltr'>quae</span> 
     </span>
     <span class='ocr_line' id='line_1_7' title="bbox 130 832 1983 906; baseline 0.002 -16"><span class='ocrx_word' id='word_1_47' title='bbox 130 835 195 890; x_wconf 88' lang='lat' dir='ltr'>in</span> <span class='ocrx_word' id='word_1_48' title='bbox 228 834 549 891; x_wconf 88' lang='lat' dir='ltr'>virtutibus</span> <span class='ocrx_word' id='word_1_49' title='bbox 587 832 695 890; x_wconf 88' lang='lat' dir='ltr'>sita</span> <span class='ocrx_word' id='word_1_50' title='bbox 729 843 894 902; x_wconf 89' lang='lat' dir='ltr'>sunt,</span> <span class='ocrx_word' id='word_1_51' title='bbox 949 832 1325 906; x_wconf 88' lang='lat' dir='ltr'>impleverat,</span> <span class='ocrx_word' id='word_1_52' title='bbox 1380 843 1437 888; x_wconf 93' lang='lat' dir='ltr'>et</span> <span class='ocrx_word' id='word_1_53' title='bbox 1472 834 1882 896; x_wconf 86' lang='lat' dir='ltr'>consularibus</span> <span class='ocrx_word' id='word_1_54' title='bbox 1917 856 1983 894; x_wconf 89' lang='lat' dir='ltr'>ac</span> 
     </span>
     <span class='ocr_line' id='line_1_8' title="bbox 127 915 1983 994; baseline 0.001 -18"><span class='ocrx_word' id='word_1_55' title='bbox 127 915 588 994; x_wconf 81' lang='lat' dir='ltr'>triumphalibus</span> <span class='ocrx_word' id='word_1_56' title='bbox 620 918 982 974; x_wconf 86' lang='lat' dir='ltr'>ornamentis</span> <span class='ocrx_word' id='word_1_57' title='bbox 1010 917 1278 992; x_wconf 86' lang='lat' dir='ltr'>praedito</span> <span class='ocrx_word' id='word_1_58' title='bbox 1309 916 1453 992; x_wconf 90' lang='lat' dir='ltr'>quid</span> <span class='ocrx_word' id='word_1_59' title='bbox 1481 917 1646 974; x_wconf 87' lang='lat' dir='ltr'>aliud</span> <span class='ocrx_word' id='word_1_60' title='bbox 1679 922 1983 978; x_wconf 85' lang='lat' dir='ltr'>adstruere</span> 
     </span>
     <span class='ocr_line' id='line_1_9' title="bbox 126 999 1982 1081; baseline 0 -18"><span class='ocrx_word' id='word_1_61' title='bbox 126 1008 364 1063; x_wconf 90' lang='lat' dir='ltr'>fortuna</span> <span class='ocrx_word' id='word_1_62' title='bbox 390 1002 660 1079; x_wconf 80' lang='lat' dir='ltr'>poterat?</span> <span class='ocrx_word' id='word_1_63' title='bbox 746 999 983 1079; x_wconf 89' lang='lat' dir='ltr'>Opibus</span> <span class='ocrx_word' id='word_1_64' title='bbox 1011 1002 1214 1058; x_wconf 90' lang='lat' dir='ltr'>nimiis</span> <span class='ocrx_word' id='word_1_65' title='bbox 1240 1022 1365 1058; x_wconf 90' lang='lat' dir='ltr'>non</span> <span class='ocrx_word' id='word_1_66' title='bbox 1393 1004 1712 1076; x_wconf 81' lang='lat' dir='ltr'>gaudebat,</span> <span class='ocrx_word' id='word_1_67' title='bbox 1755 1006 1982 1081; x_wconf 88' lang='lat' dir='ltr'>specio-</span> 
     </span>
     <span class='ocr_line' id='line_1_10' title="bbox 125 1087 1982 1166; baseline 0.002 -19"><span class='ocrx_word' id='word_1_68' title='bbox 125 1111 219 1147; x_wconf 86' lang='lat' dir='ltr'>sae</span> <span class='ocrx_word' id='word_1_69' title='bbox 256 1091 639 1163; x_wconf 82' lang='lat' dir='ltr'>contigerant.</span> <span class='ocrx_word' id='word_1_70' title='bbox 729 1087 881 1144; x_wconf 80' lang='lat' dir='ltr'>Filia</span> <span class='ocrx_word' id='word_1_71' title='bbox 911 1100 1087 1164; x_wconf 85' lang='lat' dir='ltr'>atque</span> <span class='ocrx_word' id='word_1_72' title='bbox 1123 1108 1306 1145; x_wconf 86' lang='lat' dir='ltr'>uxore</span> <span class='ocrx_word' id='word_1_73' title='bbox 1343 1089 1757 1163; x_wconf 87' lang='lat' dir='ltr'>superstitibus</span> <span class='ocrx_word' id='word_1_74' title='bbox 1791 1104 1982 1166; x_wconf 89' lang='lat' dir='ltr'>potest</span> 
     </span>
     <span class='ocr_line' id='line_1_11' title="bbox 123 1172 1980 1248; baseline 0.001 -16"><span class='ocrx_word' id='word_1_75' title='bbox 123 1176 315 1232; x_wconf 88' lang='lat' dir='ltr'>videri</span> <span class='ocrx_word' id='word_1_76' title='bbox 350 1176 523 1232; x_wconf 91' lang='lat' dir='ltr'>etiam</span> <span class='ocrx_word' id='word_1_77' title='bbox 552 1172 792 1244; x_wconf 82' lang='lat' dir='ltr'>beatus;&#39;</span> <span class='ocrx_word' id='word_1_78' title='bbox 843 1173 1131 1231; x_wconf 89' lang='lat' dir='ltr'>incolumi</span> <span class='ocrx_word' id='word_1_79' title='bbox 1162 1173 1478 1248; x_wconf 85' lang='lat' dir='ltr'>dignitate,</span> <span class='ocrx_word' id='word_1_80' title='bbox 1529 1174 1778 1232; x_wconf 89' lang='lat' dir='ltr'>florente</span> <span class='ocrx_word' id='word_1_81' title='bbox 1803 1178 1980 1247; x_wconf 89' lang='lat' dir='ltr'>fama,</span> 
     </span>
     <span class='ocr_line' id='line_1_12' title="bbox 124 1258 1980 1334; baseline -0.001 -15"><span class='ocrx_word' id='word_1_82' title='bbox 124 1261 299 1318; x_wconf 86' lang='lat' dir='ltr'>salvis</span> <span class='ocrx_word' id='word_1_83' title='bbox 338 1260 740 1317; x_wconf 89' lang='lat' dir='ltr'>adfinitatibus</span> <span class='ocrx_word' id='word_1_84' title='bbox 779 1270 836 1315; x_wconf 92' lang='lat' dir='ltr'>et</span> <span class='ocrx_word' id='word_1_85' title='bbox 865 1259 1173 1329; x_wconf 81' lang='lat' dir='ltr'>amicitiiS,</span> <span class='ocrx_word' id='word_1_86' title='bbox 1221 1261 1422 1316; x_wconf 87' lang='lat' dir='ltr'>futura</span> <span class='ocrx_word' id='word_1_87' title='bbox 1458 1260 1749 1334; x_wconf 83' lang='lat' dir='ltr'>effugisse.</span> <span class='ocrx_word' id='word_1_88' title='bbox 1838 1258 1980 1317; x_wconf 86' lang='lat' dir='ltr'>nam</span> 
     </span>
     <span class='ocr_line' id='line_1_13' title="bbox 122 1342 1979 1431; baseline 0.001 -30"><span class='ocrx_word' id='word_1_89' title='bbox 122 1346 296 1431; x_wconf 80' lang='lat' dir='ltr'>sicuti</span> <span class='ocrx_word' id='word_1_90' title='bbox 332 1347 546 1402; x_wconf 84' lang='lat' dir='ltr'>durare</span> <span class='ocrx_word' id='word_1_91' title='bbox 580 1346 644 1401; x_wconf 90' lang='lat' dir='ltr'>in</span> <span class='ocrx_word' id='word_1_92' title='bbox 671 1342 780 1402; x_wconf 92' lang='lat' dir='ltr'>hac</span> <span class='ocrx_word' id='word_1_93' title='bbox 806 1345 1128 1403; x_wconf 87' lang='lat' dir='ltr'>beatissimi</span> <span class='ocrx_word' id='word_1_94' title='bbox 1160 1345 1375 1402; x_wconf 89' lang='lat' dir='ltr'>saeculi</span> <span class='ocrx_word' id='word_1_95' title='bbox 1403 1345 1533 1403; x_wconf 91' lang='lat' dir='ltr'>luce</span> <span class='ocrx_word' id='word_1_96' title='bbox 1561 1367 1626 1402; x_wconf 88' lang='lat' dir='ltr'>ac</span> <span class='ocrx_word' id='word_1_97' title='bbox 1649 1346 1979 1422; x_wconf 87' lang='lat' dir='ltr'>principem</span> 
     </span>
    </p>
   </div>
   <div class='ocr_carea' id='block_1_3' title="bbox 118 1540 1017 1828">
    <p class='ocr_par' dir='ltr' id='par_1_3' title="bbox 118 1540 1017 1828">
     <span class='ocr_line' id='line_1_14' title="bbox 120 1540 1017 1600; baseline -0.001 -15"><span class='ocrx_word' id='word_1_98' title='bbox 120 1541 258 1600; x_wconf 79' lang='lat' dir='ltr'>possit</span> <span class='ocrx_word' id='word_1_99' title='bbox 292 1540 400 1584; x_wconf 89' lang='lat' dir='ltr'>huic</span> <span class='ocrx_word' id='word_1_100' title='bbox 432 1540 766 1592; x_wconf 86' lang='lat' dir='ltr'>emendationi,</span> <span class='ocrx_word' id='word_1_101' title='bbox 811 1550 909 1585; x_wconf 85' lang='lat' dir='ltr'>tum</span> <span class='ocrx_word' id='word_1_102' title='bbox 942 1541 1017 1584; x_wconf 89' lang='lat' dir='ltr'>di-</span> 
     </span>
     <span class='ocr_line' id='line_1_15' title="bbox 121 1597 1015 1655; baseline -0.004 -11"><span class='ocrx_word' id='word_1_103' title='bbox 121 1599 316 1644; x_wconf 76' lang='lat' dir='ltr'>cendum</span> <span class='ocrx_word' id='word_1_104' title='bbox 338 1597 476 1641; x_wconf 84' lang='lat' dir='ltr'>fuisse</span> <span class='ocrx_word' id='word_1_105' title='bbox 499 1599 695 1653; x_wconf 79' lang='lat' dir='ltr'>septimo</span> <span class='ocrx_word' id='word_1_106' title='bbox 723 1606 769 1640; x_wconf 81' lang='lat' dir='ltr'>et</span> <span class='ocrx_word' id='word_1_107' title='bbox 793 1601 1015 1655; x_wconf 80' lang='lat' dir='ltr'>quinqua·</span> 
     </span>
     <span class='ocr_line' id='line_1_16' title="bbox 118 1655 1015 1714; baseline -0.001 -15"><span class='ocrx_word' id='word_1_108' title='bbox 118 1658 295 1712; x_wconf 79' lang='lat' dir='ltr'>gesimo</span> <span class='ocrx_word' id='word_1_109' title='bbox 324 1671 451 1706; x_wconf 81' lang='lat' dir='ltr'>anno</span> <span class='ocrx_word' id='word_1_110' title='bbox 464 1671 484 1705; x_wconf 77' lang='lat'>3.</span> <span class='ocrx_word' id='word_1_111' title='bbox 517 1672 653 1714; x_wconf 89' lang='lat' dir='ltr'>quem</span> <span class='ocrx_word' id='word_1_112' title='bbox 674 1655 941 1699; x_wconf 87' lang='lat' dir='ltr'>Latinorum</span> <span class='ocrx_word' id='word_1_113' title='bbox 968 1656 1015 1699; x_wconf 87' lang='lat' dir='ltr'>in</span> 
     </span>
     <span class='ocr_line' id='line_1_17' title="bbox 118 1711 1013 1770; baseline -0.003 -11"><span class='ocrx_word' id='word_1_114' title='bbox 118 1715 204 1759; x_wconf 77' lang='lat' dir='ltr'>hae</span> <span class='ocrx_word' id='word_1_115' title='bbox 250 1730 299 1756; x_wconf 88' lang='lat' dir='ltr'>re</span> <span class='ocrx_word' id='word_1_116' title='bbox 339 1729 514 1755; x_wconf 88' lang='lat' dir='ltr'>morem</span> <span class='ocrx_word' id='word_1_117' title='bbox 566 1711 820 1770; x_wconf 83' lang='lat' dir='ltr'>explanavit</span> <span class='ocrx_word' id='word_1_118' title='bbox 863 1713 1013 1757; x_wconf 82' lang='lat' dir='ltr'>Wal-</span> 
     </span>
     <span class='ocr_line' id='line_1_18' title="bbox 118 1770 1014 1828; baseline -0.002 -13"><span class='ocrx_word' id='word_1_119' title='bbox 118 1771 269 1820; x_wconf 86' lang='lat' dir='ltr'>chius,</span> <span class='ocrx_word' id='word_1_120' title='bbox 319 1786 452 1828; x_wconf 89' lang='lat' dir='ltr'>quem</span> <span class='ocrx_word' id='word_1_121' title='bbox 501 1770 614 1815; x_wconf 85' lang='lat' dir='ltr'>vide.</span> <span class='ocrx_word' id='word_1_122' title='bbox 665 1794 720 1803; x_wconf 89' lang='lat'>—</span> <span class='ocrx_word' id='word_1_123' title='bbox 800 1770 1014 1815; x_wconf 87' lang='lat' dir='ltr'>Ceterum</span> 
     </span>
    </p>
   </div>
   <div class='ocr_carea' id='block_1_4' title="bbox 119 1827 1035 1883">
    <p class='ocr_par' dir='ltr' id='par_1_4' title="bbox 119 1827 1035 1883">
     <span class='ocr_line' id='line_1_19' title="bbox 119 1827 1035 1883; baseline -0.001 -11"><span class='ocrx_word' id='word_1_124' title='bbox 119 1829 410 1883; x_wconf 72' lang='lat' dir='ltr'>Septembris</span> <span class='ocrx_word' id='word_1_125' title='bbox 434 1827 480 1870; x_wconf 87' lang='lat' dir='ltr'>in</span> <span class='ocrx_word' id='word_1_126' title='bbox 502 1827 604 1871; x_wconf 86' lang='lat' dir='ltr'>MS.</span> <span class='ocrx_word' id='word_1_127' title='bbox 627 1827 727 1871; x_wconf 88' lang='lat' dir='ltr'>Vat.</span> <span class='ocrx_word' id='word_1_128' title='bbox 748 1828 877 1874; x_wconf 70' lang='lat'>3429.</span> <span class='ocrx_word' id='word_1_129' title='bbox 904 1830 1035 1874; x_wconf 81' lang='lat' dir='ltr'>scri-·</span> 
     </span>
    </p>
   </div>
   <div class='ocr_carea' id='block_1_5' title="bbox 111 1894 1011 3610">
    <p class='ocr_par' dir='ltr' id='par_1_5' title="bbox 118 1894 996 1943">
     <span class='ocr_line' id='line_1_20' title="bbox 118 1894 996 1943; baseline 0 -15"><span class='ocrx_word' id='word_1_130' title='bbox 118 1894 246 1943; x_wconf 86' lang='lat' dir='ltr'>ptum</span> <span class='ocrx_word' id='word_1_131' title='bbox 281 1895 359 1938; x_wconf 77' lang='lat' dir='ltr'>est.</span> <span class='ocrx_word' id='word_1_132' title='bbox 994 1935 996 1937; x_wconf 23' lang='lat'>¹</span> 
     </span>
    </p>

    <p class='ocr_par' dir='ltr' id='par_1_6' title="bbox 111 1944 1011 3610">
     <span class='ocr_line' id='line_1_21' title="bbox 172 1944 1011 1994; baseline 0.002 -9"><span class='ocrx_word' id='word_1_133' title='bbox 172 1945 292 1993; x_wconf 63' lang='lat' dir='ltr'>aihu</span> <span class='ocrx_word' id='word_1_134' title='bbox 320 1952 474 1994; x_wconf 72' lang='lat' dir='ltr'>metus</span> <span class='ocrx_word' id='word_1_135' title='bbox 496 1944 545 1985; x_wconf 79' lang='lat' dir='ltr'>in</span> <span class='ocrx_word' id='word_1_136' title='bbox 570 1946 717 1986; x_wconf 80' lang='lat' dir='ltr'>vultu.</span> <span class='ocrx_word' id='word_1_137' title='bbox 779 1944 879 1988; x_wconf 88' lang='lat' dir='ltr'>MS.</span> <span class='ocrx_word' id='word_1_138' title='bbox 907 1944 1011 1987; x_wconf 81' lang='lat' dir='ltr'>vat.</span> 
     </span>
     <span class='ocr_line' id='line_1_22' title="bbox 115 2001 1010 2057; baseline -0.002 -12"><span class='ocrx_word' id='word_1_139' title='bbox 115 2001 245 2045; x_wconf 71' lang='lat'>3429.</span> <span class='ocrx_word' id='word_1_140' title='bbox 266 2003 380 2044; x_wconf 71' lang='lat' dir='ltr'>nihil</span> <span class='ocrx_word' id='word_1_141' title='bbox 399 2003 597 2055; x_wconf 76' lang='lat' dir='ltr'>impetus</span> <span class='ocrx_word' id='word_1_142' title='bbox 619 2002 672 2042; x_wconf 86' lang='lat' dir='ltr'>in</span> <span class='ocrx_word' id='word_1_143' title='bbox 695 2004 828 2044; x_wconf 83' lang='lat' dir='ltr'>vultu</span> <span class='ocrx_word' id='word_1_144' title='bbox 842 2035 856 2057; x_wconf 90' lang='lat'>,</span> <span class='ocrx_word' id='word_1_145' title='bbox 893 2018 1010 2045; x_wconf 84' lang='lat' dir='ltr'>mar-</span> 
     </span>
     <span class='ocr_line' id='line_1_23' title="bbox 116 2058 1005 2118; baseline 0 -16"><span class='ocrx_word' id='word_1_146' title='bbox 116 2060 208 2118; x_wconf 84' lang='lat' dir='ltr'>gini</span> <span class='ocrx_word' id='word_1_147' title='bbox 244 2058 520 2117; x_wconf 86' lang='lat' dir='ltr'>adscriptum</span> <span class='ocrx_word' id='word_1_148' title='bbox 556 2066 645 2101; x_wconf 89' lang='lat' dir='ltr'>est:</span> <span class='ocrx_word' id='word_1_149' title='bbox 695 2059 868 2110; x_wconf 80' lang='lat' dir='ltr'>„Alius</span> <span class='ocrx_word' id='word_1_150' title='bbox 902 2075 1005 2102; x_wconf 86' lang='lat' dir='ltr'>me·</span> 
     </span>
     <span class='ocr_line' id='line_1_24' title="bbox 115 2117 1006 2177; baseline 0 -17"><span class='ocrx_word' id='word_1_151' title='bbox 115 2117 239 2160; x_wconf 82' lang='lat' dir='ltr'>tus’&#39;</span> <span class='ocrx_word' id='word_1_152' title='bbox 257 2150 268 2171; x_wconf 89' lang='lat'>,</span> <span class='ocrx_word' id='word_1_153' title='bbox 338 2127 381 2160; x_wconf 89' lang='lat' dir='ltr'>et</span> <span class='ocrx_word' id='word_1_154' title='bbox 434 2127 680 2177; x_wconf 87' lang='lat' dir='ltr'>utrumque</span> <span class='ocrx_word' id='word_1_155' title='bbox 740 2117 1006 2160; x_wconf 83' lang='lat' dir='ltr'>vocabulum</span> 
     </span>
     <span class='ocr_line' id='line_1_25' title="bbox 116 2174 1011 2219; baseline -0.002 0"><span class='ocrx_word' id='word_1_156' title='bbox 116 2175 413 2219; x_wconf 83' lang='lat' dir='ltr'>coniunctum</span> <span class='ocrx_word' id='word_1_157' title='bbox 438 2174 485 2219; x_wconf 87' lang='lat' dir='ltr'>in</span> <span class='ocrx_word' id='word_1_158' title='bbox 514 2174 694 2217; x_wconf 85' lang='lat' dir='ltr'>alterius</span> <span class='ocrx_word' id='word_1_159' title='bbox 720 2175 923 2219; x_wconf 86' lang='lat' dir='ltr'>Vaticani</span> <span class='ocrx_word' id='word_1_160' title='bbox 951 2174 1011 2218; x_wconf 92' lang='lat' dir='ltr'>li-</span> 
     </span>
     <span class='ocr_line' id='line_1_26' title="bbox 115 2232 1009 2276; baseline 0 -1"><span class='ocrx_word' id='word_1_161' title='bbox 115 2233 186 2276; x_wconf 84' lang='lat' dir='ltr'>hri</span> <span class='ocrx_word' id='word_1_162' title='bbox 211 2232 340 2275; x_wconf 75' lang='lat'>4498.</span> <span class='ocrx_word' id='word_1_163' title='bbox 366 2239 577 2275; x_wconf 86' lang='lat' dir='ltr'>contextu</span> <span class='ocrx_word' id='word_1_164' title='bbox 594 2248 607 2275; x_wconf 83' lang='lat'>:</span> <span class='ocrx_word' id='word_1_165' title='bbox 648 2234 768 2275; x_wconf 78' lang='lat' dir='ltr'>m‘hil</span> <span class='ocrx_word' id='word_1_166' title='bbox 785 2242 941 2275; x_wconf 80' lang='lat' dir='ltr'>metus</span> <span class='ocrx_word' id='word_1_167' title='bbox 964 2241 1009 2275; x_wconf 82' lang='lat' dir='ltr'>et</span> 
     </span>
     <span class='ocr_line' id='line_1_27' title="bbox 116 2289 1008 2347; baseline -0.001 -14"><span class='ocrx_word' id='word_1_168' title='bbox 116 2292 320 2344; x_wconf 81' lang='lat' dir='ltr'>impetus</span> <span class='ocrx_word' id='word_1_169' title='bbox 344 2291 391 2332; x_wconf 84' lang='lat' dir='ltr'>in</span> <span class='ocrx_word' id='word_1_170' title='bbox 415 2292 574 2342; x_wconf 80' lang='lat' dir='ltr'>vultu,</span> <span class='ocrx_word' id='word_1_171' title='bbox 605 2290 732 2347; x_wconf 34' lang='lat' dir='ltr'>*quod</span> <span class='ocrx_word' id='word_1_172' title='bbox 757 2308 779 2333; x_wconf 89' lang='lat' dir='ltr'>a</span> <span class='ocrx_word' id='word_1_173' title='bbox 808 2289 1008 2333; x_wconf 83' lang='lat' dir='ltr'>Beckero</span> 
     </span>
     <span class='ocr_line' id='line_1_28' title="bbox 115 2345 1007 2404; baseline -0.001 -14"><span class='ocrx_word' id='word_1_174' title='bbox 115 2356 350 2404; x_wconf 82' lang='lat' dir='ltr'>receptum</span> <span class='ocrx_word' id='word_1_175' title='bbox 387 2354 470 2389; x_wconf 87' lang='lat' dir='ltr'>est.</span> <span class='ocrx_word' id='word_1_176' title='bbox 542 2345 744 2389; x_wconf 89' lang='lat' dir='ltr'>Tuemur</span> <span class='ocrx_word' id='word_1_177' title='bbox 782 2347 1007 2404; x_wconf 83' lang='lat' dir='ltr'>vulgatam</span> 
     </span>
     <span class='ocr_line' id='line_1_29' title="bbox 116 2402 1008 2461; baseline -0.001 -13"><span class='ocrx_word' id='word_1_178' title='bbox 116 2405 384 2460; x_wconf 74' lang='lat' dir='ltr'>scripturam</span> <span class='ocrx_word' id='word_1_179' title='bbox 406 2419 592 2460; x_wconf 86' lang='lat' dir='ltr'>eamque</span> <span class='ocrx_word' id='word_1_180' title='bbox 620 2402 891 2461; x_wconf 81' lang='lat' dir='ltr'>explicamus</span> <span class='ocrx_word' id='word_1_181' title='bbox 919 2405 1008 2447; x_wconf 89' lang='lat' dir='ltr'>sic:</span> 
     </span>
     <span class='ocr_line' id='line_1_30' title="bbox 114 2461 1009 2518; baseline -0.002 -12"><span class='ocrx_word' id='word_1_182' title='bbox 114 2461 294 2511; x_wconf 78' lang='lat' dir='ltr'>nihilin</span> <span class='ocrx_word' id='word_1_183' title='bbox 319 2461 446 2504; x_wconf 85' lang='lat' dir='ltr'>vultu</span> <span class='ocrx_word' id='word_1_184' title='bbox 463 2461 558 2503; x_wconf 89' lang='lat' dir='ltr'>eius</span> <span class='ocrx_word' id='word_1_185' title='bbox 577 2461 744 2508; x_wconf 86' lang='lat' dir='ltr'>inerat,</span> <span class='ocrx_word' id='word_1_186' title='bbox 775 2462 896 2518; x_wconf 87' lang='lat' dir='ltr'>quod</span> <span class='ocrx_word' id='word_1_187' title='bbox 919 2477 1009 2504; x_wconf 89' lang='lat' dir='ltr'>me-</span> 
     </span>
     <span class='ocr_line' id='line_1_31' title="bbox 116 2517 1008 2576; baseline -0.001 -12"><span class='ocrx_word' id='word_1_188' title='bbox 116 2531 213 2564; x_wconf 86' lang='lat' dir='ltr'>tum</span> <span class='ocrx_word' id='word_1_189' title='bbox 225 2521 425 2564; x_wconf 81' lang='lat' dir='ltr'>incutere</span> <span class='ocrx_word' id='word_1_190' title='bbox 439 2518 669 2576; x_wconf 86' lang='lat' dir='ltr'>potuisset.</span> <span class='ocrx_word' id='word_1_191' title='bbox 691 2517 885 2573; x_wconf 86' lang='lat' dir='ltr'>Quintil.</span> <span class='ocrx_word' id='word_1_192' title='bbox 899 2520 1008 2563; x_wconf 88' lang='lat' dir='ltr'>lnst.</span> 
     </span>
     <span class='ocr_line' id='line_1_32' title="bbox 116 2578 1008 2630; baseline -0.003 -9"><span class='ocrx_word' id='word_1_193' title='bbox 116 2595 183 2621; x_wconf 89' lang='lat' dir='ltr'>or.</span> <span class='ocrx_word' id='word_1_194' title='bbox 201 2578 378 2630; x_wconf 72' lang='lat'>6‚2,21.</span> <span class='ocrx_word' id='word_1_195' title='bbox 410 2585 454 2619; x_wconf 84' lang='lat' dir='ltr'>et</span> <span class='ocrx_word' id='word_1_196' title='bbox 484 2583 706 2618; x_wconf 81' lang='lat' dir='ltr'>metum</span> <span class='ocrx_word' id='word_1_197' title='bbox 737 2584 898 2618; x_wconf 85' lang='lat' dir='ltr'>tamen</span> <span class='ocrx_word' id='word_1_198' title='bbox 918 2580 1008 2618; x_wconf 79' lang='lat' dir='ltr'>du-</span> 
     </span>
     <span class='ocr_line' id='line_1_33' title="bbox 111 2634 1007 2690; baseline -0.002 -12"><span class='ocrx_word' id='word_1_199' title='bbox 111 2637 278 2690; x_wconf 78' lang='lat' dir='ltr'>plicem</span> <span class='ocrx_word' id='word_1_200' title='bbox 312 2634 514 2688; x_wconf 77' lang='lat' dir='ltr'>intelligi</span> <span class='ocrx_word' id='word_1_201' title='bbox 542 2636 648 2675; x_wconf 83' lang='lat' dir='ltr'>volo</span> <span class='ocrx_word' id='word_1_202' title='bbox 660 2665 674 2685; x_wconf 90' lang='lat'>,</span> <span class='ocrx_word' id='word_1_203' title='bbox 715 2649 852 2689; x_wconf 83' lang='lat' dir='ltr'>quem</span> <span class='ocrx_word' id='word_1_204' title='bbox 884 2634 1007 2687; x_wconf 81' lang='lat' dir='ltr'>pati-</span> 
     </span>
     <span class='ocr_line' id='line_1_34' title="bbox 116 2691 1006 2749; baseline -0.003 -13"><span class='ocrx_word' id='word_1_205' title='bbox 116 2709 247 2746; x_wconf 84' lang='lat' dir='ltr'>mur,</span> <span class='ocrx_word' id='word_1_206' title='bbox 290 2700 336 2736; x_wconf 83' lang='lat' dir='ltr'>et</span> <span class='ocrx_word' id='word_1_207' title='bbox 365 2707 503 2747; x_wconf 84' lang='lat' dir='ltr'>quem</span> <span class='ocrx_word' id='word_1_208' title='bbox 525 2691 760 2747; x_wconf 83' lang='lat' dir='ltr'>facimus,·</span> <span class='ocrx_word' id='word_1_209' title='bbox 808 2691 1006 2749; x_wconf 84' lang='lat' dir='ltr'>itemque</span> 
     </span>
     <span class='ocr_line' id='line_1_35' title="bbox 117 2749 1008 2800; baseline -0.006 -5"><span class='ocrx_word' id='word_1_210' title='bbox 117 2750 288 2795; x_wconf 76' lang='lat' dir='ltr'>Gellius</span> <span class='ocrx_word' id='word_1_211' title='bbox 318 2749 377 2793; x_wconf 90' lang='lat' dir='ltr'>N.</span> <span class='ocrx_word' id='word_1_212' title='bbox 417 2752 471 2794; x_wconf 83' lang='grc' dir='ltr'>Α.</span> <span class='ocrx_word' id='word_1_213' title='bbox 499 2750 539 2800; x_wconf 88' lang='grc'>9,</span> <span class='ocrx_word' id='word_1_214' title='bbox 563 2749 633 2791; x_wconf 76' lang='grc'>12.</span> <span class='ocrx_word' id='word_1_215' title='bbox 663 2763 781 2791; x_wconf 87' lang='lat' dir='ltr'>nam</span> <span class='ocrx_word' id='word_1_216' title='bbox 813 2758 1008 2793; x_wconf 79' lang='lat' dir='ltr'>metus</span> 
     </span>
     <span class='ocr_line' id='line_1_36' title="bbox 115 2807 1007 2861; baseline -0.004 -10"><span class='ocrx_word' id='word_1_217' title='bbox 115 2811 314 2853; x_wconf 74' lang='lat' dir='ltr'>hostiwn</span> <span class='ocrx_word' id='word_1_218' title='bbox 337 2814 456 2850; x_wconf 86' lang='lat' dir='ltr'>recte</span> <span class='ocrx_word' id='word_1_219' title='bbox 473 2809 671 2855; x_wconf 75' lang='lat' dir='ltr'>dicitur,</span> <span class='ocrx_word' id='word_1_220' title='bbox 713 2814 758 2849; x_wconf 83' lang='lat' dir='ltr'>et</span> <span class='ocrx_word' id='word_1_221' title='bbox 778 2822 919 2861; x_wconf 85' lang='lat' dir='ltr'>quum</span> <span class='ocrx_word' id='word_1_222' title='bbox 944 2807 1007 2848; x_wconf 81' lang='lat' dir='ltr'>ti-</span> 
     </span>
     <span class='ocr_line' id='line_1_37' title="bbox 118 2866 1004 2920; baseline -0.001 -12"><span class='ocrx_word' id='word_1_223' title='bbox 118 2874 247 2908; x_wconf 79' lang='lat' dir='ltr'>ment</span> <span class='ocrx_word' id='word_1_224' title='bbox 284 2867 438 2907; x_wconf 75' lang='lat' dir='ltr'>hostes</span> <span class='ocrx_word' id='word_1_225' title='bbox 483 2872 528 2907; x_wconf 80' lang='lat' dir='ltr'>ec</span> <span class='ocrx_word' id='word_1_226' title='bbox 568 2879 715 2920; x_wconf 84' lang='lat' dir='ltr'>quum</span> <span class='ocrx_word' id='word_1_227' title='bbox 760 2866 1004 2907; x_wconf 81' lang='lat' dir='ltr'>timentur.</span> 
     </span>
     <span class='ocr_line' id='line_1_38' title="bbox 115 2921 1007 2980; baseline -0.004 -13"><span class='ocrx_word' id='word_1_228' title='bbox 115 2924 192 2967; x_wconf 89' lang='lat' dir='ltr'>Sic</span> <span class='ocrx_word' id='word_1_229' title='bbox 222 2922 338 2980; x_wconf 87' lang='lat' dir='ltr'>apud</span> <span class='ocrx_word' id='word_1_230' title='bbox 361 2921 543 2965; x_wconf 88' lang='lat' dir='ltr'>Sallust.</span> <span class='ocrx_word' id='word_1_231' title='bbox 579 2922 742 2980; x_wconf 79' lang='lat' dir='ltr'>fragm.</span> <span class='ocrx_word' id='word_1_232' title='bbox 767 2921 938 2964; x_wconf 88' lang='lat' dir='ltr'>Histor.</span> <span class='ocrx_word' id='word_1_233' title='bbox 968 2924 1007 2973; x_wconf 89' lang='lat'>1,</span> 
     </span>
     <span class='ocr_line' id='line_1_39' title="bbox 119 2978 1004 3037; baseline -0.002 -14"><span class='ocrx_word' id='word_1_234' title='bbox 119 2983 164 3024; x_wconf 90' lang='lat'>8.</span> <span class='ocrx_word' id='word_1_235' title='bbox 197 2987 240 3023; x_wconf 86' lang='lat' dir='ltr'>et</span> <span class='ocrx_word' id='word_1_236' title='bbox 281 2981 346 3024; x_wconf 85' lang='lat' dir='ltr'>ll.</span> <span class='ocrx_word' id='word_1_237' title='bbox 408 2979 521 3022; x_wconf 88' lang='lat' dir='ltr'>Vide</span> <span class='ocrx_word' id='word_1_238' title='bbox 552 2994 736 3037; x_wconf 89' lang='lat' dir='ltr'>quoque</span> <span class='ocrx_word' id='word_1_239' title='bbox 769 2978 912 3021; x_wconf 74' lang='lat' dir='ltr'>Reitz.</span> <span class='ocrx_word' id='word_1_240' title='bbox 949 2979 1004 3021; x_wconf 84' lang='lat' dir='ltr'>de</span> 
     </span>
     <span class='ocr_line' id='line_1_40' title="bbox 116 3035 1003 3094; baseline -0.003 -13"><span class='ocrx_word' id='word_1_241' title='bbox 116 3035 296 3094; x_wconf 78' lang='lat' dir='ltr'>Ambig.</span> <span class='ocrx_word' id='word_1_242' title='bbox 318 3052 363 3094; x_wconf 88' lang='lat' dir='ltr'>p.</span> <span class='ocrx_word' id='word_1_243' title='bbox 388 3035 509 3087; x_wconf 76' lang='lat'>238..</span> <span class='ocrx_word' id='word_1_244' title='bbox 540 3051 673 3093; x_wconf 89' lang='lat' dir='ltr'>quem</span> <span class='ocrx_word' id='word_1_245' title='bbox 695 3035 856 3080; x_wconf 88' lang='lat' dir='ltr'>adtulit</span> <span class='ocrx_word' id='word_1_246' title='bbox 878 3035 1003 3079; x_wconf 78' lang='lat' dir='ltr'>Hess-</span> 
     </span>
     <span class='ocr_line' id='line_1_41' title="bbox 117 3093 1005 3150; baseline -0.006 -11"><span class='ocrx_word' id='word_1_247' title='bbox 117 3096 173 3139; x_wconf 80' lang='lat' dir='ltr'>ad</span> <span class='ocrx_word' id='word_1_248' title='bbox 199 3093 359 3137; x_wconf 74' lang='lat' dir='ltr'>Germ.</span> <span class='ocrx_word' id='word_1_249' title='bbox 382 3109 422 3138; x_wconf 89' lang='lat' dir='ltr'>c.</span> <span class='ocrx_word' id='word_1_250' title='bbox 445 3094 487 3145; x_wconf 77' lang='lat'>2,</span> <span class='ocrx_word' id='word_1_251' title='bbox 506 3093 547 3136; x_wconf 92' lang='grc'>7.</span> <span class='ocrx_word' id='word_1_252' title='bbox 606 3093 679 3136; x_wconf 81' lang='lat' dir='ltr'>Ad</span> <span class='ocrx_word' id='word_1_253' title='bbox 705 3093 1005 3150; x_wconf 81' lang='lat' dir='ltr'>comparatio-</span> 
     </span>
     <span class='ocr_line' id='line_1_42' title="bbox 117 3150 1006 3210; baseline -0.003 -15"><span class='ocrx_word' id='word_1_254' title='bbox 117 3168 223 3195; x_wconf 85' lang='lat' dir='ltr'>nem</span> <span class='ocrx_word' id='word_1_255' title='bbox 245 3150 474 3210; x_wconf 85' lang='lat' dir='ltr'>adpositus</span> <span class='ocrx_word' id='word_1_256' title='bbox 499 3160 563 3193; x_wconf 85' lang='lat' dir='ltr'>est</span> <span class='ocrx_word' id='word_1_257' title='bbox 588 3150 716 3195; x_wconf 86' lang='lat' dir='ltr'>locus</span> <span class='ocrx_word' id='word_1_258' title='bbox 743 3150 885 3196; x_wconf 85' lang='lat' dir='ltr'>Ovid.</span> <span class='ocrx_word' id='word_1_259' title='bbox 909 3150 1006 3193; x_wconf 88' lang='lat' dir='ltr'>Me-</span> 
     </span>
     <span class='ocr_line' id='line_1_43' title="bbox 117 3208 1006 3264; baseline -0.002 -12"><span class='ocrx_word' id='word_1_260' title='bbox 117 3219 220 3253; x_wconf 84' lang='lat' dir='ltr'>tam.</span> <span class='ocrx_word' id='word_1_261' title='bbox 243 3209 286 3262; x_wconf 77' lang='lat'>2,</span> <span class='ocrx_word' id='word_1_262' title='bbox 317 3208 414 3252; x_wconf 86' lang='lat'>857.</span> <span class='ocrx_word' id='word_1_263' title='bbox 446 3210 610 3250; x_wconf 83' lang='lat' dir='ltr'>nullae</span> <span class='ocrx_word' id='word_1_264' title='bbox 643 3208 692 3249; x_wconf 84' lang='lat' dir='ltr'>in</span> <span class='ocrx_word' id='word_1_265' title='bbox 715 3209 879 3264; x_wconf 83' lang='lat' dir='ltr'>fronte</span> <span class='ocrx_word' id='word_1_266' title='bbox 911 3209 1006 3250; x_wconf 79' lang='lat' dir='ltr'>mi-</span> 
     </span>
     <span class='ocr_line' id='line_1_44' title="bbox 115 3265 1006 3322; baseline 0 -14"><span class='ocrx_word' id='word_1_267' title='bbox 115 3282 228 3318; x_wconf 88' lang='lat' dir='ltr'>nae,</span> <span class='ocrx_word' id='word_1_268' title='bbox 257 3281 342 3308; x_wconf 85' lang='lat' dir='ltr'>nec</span> <span class='ocrx_word' id='word_1_269' title='bbox 361 3265 666 3322; x_wconf 81' lang='lat' dir='ltr'>formidabile</span> <span class='ocrx_word' id='word_1_270' title='bbox 688 3268 874 3316; x_wconf 65' lang='lat' dir='ltr'>lumem</span> <span class='ocrx_word' id='word_1_271' title='bbox 910 3282 1006 3319; x_wconf 85' lang='lat' dir='ltr'>pa·-</span> 
     </span>
     <span class='ocr_line' id='line_1_45' title="bbox 116 3323 1003 3367; baseline -0.001 -1"><span class='ocrx_word' id='word_1_272' title='bbox 116 3339 213 3366; x_wconf 82' lang='lat' dir='ltr'>ccm</span> <span class='ocrx_word' id='word_1_273' title='bbox 250 3326 406 3367; x_wconf 83' lang='lat' dir='ltr'>vultus</span> <span class='ocrx_word' id='word_1_274' title='bbox 441 3325 596 3365; x_wconf 77' lang='lat' dir='ltr'>habet.</span> <span class='ocrx_word' id='word_1_275' title='bbox 664 3323 861 3366; x_wconf 82' lang='lat' dir='ltr'>Minime</span> <span class='ocrx_word' id='word_1_276' title='bbox 898 3339 1003 3365; x_wconf 84' lang='lat' dir='ltr'>vero</span> 
     </span>
     <span class='ocr_line' id='line_1_46' title="bbox 117 3379 1006 3438; baseline -0.001 -15"><span class='ocrx_word' id='word_1_277' title='bbox 117 3381 320 3424; x_wconf 74' lang='lat' dir='ltr'>omnium</span> <span class='ocrx_word' id='word_1_278' title='bbox 362 3379 665 3424; x_wconf 81' lang='lat' dir='ltr'>admittendus</span> <span class='ocrx_word' id='word_1_279' title='bbox 700 3388 764 3423; x_wconf 83' lang='lat' dir='ltr'>est</span> <span class='ocrx_word' id='word_1_280' title='bbox 802 3380 1006 3438; x_wconf 78' lang='lat' dir='ltr'>passivus</span> 
     </span>
     <span class='ocr_line' id='line_1_47' title="bbox 119 3435 1004 3492; baseline 0 -13"><span class='ocrx_word' id='word_1_281' title='bbox 119 3445 269 3480; x_wconf 73' lang='lat' dir='ltr'>taetus</span> <span class='ocrx_word' id='word_1_282' title='bbox 314 3437 520 3482; x_wconf 78' lang='lat' dir='ltr'>vocabuli</span> <span class='ocrx_word' id='word_1_283' title='bbox 574 3435 848 3492; x_wconf 74' lang='lat' dir='ltr'>significatus</span> <span class='ocrx_word' id='word_1_284' title='bbox 899 3452 1004 3480; x_wconf 90' lang='lat' dir='ltr'>cum</span> 
     </span>
     <span class='ocr_line' id='line_1_48' title="bbox 118 3491 1003 3553; baseline 0 -17"><span class='ocrx_word' id='word_1_285' title='bbox 118 3491 405 3537; x_wconf 75' lang='lat' dir='ltr'>Doederlein.</span> <span class='ocrx_word' id='word_1_286' title='bbox 453 3494 550 3537; x_wconf 87' lang='lat' dir='ltr'>Lat.</span> <span class='ocrx_word' id='word_1_287' title='bbox 594 3495 704 3553; x_wconf 83' lang='lat' dir='ltr'>Syn.</span> <span class='ocrx_word' id='word_1_288' title='bbox 753 3502 796 3537; x_wconf 87' lang='lat' dir='ltr'>et</span> <span class='ocrx_word' id='word_1_289' title='bbox 850 3494 1003 3552; x_wconf 78' lang='lat' dir='ltr'>Etym-</span> 
     </span>
     <span class='ocr_line' id='line_1_49' title="bbox 124 3549 1004 3610; baseline -0.002 -17"><span class='ocrx_word' id='word_1_290' title='bbox 124 3551 217 3593; x_wconf 90' lang='lat' dir='ltr'>Vol.</span> <span class='ocrx_word' id='word_1_291' title='bbox 255 3549 327 3593; x_wconf 80' lang='lat' dir='ltr'>[V.</span> <span class='ocrx_word' id='word_1_292' title='bbox 373 3567 414 3607; x_wconf 85' lang='lat' dir='ltr'>p.</span> <span class='ocrx_word' id='word_1_293' title='bbox 450 3552 574 3602; x_wconf 62' lang='lat'>320„</span> <span class='ocrx_word' id='word_1_294' title='bbox 615 3551 691 3610; x_wconf 86' lang='lat' dir='ltr'>qui</span> <span class='ocrx_word' id='word_1_295' title='bbox 726 3551 893 3596; x_wconf 79' lang='lat' dir='ltr'>vertit:</span> <span class='ocrx_word' id='word_1_296' title='bbox 939 3550 1004 3592; x_wconf 87' lang='lat' dir='ltr'>So</span> 
     </span>
    </p>
   </div>
   <div class='ocr_carea' id='block_1_6' title="bbox 123 3607 1004 3661">
    <p class='ocr_par' dir='ltr' id='par_1_7' title="bbox 123 3607 1004 3661">
     <span class='ocr_line' id='line_1_50' title="bbox 123 3607 1004 3661; baseline -0.003 -12"><span class='ocrx_word' id='word_1_297' title='bbox 123 3611 265 3661; x_wconf 75' lang='lat' dir='ltr'>wem&#39;g</span> <span class='ocrx_word' id='word_1_298' title='bbox 288 3610 384 3651; x_wconf 80' lang='lat' dir='ltr'>sich</span> <span class='ocrx_word' id='word_1_299' title='bbox 404 3611 575 3652; x_wconf 74' lang='lat' dir='ltr'>Furclzt</span> <span class='ocrx_word' id='word_1_300' title='bbox 599 3612 648 3652; x_wconf 83' lang='lat' dir='ltr'>in</span> <span class='ocrx_word' id='word_1_301' title='bbox 669 3611 847 3651; x_wconf 77' lang='lat' dir='ltr'>seinem</span> <span class='ocrx_word' id='word_1_302' title='bbox 876 3607 1004 3651; x_wconf 71' lang='lat' dir='ltr'>Blick</span> 
     </span>
    </p>
   </div>
   <div class='ocr_carea' id='block_1_7' title="bbox 210 3675 604 3725">
    <p class='ocr_par' dir='ltr' id='par_1_8' title="bbox 210 3675 604 3725">
     <span class='ocr_line' id='line_1_51' title="bbox 210 3675 604 3725; baseline 0.003 -1"><span class='ocrx_word' id='word_1_303' title='bbox 210 3675 457 3725; x_wconf 55' lang='lat' dir='ltr'>&#39;riom-us</span> <span class='ocrx_word' id='word_1_304' title='bbox 512 3675 604 3725; x_wconf 74' lang='lat' dir='ltr'>[V.</span> 
     </span>
    </p>
   </div>
   <div class='ocr_carea' id='block_1_8' title="bbox 1087 1542 1984 1656">
    <p class='ocr_par' dir='ltr' id='par_1_9' title="bbox 1087 1542 1984 1656">
     <span class='ocr_line' id='line_1_52' title="bbox 1088 1542 1981 1596; baseline 0.002 -12"><span class='ocrx_word' id='word_1_305' title='bbox 1088 1542 1349 1594; x_wconf 81' lang='lat' dir='ltr'>aussprach</span> <span class='ocrx_word' id='word_1_306' title='bbox 1363 1574 1375 1596; x_wconf 86' lang='lat'>,</span> <span class='ocrx_word' id='word_1_307' title='bbox 1419 1555 1474 1583; x_wconf 84' lang='lat' dir='ltr'>so</span> <span class='ocrx_word' id='word_1_308' title='bbox 1509 1554 1614 1583; x_wconf 86' lang='lat' dir='ltr'>war</span> <span class='ocrx_word' id='word_1_309' title='bbox 1641 1544 1757 1585; x_wconf 74' lang='lat' dir='ltr'>doch</span> <span class='ocrx_word' id='word_1_310' title='bbox 1778 1542 1981 1586; x_wconf 81' lang='lat' dir='ltr'>Holdse-</span> 
     </span>
     <span class='ocr_line' id='line_1_53' title="bbox 1087 1599 1984 1656; baseline 0.006 -15"><span class='ocrx_word' id='word_1_311' title='bbox 1087 1599 1245 1652; x_wconf 74' lang='lat' dir='ltr'>ligkeit</span> <span class='ocrx_word' id='word_1_312' title='bbox 1269 1602 1355 1640; x_wconf 85' lang='lat' dir='ltr'>der</span> <span class='ocrx_word' id='word_1_313' title='bbox 1379 1600 1781 1643; x_wconf 75' lang='lat' dir='ltr'>vorherrschende</span> <span class='ocrx_word' id='word_1_314' title='bbox 1802 1601 1907 1656; x_wconf 74' lang='lat' dir='ltr'>Zug</span> <span class='ocrx_word' id='word_1_315' title='bbox 1931 1604 1984 1651; x_wconf 67' lang='lat' dir='ltr'>,in</span> 
     </span>
    </p>
   </div>
   <div class='ocr_carea' id='block_1_9' title="bbox 1077 1654 1980 1716">
    <p class='ocr_par' dir='ltr' id='par_1_10' title="bbox 1077 1654 1980 1716">
     <span class='ocr_line' id='line_1_54' title="bbox 1077 1654 1980 1716; baseline 0.004 -17"><span class='ocrx_word' id='word_1_316' title='bbox 1077 1657 1248 1699; x_wconf 29' lang='lat' dir='ltr'>*seinen</span> <span class='ocrx_word' id='word_1_317' title='bbox 1261 1656 1462 1700; x_wconf 85' lang='lat' dir='ltr'>Mienen.</span> <span class='ocrx_word' id='word_1_318' title='bbox 1503 1654 1619 1711; x_wconf 82' lang='lat' dir='ltr'>Quis</span> <span class='ocrx_word' id='word_1_319' title='bbox 1638 1672 1837 1715; x_wconf 86' lang='lat' dir='ltr'>unquam</span> <span class='ocrx_word' id='word_1_320' title='bbox 1848 1660 1980 1716; x_wconf 83' lang='lat' dir='ltr'>Agri·</span> 
     </span>
    </p>
   </div>
   <div class='ocr_carea' id='block_1_10' title="bbox 1083 1713 1981 2057">
    <p class='ocr_par' dir='ltr' id='par_1_11' title="bbox 1083 1713 1981 2057">
     <span class='ocr_line' id='line_1_55' title="bbox 1089 1713 1981 1770; baseline 0.004 -14"><span class='ocrx_word' id='word_1_321' title='bbox 1089 1714 1235 1756; x_wconf 89' lang='lat' dir='ltr'>colam</span> <span class='ocrx_word' id='word_1_322' title='bbox 1255 1714 1463 1770; x_wconf 83' lang='lat' dir='ltr'>cogitavit</span> <span class='ocrx_word' id='word_1_323' title='bbox 1478 1713 1797 1757; x_wconf 84' lang='lat' dir='ltr'>meticulosum</span> <span class='ocrx_word' id='word_1_324' title='bbox 1811 1716 1832 1758; x_wconf 74' lang='grc' dir='ltr'>’ἓ</span> <span class='ocrx_word' id='word_1_325' title='bbox 1862 1716 1981 1761; x_wconf 75' lang='lat' dir='ltr'>Edit.</span> 
     </span>
     <span class='ocr_line' id='line_1_56' title="bbox 1088 1771 1981 1830; baseline 0.006 -17"><span class='ocrx_word' id='word_1_326' title='bbox 1088 1771 1294 1827; x_wconf 71' lang='lat' dir='ltr'>Bipont„</span> <span class='ocrx_word' id='word_1_327' title='bbox 1326 1786 1459 1827; x_wconf 88' lang='lat' dir='ltr'>quem</span> <span class='ocrx_word' id='word_1_328' title='bbox 1484 1779 1734 1827; x_wconf 86' lang='lat' dir='ltr'>sequuntur</span> <span class='ocrx_word' id='word_1_329' title='bbox 1755 1772 1914 1830; x_wconf 84' lang='lat' dir='ltr'>Engel.</span> <span class='ocrx_word' id='word_1_330' title='bbox 1939 1784 1981 1818; x_wconf 76' lang='lat' dir='ltr'>et</span> 
     </span>
     <span class='ocr_line' id='line_1_57' title="bbox 1084 1828 1980 1886; baseline -0.006 -14"><span class='ocrx_word' id='word_1_331' title='bbox 1084 1828 1336 1880; x_wconf 67' lang='lat' dir='ltr'>Scbltiter„</span> <span class='ocrx_word' id='word_1_332' title='bbox 1367 1828 1478 1870; x_wconf 90' lang='lat' dir='ltr'>adeo</span> <span class='ocrx_word' id='word_1_333' title='bbox 1498 1829 1583 1870; x_wconf 87' lang='lat' dir='ltr'>fuit</span> <span class='ocrx_word' id='word_1_334' title='bbox 1604 1829 1808 1886; x_wconf 87' lang='lat' dir='ltr'>ineptus,</span> <span class='ocrx_word' id='word_1_335' title='bbox 1835 1840 1885 1874; x_wconf 90' lang='lat' dir='ltr'>ut</span> <span class='ocrx_word' id='word_1_336' title='bbox 1907 1847 1980 1876; x_wconf 83' lang='lat' dir='ltr'>ve.</span> 
     </span>
     <span class='ocr_line' id='line_1_58' title="bbox 1083 1885 1980 1942; baseline 0.006 -15"><span class='ocrx_word' id='word_1_337' title='bbox 1083 1885 1222 1942; x_wconf 81' lang='lat' dir='ltr'>stigiis</span> <span class='ocrx_word' id='word_1_338' title='bbox 1245 1887 1348 1932; x_wconf 87' lang='lat' dir='ltr'>cod.</span> <span class='ocrx_word' id='word_1_339' title='bbox 1374 1885 1517 1928; x_wconf 87' lang='lat' dir='ltr'>Vatic.</span> <span class='ocrx_word' id='word_1_340' title='bbox 1543 1885 1758 1930; x_wconf 85' lang='lat' dir='ltr'>inductus</span> <span class='ocrx_word' id='word_1_341' title='bbox 1782 1888 1980 1932; x_wconf 84' lang='lat' dir='ltr'>scriben-</span> 
     </span>
     <span class='ocr_line' id='line_1_59' title="bbox 1083 1943 1980 2002; baseline 0.006 -17"><span class='ocrx_word' id='word_1_342' title='bbox 1083 1943 1195 1985; x_wconf 88' lang='lat' dir='ltr'>dum</span> <span class='ocrx_word' id='word_1_343' title='bbox 1239 1952 1441 1986; x_wconf 88' lang='lat' dir='ltr'>censeret</span> <span class='ocrx_word' id='word_1_344' title='bbox 1480 1946 1714 2000; x_wconf 80' lang='lat' dir='ltr'>ineptum,</span> <span class='ocrx_word' id='word_1_345' title='bbox 1778 1946 1899 2002; x_wconf 86' lang='lat' dir='ltr'>quod</span> <span class='ocrx_word' id='word_1_346' title='bbox 1930 1956 1980 1990; x_wconf 81' lang='lat' dir='ltr'>ut</span> 
     </span>
     <span class='ocr_line' id='line_1_60' title="bbox 1083 1999 1758 2057; baseline 0.004 -15"><span class='ocrx_word' id='word_1_347' title='bbox 1083 1999 1305 2043; x_wconf 84' lang='lat' dir='ltr'>refutetur</span> <span class='ocrx_word' id='word_1_348' title='bbox 1333 2017 1469 2044; x_wconf 89' lang='lat' dir='ltr'>nemo</span> <span class='ocrx_word' id='word_1_349' title='bbox 1500 2002 1758 2057; x_wconf 82' lang='lat' dir='ltr'>postulabit.</span> 
     </span>
    </p>
   </div>
   <div class='ocr_carea' id='block_1_11' title="bbox 1079 2071 1978 2182">
    <p class='ocr_par' dir='ltr' id='par_1_12' title="bbox 1079 2071 1978 2182">
     <span class='ocr_line' id='line_1_61' title="bbox 1139 2071 1978 2125; baseline 0.006 -13"><span class='ocrx_word' id='word_1_350' title='bbox 1139 2079 1401 2125; x_wconf 83' lang='lat' dir='ltr'>supererat.</span> <span class='ocrx_word' id='word_1_351' title='bbox 1474 2071 1698 2116; x_wconf 59' lang='lat' dir='ltr'>Ed.=Put.</span> <span class='ocrx_word' id='word_1_352' title='bbox 1736 2071 1852 2118; x_wconf 85' lang='lat' dir='ltr'>Ven.</span> <span class='ocrx_word' id='word_1_353' title='bbox 1896 2089 1978 2117; x_wconf 83' lang='lat' dir='ltr'>su-</span> 
     </span>
     <span class='ocr_line' id='line_1_62' title="bbox 1079 2137 1239 2182; baseline 0.019 -13"><span class='ocrx_word' id='word_1_354' title='bbox 1079 2137 1239 2182; x_wconf 78' lang='lat' dir='ltr'>perat.</span> 
     </span>
    </p>
   </div>
   <div class='ocr_carea' id='block_1_12' title="bbox 1080 2200 1983 2473">
    <p class='ocr_par' dir='ltr' id='par_1_13' title="bbox 1080 2200 1983 2473">
     <span class='ocr_line' id='line_1_63' title="bbox 1141 2200 1978 2253; baseline 0.004 -12"><span class='ocrx_word' id='word_1_355' title='bbox 1141 2200 1471 2242; x_wconf 82' lang='lat' dir='ltr'>consularibus</span> <span class='ocrx_word' id='word_1_356' title='bbox 1512 2214 1568 2241; x_wconf 87' lang='lat' dir='ltr'>ac</span> <span class='ocrx_word' id='word_1_357' title='bbox 1612 2201 1978 2253; x_wconf 73' lang='lat' dir='ltr'>triumphalibus</span> 
     </span>
     <span class='ocr_line' id='line_1_64' title="bbox 1084 2255 1975 2307; baseline 0.003 -9"><span class='ocrx_word' id='word_1_358' title='bbox 1084 2258 1389 2299; x_wconf 82' lang='lat' dir='ltr'>ornamentis.</span> <span class='ocrx_word' id='word_1_359' title='bbox 1451 2255 1528 2300; x_wconf 87' lang='lat' dir='ltr'>Sic</span> <span class='ocrx_word' id='word_1_360' title='bbox 1549 2257 1647 2300; x_wconf 84' lang='lat' dir='ltr'>edd.</span> <span class='ocrx_word' id='word_1_361' title='bbox 1674 2273 1858 2307; x_wconf 87' lang='lat' dir='ltr'>omnes,</span> <span class='ocrx_word' id='word_1_362' title='bbox 1899 2260 1975 2301; x_wconf 85' lang='lat' dir='ltr'>sed</span> 
     </span>
     <span class='ocr_line' id='line_1_65' title="bbox 1083 2313 1983 2372; baseline 0.002 -16"><span class='ocrx_word' id='word_1_363' title='bbox 1083 2315 1186 2372; x_wconf 87' lang='lat' dir='ltr'>quia</span> <span class='ocrx_word' id='word_1_364' title='bbox 1213 2314 1261 2356; x_wconf 87' lang='lat' dir='ltr'>in</span> <span class='ocrx_word' id='word_1_365' title='bbox 1287 2313 1388 2356; x_wconf 89' lang='lat' dir='ltr'>MS.</span> <span class='ocrx_word' id='word_1_366' title='bbox 1412 2313 1557 2357; x_wconf 88' lang='lat' dir='ltr'>Vatic.</span> <span class='ocrx_word' id='word_1_367' title='bbox 1580 2314 1708 2357; x_wconf 71' lang='lat'>3429.</span> <span class='ocrx_word' id='word_1_368' title='bbox 1741 2317 1983 2358; x_wconf 79' lang='lat' dir='ltr'>consulari</span> 
     </span>
     <span class='ocr_line' id='line_1_66' title="bbox 1082 2372 1977 2430; baseline 0 -15"><span class='ocrx_word' id='word_1_369' title='bbox 1082 2381 1311 2430; x_wconf 87' lang='lat' dir='ltr'>repertum</span> <span class='ocrx_word' id='word_1_370' title='bbox 1349 2379 1436 2420; x_wconf 84' lang='lat' dir='ltr'>est,</span> <span class='ocrx_word' id='word_1_371' title='bbox 1487 2372 1533 2414; x_wconf 93' lang='lat' dir='ltr'>id</span> <span class='ocrx_word' id='word_1_372' title='bbox 1565 2373 1766 2429; x_wconf 84' lang='lat' dir='ltr'>recipere</span> <span class='ocrx_word' id='word_1_373' title='bbox 1804 2373 1977 2416; x_wconf 84' lang='lat' dir='ltr'>malue-</span> 
     </span>
     <span class='ocr_line' id='line_1_67' title="bbox 1080 2427 1668 2473; baseline 0.005 -3"><span class='ocrx_word' id='word_1_374' title='bbox 1080 2437 1190 2472; x_wconf 89' lang='lat' dir='ltr'>runt</span> <span class='ocrx_word' id='word_1_375' title='bbox 1214 2427 1401 2471; x_wconf 86' lang='lat' dir='ltr'>Becker.</span> <span class='ocrx_word' id='word_1_376' title='bbox 1432 2436 1474 2472; x_wconf 89' lang='lat' dir='ltr'>et</span> <span class='ocrx_word' id='word_1_377' title='bbox 1497 2428 1668 2473; x_wconf 82' lang='lat' dir='ltr'>Hertel.</span> 
     </span>
    </p>
   </div>
   <div class='ocr_carea' id='block_1_13' title="bbox 1076 2497 1977 3657">
    <p class='ocr_par' dir='ltr' id='par_1_14' title="bbox 1076 2497 1977 3519">
     <span class='ocr_line' id='line_1_68' title="bbox 1138 2497 1973 2554; baseline -0.001 -13"><span class='ocrx_word' id='word_1_378' title='bbox 1138 2499 1373 2552; x_wconf 80' lang='lat' dir='ltr'>speciosae</span> <span class='ocrx_word' id='word_1_379' title='bbox 1433 2501 1744 2554; x_wconf 77' lang='lat' dir='ltr'>contigerant.</span> <span class='ocrx_word' id='word_1_380' title='bbox 1835 2497 1973 2542; x_wconf 86' lang='lat' dir='ltr'>MSS.</span> 
     </span>
     <span class='ocr_line' id='line_1_69' title="bbox 1078 2554 1977 2610; baseline 0.003 -14"><span class='ocrx_word' id='word_1_381' title='bbox 1078 2555 1253 2600; x_wconf 80' lang='lat' dir='ltr'>Vaticc.</span> <span class='ocrx_word' id='word_1_382' title='bbox 1298 2554 1427 2599; x_wconf 70' lang='lat'>3429.</span> <span class='ocrx_word' id='word_1_383' title='bbox 1476 2564 1519 2599; x_wconf 86' lang='lat' dir='ltr'>et</span> <span class='ocrx_word' id='word_1_384' title='bbox 1560 2555 1691 2599; x_wconf 83' lang='lat'>4498.</span> <span class='ocrx_word' id='word_1_385' title='bbox 1739 2556 1977 2610; x_wconf 76' lang='lat' dir='ltr'>speciosae</span> 
     </span>
     <span class='ocr_line' id='line_1_70' title="bbox 1077 2612 1976 2672; baseline 0 -15"><span class='ocrx_word' id='word_1_386' title='bbox 1077 2627 1176 2657; x_wconf 86' lang='lat' dir='ltr'>non</span> <span class='ocrx_word' id='word_1_387' title='bbox 1212 2614 1523 2668; x_wconf 77' lang='lat' dir='ltr'>contigerant,</span> <span class='ocrx_word' id='word_1_388' title='bbox 1565 2612 1689 2670; x_wconf 88' lang='lat' dir='ltr'>quod</span> <span class='ocrx_word' id='word_1_389' title='bbox 1721 2613 1976 2672; x_wconf 86' lang='lat' dir='ltr'>responde-</span> 
     </span>
     <span class='ocr_line' id='line_1_71' title="bbox 1079 2666 1973 2729; baseline 0.003 -16"><span class='ocrx_word' id='word_1_390' title='bbox 1079 2669 1325 2713; x_wconf 82' lang='lat' dir='ltr'>retDionis</span> <span class='ocrx_word' id='word_1_391' title='bbox 1346 2670 1497 2716; x_wconf 86' lang='lat' dir='ltr'>verbis</span> <span class='ocrx_word' id='word_1_392' title='bbox 1521 2670 1551 2714; x_wconf 87' lang='lat' dir='ltr'>l.</span> <span class='ocrx_word' id='word_1_393' title='bbox 1577 2675 1606 2713; x_wconf 85' lang='grc' dir='ltr'>Ι.</span> <span class='ocrx_word' id='word_1_394' title='bbox 1637 2666 1661 2713; x_wconf 81' lang='grc' dir='ltr'>ὁ</span> <span class='ocrx_word' id='word_1_395' title='bbox 1687 2670 1739 2714; x_wconf 78' lang='grc' dir='ltr'>δὲ</span> <span class='ocrx_word' id='word_1_396' title='bbox 1755 2668 1973 2729; x_wconf 79' lang='grc' dir='ltr'><em>Ἀγρικό-</em></span> 
     </span>
     <span class='ocr_line' id='line_1_72' title="bbox 1078 2725 1974 2786; baseline 0.001 -14"><span class='ocrx_word' id='word_1_397' title='bbox 1078 2732 1158 2777; x_wconf 83' lang='grc' dir='ltr'>λας</span> <span class='ocrx_word' id='word_1_398' title='bbox 1175 2727 1233 2771; x_wconf 66' lang='grc' dir='ltr'>’ἓν</span> <span class='ocrx_word' id='word_1_399' title='bbox 1255 2741 1302 2770; x_wconf 81' lang='grc' dir='ltr'>τε</span> <span class='ocrx_word' id='word_1_400' title='bbox 1323 2725 1484 2786; x_wconf 78' lang='grc' dir='ltr'><strong><em>ἀτιμίᾳ</em></strong></span> <span class='ocrx_word' id='word_1_401' title='bbox 1505 2727 1556 2773; x_wconf 83' lang='grc' dir='ltr'>τὸ</span> <span class='ocrx_word' id='word_1_402' title='bbox 1577 2727 1744 2772; x_wconf 83' lang='grc' dir='ltr'><strong><em>λοιπὸν</em></strong></span> <span class='ocrx_word' id='word_1_403' title='bbox 1762 2730 1844 2773; x_wconf 84' lang='grc' dir='ltr'>τοῦ</span> <span class='ocrx_word' id='word_1_404' title='bbox 1867 2733 1974 2786; x_wconf 83' lang='grc' dir='ltr'>βίου</span> 
     </span>
     <span class='ocr_line' id='line_1_73' title="bbox 1079 2785 1731 2841; baseline 0.003 -11"><span class='ocrx_word' id='word_1_405' title='bbox 1079 2788 1156 2830; x_wconf 84' lang='grc' dir='ltr'>καὶ</span> <span class='ocrx_word' id='word_1_406' title='bbox 1190 2786 1243 2829; x_wconf 74' lang='grc' dir='ltr'>ἐν</span> <span class='ocrx_word' id='word_1_407' title='bbox 1273 2785 1424 2841; x_wconf 73' lang='grc' dir='ltr'><strong><em>ἐνδείᾳ</em></strong></span> <span class='ocrx_word' id='word_1_408' title='bbox 1465 2809 1523 2819; x_wconf 90' lang='grc'>-</span> <span class='ocrx_word' id='word_1_409' title='bbox 1562 2785 1731 2840; x_wconf 76' lang='grc' dir='ltr'>ἔζησεν.</span> 
     </span>
     <span class='ocr_line' id='line_1_74' title="bbox 1079 2841 1969 2900; baseline -0.001 -13"><span class='ocrx_word' id='word_1_410' title='bbox 1079 2843 1280 2900; x_wconf 82' lang='lat' dir='ltr'>margine</span> <span class='ocrx_word' id='word_1_411' title='bbox 1325 2844 1427 2886; x_wconf 90' lang='lat' dir='ltr'>cod.</span> <span class='ocrx_word' id='word_1_412' title='bbox 1463 2841 1564 2887; x_wconf 83' lang='lat' dir='ltr'>Vat.</span> <span class='ocrx_word' id='word_1_413' title='bbox 1599 2842 1727 2887; x_wconf 73' lang='lat'>3429.</span> <span class='ocrx_word' id='word_1_414' title='bbox 1767 2844 1969 2888; x_wconf 86' lang='lat' dir='ltr'>additum</span> 
     </span>
     <span class='ocr_line' id='line_1_75' title="bbox 1078 2900 1972 2956; baseline -0.007 -9"><span class='ocrx_word' id='word_1_415' title='bbox 1078 2911 1167 2947; x_wconf 87' lang='lat' dir='ltr'>est:</span> <span class='ocrx_word' id='word_1_416' title='bbox 1190 2900 1331 2952; x_wconf 87' lang='lat' dir='ltr'>„alius</span> <span class='ocrx_word' id='word_1_417' title='bbox 1346 2901 1576 2955; x_wconf 84' lang='lat' dir='ltr'>speciosae</span> <span class='ocrx_word' id='word_1_418' title='bbox 1590 2902 1972 2956; x_wconf 62' lang='lat' dir='ltr'>contignanffl—</span> 
     </span>
     <span class='ocr_line' id='line_1_76' title="bbox 1077 2958 1966 3016; baseline -0.003 -12"><span class='ocrx_word' id='word_1_419' title='bbox 1077 2959 1179 3004; x_wconf 88' lang='lat' dir='ltr'>edd.</span> <span class='ocrx_word' id='word_1_420' title='bbox 1216 2958 1422 3016; x_wconf 88' lang='lat' dir='ltr'>antiquae</span> <span class='ocrx_word' id='word_1_421' title='bbox 1453 2960 1652 3013; x_wconf 73' lang='lat' dir='ltr'>speciose</span> <span class='ocrx_word' id='word_1_422' title='bbox 1685 2959 1966 3014; x_wconf 75' lang='lat' dir='ltr'>contigerat,</span> 
     </span>
     <span class='ocr_line' id='line_1_77' title="bbox 1078 3015 1969 3078; baseline -0.002 -18"><span class='ocrx_word' id='word_1_423' title='bbox 1078 3015 1205 3078; x_wconf 85' lang='lat' dir='ltr'>quod</span> <span class='ocrx_word' id='word_1_424' title='bbox 1227 3016 1315 3059; x_wconf 88' lang='lat' dir='ltr'>iam</span> <span class='ocrx_word' id='word_1_425' title='bbox 1343 3031 1368 3059; x_wconf 83' lang='lat' dir='ltr'>a</span> <span class='ocrx_word' id='word_1_426' title='bbox 1390 3015 1607 3059; x_wconf 88' lang='lat' dir='ltr'>Rhenano</span> <span class='ocrx_word' id='word_1_427' title='bbox 1630 3017 1676 3059; x_wconf 90' lang='lat' dir='ltr'>in</span> <span class='ocrx_word' id='word_1_428' title='bbox 1698 3017 1969 3075; x_wconf 84' lang='lat' dir='ltr'>scripturam</span> 
     </span>
     <span class='ocr_line' id='line_1_78' title="bbox 1078 3071 1969 3130; baseline -0.006 -11"><span class='ocrx_word' id='word_1_429' title='bbox 1078 3090 1202 3119; x_wconf 89' lang='lat' dir='ltr'>nunc</span> <span class='ocrx_word' id='word_1_430' title='bbox 1233 3071 1459 3130; x_wconf 83' lang='lat' dir='ltr'>vulgatam</span> <span class='ocrx_word' id='word_1_431' title='bbox 1495 3075 1730 3127; x_wconf 81' lang='lat' dir='ltr'>speciosae</span> <span class='ocrx_word' id='word_1_432' title='bbox 1764 3077 1969 3128; x_wconf 73' lang='lat' dir='ltr'>contige—</span> 
     </span>
     <span class='ocr_line' id='line_1_79' title="bbox 1077 3131 1971 3187; baseline -0.002 -12"><span class='ocrx_word' id='word_1_433' title='bbox 1077 3139 1188 3175; x_wconf 80' lang='lat' dir='ltr'>rant</span> <span class='ocrx_word' id='word_1_434' title='bbox 1204 3139 1423 3173; x_wconf 79' lang='lat' dir='ltr'>mutatum</span> <span class='ocrx_word' id='word_1_435' title='bbox 1443 3139 1527 3176; x_wconf 86' lang='lat' dir='ltr'>est.</span> <span class='ocrx_word' id='word_1_436' title='bbox 1557 3131 1614 3174; x_wconf 85' lang='lat' dir='ltr'>Et</span> <span class='ocrx_word' id='word_1_437' title='bbox 1633 3139 1754 3174; x_wconf 87' lang='lat' dir='ltr'>recte</span> <span class='ocrx_word' id='word_1_438' title='bbox 1772 3131 1971 3187; x_wconf 88' lang='lat' dir='ltr'>quidem,</span> 
     </span>
     <span class='ocr_line' id='line_1_80' title="bbox 1078 3186 1965 3246; baseline -0.003 -13"><span class='ocrx_word' id='word_1_439' title='bbox 1078 3205 1183 3233; x_wconf 88' lang='lat' dir='ltr'>nam</span> <span class='ocrx_word' id='word_1_440' title='bbox 1210 3186 1345 3230; x_wconf 81' lang='lat' dir='ltr'>talem</span> <span class='ocrx_word' id='word_1_441' title='bbox 1368 3189 1633 3231; x_wconf 86' lang='lat' dir='ltr'>sententiam</span> <span class='ocrx_word' id='word_1_442' title='bbox 1656 3188 1801 3246; x_wconf 81' lang='lat' dir='ltr'>poscit</span> <span class='ocrx_word' id='word_1_443' title='bbox 1826 3204 1965 3230; x_wconf 73' lang='lat' dir='ltr'>enun-</span> 
     </span>
     <span class='ocr_line' id='line_1_81' title="bbox 1077 3243 1969 3298; baseline -0.003 -7"><span class='ocrx_word' id='word_1_444' title='bbox 1077 3245 1171 3291; x_wconf 84' lang='lat' dir='ltr'>tiati</span> <span class='ocrx_word' id='word_1_445' title='bbox 1209 3244 1339 3288; x_wconf 87' lang='lat' dir='ltr'>huius</span> <span class='ocrx_word' id='word_1_446' title='bbox 1374 3243 1489 3288; x_wconf 86' lang='lat' dir='ltr'>ratio</span> <span class='ocrx_word' id='word_1_447' title='bbox 1523 3254 1564 3288; x_wconf 86' lang='lat' dir='ltr'>et</span> <span class='ocrx_word' id='word_1_448' title='bbox 1603 3245 1870 3288; x_wconf 85' lang='lat' dir='ltr'>confirmant</span> <span class='ocrx_word' id='word_1_449' title='bbox 1906 3261 1969 3298; x_wconf 91' lang='lat' dir='ltr'>ea,</span> 
     </span>
     <span class='ocr_line' id='line_1_82' title="bbox 1078 3301 1969 3362; baseline 0 -16"><span class='ocrx_word' id='word_1_450' title='bbox 1078 3320 1190 3362; x_wconf 89' lang='lat' dir='ltr'>quae</span> <span class='ocrx_word' id='word_1_451' title='bbox 1214 3317 1310 3360; x_wconf 81' lang='lat' dir='ltr'>cap.</span> <span class='ocrx_word' id='word_1_452' title='bbox 1330 3302 1371 3347; x_wconf 91' lang='lat'>6.</span> <span class='ocrx_word' id='word_1_453' title='bbox 1402 3302 1456 3344; x_wconf 90' lang='lat' dir='ltr'>de</span> <span class='ocrx_word' id='word_1_454' title='bbox 1484 3301 1759 3345; x_wconf 85' lang='lat' dir='ltr'>abundantia</span> <span class='ocrx_word' id='word_1_455' title='bbox 1783 3302 1876 3344; x_wconf 85' lang='lat' dir='ltr'>eius</span> <span class='ocrx_word' id='word_1_456' title='bbox 1899 3302 1969 3346; x_wconf 86' lang='lat' dir='ltr'>le·</span> 
     </span>
     <span class='ocr_line' id='line_1_83' title="bbox 1076 3359 1968 3418; baseline -0.001 -15"><span class='ocrx_word' id='word_1_457' title='bbox 1076 3370 1269 3418; x_wconf 83' lang='lat' dir='ltr'>guntur,</span> <span class='ocrx_word' id='word_1_458' title='bbox 1313 3375 1514 3418; x_wconf 90' lang='lat' dir='ltr'>quaeque</span> <span class='ocrx_word' id='word_1_459' title='bbox 1551 3375 1648 3417; x_wconf 86' lang='lat' dir='ltr'>cap.</span> <span class='ocrx_word' id='word_1_460' title='bbox 1676 3361 1744 3400; x_wconf 74' lang='lat'>42.</span> <span class='ocrx_word' id='word_1_461' title='bbox 1785 3359 1838 3404; x_wconf 83' lang='lat' dir='ltr'>de</span> <span class='ocrx_word' id='word_1_462' title='bbox 1875 3375 1968 3403; x_wconf 85' lang='lat' dir='ltr'>non</span> 
     </span>
     <span class='ocr_line' id='line_1_84' title="bbox 1076 3415 1970 3476; baseline -0.002 -15"><span class='ocrx_word' id='word_1_463' title='bbox 1076 3420 1214 3474; x_wconf 80' lang='lat' dir='ltr'>petito</span> <span class='ocrx_word' id='word_1_464' title='bbox 1237 3416 1398 3460; x_wconf 77' lang='lat' dir='ltr'>salario</span> <span class='ocrx_word' id='word_1_465' title='bbox 1427 3415 1742 3476; x_wconf 75' lang='lat' dir='ltr'>proconsulari</span> <span class='ocrx_word' id='word_1_466' title='bbox 1769 3418 1970 3462; x_wconf 78' lang='lat' dir='ltr'>narravit</span> 
     </span>
     <span class='ocr_line' id='line_1_85' title="bbox 1077 3475 1273 3519; baseline 0.01 -3"><span class='ocrx_word' id='word_1_467' title='bbox 1077 3475 1273 3519; x_wconf 67' lang='lat' dir='ltr'>&#39;sacima-</span> 
     </span>
    </p>

    <p class='ocr_par' dir='ltr' id='par_1_15' title="bbox 1078 3546 1972 3657">
     <span class='ocr_line' id='line_1_86' title="bbox 1133 3546 1971 3589; baseline -0.001 0"><span class='ocrx_word' id='word_1_468' title='bbox 1133 3562 1251 3589; x_wconf 83' lang='lat' dir='ltr'>nam</span> <span class='ocrx_word' id='word_1_469' title='bbox 1282 3547 1416 3589; x_wconf 79' lang='lat' dir='ltr'>siculi</span> <span class='ocrx_word' id='word_1_470' title='bbox 1445 3550 1621 3587; x_wconf 74' lang='lat' dir='ltr'>durare</span> <span class='ocrx_word' id='word_1_471' title='bbox 1657 3546 1702 3584; x_wconf 82' lang='lat' dir='ltr'>in</span> <span class='ocrx_word' id='word_1_472' title='bbox 1735 3547 1820 3587; x_wconf 76' lang='lat' dir='ltr'>hac</span> <span class='ocrx_word' id='word_1_473' title='bbox 1851 3548 1971 3588; x_wconf 82' lang='lat' dir='ltr'>beat.</span> 
     </span>
     <span class='ocr_line' id='line_1_87' title="bbox 1078 3601 1972 3657; baseline -0.002 -10"><span class='ocrx_word' id='word_1_474' title='bbox 1078 3619 1202 3648; x_wconf 80' lang='lat' dir='ltr'>saec.</span> <span class='ocrx_word' id='word_1_475' title='bbox 1228 3607 1323 3647; x_wconf 83' lang='lat' dir='ltr'>luce</span> <span class='ocrx_word' id='word_1_476' title='bbox 1345 3620 1400 3645; x_wconf 79' lang='lat' dir='ltr'>ac</span> <span class='ocrx_word' id='word_1_477' title='bbox 1420 3604 1676 3657; x_wconf 53' lang='lat' dir='ltr'>principem</span> <span class='ocrx_word' id='word_1_478' title='bbox 1697 3601 1774 3644; x_wconf 83' lang='lat' dir='ltr'>Tr.</span> <span class='ocrx_word' id='word_1_479' title='bbox 1806 3605 1972 3653; x_wconf 70' lang='lat' dir='ltr'>videre,</span> 
     </span>
    </p>
   </div>
   <div class='ocr_carea' id='block_1_14' title="bbox 1400 3663 1457 3717">
    <p class='ocr_par' dir='ltr' id='par_1_16' title="bbox 1400 3663 1457 3717">
     <span class='ocr_line' id='line_1_88' title="bbox 1400 3663 1457 3717; baseline 0 0"><span class='ocrx_word' id='word_1_480' title='bbox 1400 3663 1457 3717; x_wconf 83' lang='grc' dir='ltr'><strong>Ο</strong></span> 
     </span>
    </p>
   </div>
   <div class='ocr_carea' id='block_1_15' title="bbox 1801 2787 2035 2831">
    <p class='ocr_par' dir='ltr' id='par_1_17' title="bbox 1801 2787 2035 2831">
     <span class='ocr_line' id='line_1_89' title="bbox 1801 2787 2035 2831; baseline 0 -1"><span class='ocrx_word' id='word_1_481' title='bbox 1801 2787 1889 2831; x_wconf 86' lang='lat' dir='ltr'>Sed</span> <span class='ocrx_word' id='word_1_482' title='bbox 1924 2788 1972 2831; x_wconf 86' lang='lat' dir='ltr'>in</span> <span class='ocrx_word' id='word_1_483' title='bbox 2033 2792 2035 2794; x_wconf 81' lang='grc'><strong>’</strong></span> 
     </span>
    </p>
   </div>
  </div>
 </body>
</html>
