2150 4022
223 148 232 169 O

389 225 510 285 DE
568 217 1099 284 GERMANIA
1168 211 1502 286 CAR‘efi.
1541 224 1643 283 27.
1857 227 1942 286 &3

93 356 458 436 tib-'pomaria
495 366 805 413 conserant
840 364 897 410 et
933 363 1098 427 prata
1129 364 1398 428 separent
1424 365 1481 411 et
1503 349 1708 410 hortos
1731 354 1944 429 rigent.

96 439 428 502 solir'terrae
453 459 610 514 seges
633 440 972 514 imperatur.
1058 440 1217 504 unde
1239 444 1464 496 annu'm
1490 459 1724 515 quoque
1750 440 1947 515 ipsum

95 549 218 586 non
252 528 317 582 in
356 526 603 584 totidem
644 525 918 596 digerunt
953 523 1197 597 species:
1252 519 1440 579 hiems
1466 535 1522 581 et
1543 544 1649 580 ver
1673 536 1730 582 et
1759 537 1944 582 aestas

97 614 455 671 intellectum
481 631 546 667 ac
570 610 856 667 vocabula
879 605 1123 665 habent:
1165 610 1435 665 autumni
1457 609 1703 685 perinde
1725 630 1947 667 nomen

94 720 159 756 ac
184 700 341 755 bona
367 697 731 770 ignorantur.

261 806 525 866 XXVII.
552 806 855 864 Funerum
883 805 1047 861 nulla
1075 803 1338 863 ambitio,
1366 797 1369 800 .
1422 804 1483 859 id
1515 804 1709 861 solum
1730 795 1949 862 obser-

96 907 299 964 vatur,
361 905 428 950 ut
468 913 714 968 corpora
757 892 1050 947 clarorum
1091 889 1566 945 virorum'certis
1603 890 1780 963 lignis
1817 892 1948 948 cress-

94 991 347 1036 mentur.

93 1067 235 1125 lant.

95 1152 264 1208 citur.

96 1371 274 1425 eg'fern).
333 1364 518 1424 Egregia
540 1364 774 1407 sententia.
834 1363 983 1406 Labo-

97 1442 205 1470 rare
239 1425 326 1469 loci
359 1439 538 1468 sensum
574 1429 871 1480 contorquet:
925 1421 984 1464 ita

95 1486 212 1528 euim
230 1481 405 1524 'exhibet
429 1497 525 1523 rem
542 1514 554 1531 ,
593 1480 716 1537 quasi
742 1480 916 1521 ubertas
943 1486 986 1521 et

96 1539 342 1598 amplitudo
362 1538 446 1581 soli
469 1537 600 1580 etiarn
626 1536 843 1578 laborent.
878 1536 982 1578 Non

98 1599 224 1641 video
239 1630 251 1647 ,
278 1612 368 1652 quo
391 1595 486 1638 iure
507 1597 729 1636 laborare
748 1611 770 1636 a
787 1593 984 1647 Dilthejo

97 1653 323 1711 antiquior
342 1652 563 1709 scriptura
588 1658 661 1692 aut
694 1665 717 1691 a
740 1649 986 1692 Ricklefsio

99 1712 278 1770 optimis
315 1709 451 1754 codd.
485 1707 620 1753 MSS.
655 1706 754 1750 nixa
785 1707 873 1750 dici
907 1722 986 1765 po·

75 1788 78 1790 ·
97 1770 247 1814 tuerit.

153 1834 205 1869 ut
232 1824 466 1879 pomaria.
536 1821 638 1866 MS.
669 1821 779 1865 Tur.
813 1837 871 1864 ne
895 1838 986 1878 po-

97 1884 263 1927 meria

149 1945 385 1994 separent.
445 1936 520 1980 Sic
545 1934 806 1981 MSS.Tur.
821 1935 984 1994 stuttg.

93 1998 170 2052 (de
203 1995 374 2040 Vaticc.
403 2002 445 2035 et
479 1992 698 2048 Arundel.
732 1991 790 2036 ita
820 2002 984 2044 tacent,

94 2065 143 2098 ut
165 2054 401 2097 videantur
431 2051 701 2106 consentire)
737 2051 836 2094 edd.
858 2051 979 2107 Spir.

93 2111 227 2155 Kaih.
260 2109 363 2152 Put.
397 2108 462 2151 M.
485 2116 526 2151 et
553 2107 605 2151 V.
643 2107 847 2152 Beroald.
879 2108 982 2154 Ate.

93 2170 235 2213 Rhen.
252 2167 418 2223 (1519.)
441 2165 566 2210 Pich.
579 2165 795 2222 Bernegg.
807 2182 903 2225 sqq.
925 2193 983 2202 ..-

92 2233 305 2281 seperent
350 2222 484 2266 MSS.
522 2222 747 2266 Hummel.
791 2223 982 2279 Longo!-

94 2285 195 2328 edd.
231 2282 367 2325 Rom.
400 2280 629 2331 Nox-imb„
669 2280 793 2338 quod
825 2282 981 2325 vitium

94 2343 310 2398 frequens
348 2338 396 2380 in
438 2347 547 2382 vett.
590 2336 715 2380 libris
761 2338 982 2396 originem

95 2399 220 2445 traxit
240 2413 262 2439 e
288 2411 389 2439 eom
425 2394 556 2438 endio
577 2398 719 2450 sepe!
731 2427 744 2446 ‚
773 2396 894 2451 quod
915 2413 981 2438 ex-

95 2464 178 2502 stat
209 2455 253 2496 in
280 2452 349 2496 ed.
407 2451 493 2510 pir.
553 2451 603 2494 ln
628 2453 727 2496 MS.
751 2451 980 2500 Hummel.

94 2514 147 2558 ab
169 2511 322 2555 eadem
347 2525 482 2552 manu
505 2508 666 2564 legitur
685 2518 840 2553 secent
864 2526 980 2553 mar·

91 2571 179 2629 gini
225 2567 440 2611 additum.
515 2567 576 2609 At
616 2565 856 2610 Rhenanus
906 2566 979 2609 de·

93 2636 246 2686 ceptus
288 2623 575 2668 adnotatione
616 2640 666 2668 ex
702 2625 771 2680 ed.
804 2624 980 2667 Norim·

92 2687 217 2742 berg.
264 2689 492 2738 excerpta,
557 2696 692 2738 quam
736 2682 980 2739 postmodo

92 2759 183 2785 non
207 2747 375 2798 poterat
395 2738 683 2794 dignoscere,
715 2755 833 2782 anno
858 2738 982 2782 1533.

93 2799 232 2842 edidit
252 2797 457 2849 sepiant,
498 2796 621 2855 quod
646 2797 818 2839 duravit
841 2812 981 2854 usque

93 2858 146 2900 ad
190 2855 446 2898 Picbenam.
525 2853 713 2897 Colerus
759 2854 981 2896 malebat:

94 2921 144 2956 ut
170 2913 391 2967 pomaria
421 2918 687 2966 conserant,
731 2918 876 2963 prata
906 2912 979 2953 ri-

92 2977 221 3026 gent,
258 2970 423 3010 hortos
454 2969 655 3021 sepiant.
721 2968 824 3011 Non
859 2968 979 3011 enim

91 3042 231 3084 aeque
262 3033 388 3068 notas
421 3025 480 3067 ait
512 3024 790 3082 irrigationes
826 3026 978 3068 horto-

91 3100 193 3128 rum
216 3097 267 3126 ac
291 3089 538 3139 pratorum.
597 3083 764 3125 Eadem
789 3091 854 3125 est
880 3098 977 3125 sen·

93 3141 222 3185 tentia
262 3138 465 3194 Diltheji.
539 3139 787 3183 Falluntur.
861 3139 977 3183 Nam

93 3201 243 3241 hortos
269 3196 454 3252 irrigare
486 3198 722 3254 praecipua
750 3197 836 3239 fuit
865 3213 974 3240 cura

91 3255 207 3313 apud
234 3253 472 3297 Romanos.
515 3253 576 3297 cf.
602 3254 718 3297 Ptin.
745 3270 845 3312 epp.
872 3257 912 3305 5,
931 3254 973 3296 6.

90 3315 241 3354 dulces
270 3318 501 3364 strepunt·
519 3311 631 3363 rivi,
672 3320 718 3354 et
749 3327 843 3366 qua
869 3327 976 3353 ma-

92 3383 182 3411 nus
215 3370 373 3416 duxit,
411 3377 684 3423 sequuntur.
742 3372 811 3410 his
848 3383 973 3410 nune

93 3428 173 3467 illa
199 3425 388 3474 viridia,
424 3440 544 3467 nunc
561 3427 697 3474 haec,
738 3427 971 3467 interdum

93 3483 233 3525 simul
252 3484 415 3523 omnia
434 3484 670 3525 lavantur.
712 3482 831 3526 Plin.
844 3482 902 3526 N.
917 3483 971 3525 H.

94 3539 161 3592 16,
173 3540 243 3583 42.
258 3538 325 3589 81,
336 3539 376 3582 6.
419 3537 531 3582 Hinc
547 3541 678 3581 horti
691 3542 813 3593 rt'gui
827 3539 969 3586 Ovid.

432 989 651 1034 struem
686 976 815 1050 rogi
847 996 954 1031 nec
990 975 1252 1031 vestibus
1287 993 1395 1029 nec
1430 974 1711 1031 odoribus
1736 996 1946 1033 cumu-

323 1085 427 1120 sua
454 1063 665 1138 cuique
692 1081 884 1129 arma,
940 1061 1315 1136 quorundam
1342 1057 1467 1131 igni
1496 1070 1553 1115 et
1581 1078 1764 1135 equus
1793 1062 1948 1118 adii-

347 1148 696 1224 Sepulcrum
748 1165 976 1220 caespes
1025 1145 1211 1218 erigit.

1297 1143 1802 1202 monimentorum
1847 1167 1946 1203 ar-

1054 1362 1243 1404 Metam.
1279 1361 1320 1412 8,
1355 1361 1456 1405 647.
1501 1363 1569 1414 10,
1604 1363 1700 1406 190.
1744 1363 1811 1414 13,
1842 1365 1943 1408 792.

1055 1419 1125 1462 De
1158 1418 1469 1462 Romanorum
1504 1434 1612 1464 cura
1657 1423 1777 1465 circa
1818 1430 1948 1479 prata

1055 1477 1147 1521 vid.
1163 1476 1278 1518 Ptin.
1298 1477 1353 1519 N.
1367 1476 1420 1519 H.
1439 1477 1505 1528 18,
1519 1477 1559 1522 5.
1572 1487 1614 1520 et
1627 1477 1806 1525 Colum.
1817 1480 1860 1532 2,
1875 1480 1948 1526 17.

1059 1535 1256 1576 Verbum
1279 1549 1502 1587 separare
1525 1551 1579 1578 eo
1603 1546 1797 1593 spectat,
1821 1538 1948 1595 quod

1057 1600 1205 1649 prata,
1247 1600 1297 1634 ut
1320 1599 1411 1634 tuta
1438 1591 1526 1634 sint
1545 1609 1569 1634 a
1592 1594 1824 1652 gregibus,
1854 1594 1947 1642 fos·

1055 1648 1114 1690 sis
1146 1654 1252 1690 sunt
1282 1648 1595 1706 distinguenda
1629 1667 1655 1693 a
1685 1653 1845 1696 ceteris
1868 1669 1949 1711 pa-

1059 1722 1195 1749 scuis.

1117 1771 1164 1807 et
1184 1765 1364 1807 hortos.
1422 1763 1561 1808 MSS.
1582 1765 1771 1822 Longol.
1797 1767 1947 1813 Hum-

1058 1819 1163 1862 mel.
1205 1819 1370 1877 Stuttg.
1410 1820 1513 1865 edd.
1555 1820 1699 1866 Paris.
1738 1824 1950 1875 Norimb.

1061 1877 1224 1920 vienn.
1250 1877 1400 1921 ferunt
1423 1886 1476 1920 ut
1501 1894 1585 1935 pro
1610 1888 1669 1924 et.
1699 1905 1757 1917 —
1815 1883 1952 1930 MSS.

1057 1934 1167 1977 Tur.
1190 1936 1354 1992 Stuttg.
1388 1934 1490 1980 edd.
1512 1934 1632 1995 Spir.
1653 1938 1784 1984 Kath.
1820 1950 1954 1986 ortos

1057 2008 1141 2050 pro
1171 1995 1354 2036 hortos,
1412 1993 1471 2038 cf.
1501 2001 1594 2038 not.
1621 1997 1675 2039 ad
1705 1997 1795 2041 An.
1817 2001 1886 2051 11,
1910 2002 1951 2045 1.

1055 2059 1096 2094 et
1119 2065 1255 2107 supra
1277 2065 1318 2094 c.
1340 2049 1410 2094 23.
1432 2052 1513 2094 sub
1535 2067 1579 2095 v.
1600 2056 1796 2099 hordeo.
1921 2093 1924 2095 ,

1110 2109 1388 2157 numeratur.
1459 2108 1560 2154 MS.
1595 2112 1757 2171 Stuttg.
1792 2114 1939 2169 impo-

1053 2168 1183 2208 m‘tur
1197 2183 1212 2215 ;
1246 2165 1291 2206 in
1315 2166 1516 2223 margine
1538 2167 1815 2223 imperatur.

1109 2225 1159 2265 in
1177 2224 1384 2265 totidem.
1445 2222 1589 2269 Intell.
1611 2243 1666 2271 ac
1686 2243 1785 2272 1108.
1843 2229 1948 2275 Sao·-

1054 2281 1234 2337 pissime
1255 2279 1372 2322 enim
1395 2279 1578 2325 Tacitus
1602 2284 1796 2328 alterum
1821 2302 1948 2331 com·-

1085 2337 1294 2380 arationis
1339 2340 1596 2382 membrum
1639 2342 1813 2385 reticet.
1883 2345 1944 2388 cf.

1052 2354 1166 2437 gist.
1190 2396 1230 2446 2,
1256 2395 1328 2437 99.
1359 2398 1494 2448 longe
1526 2399 1624 2440 alia
1645 2399 1947 2456 proficiscen·-

1052 2454 1112 2495 tis
1155 2468 1218 2494 ex
1261 2455 1374 2494 urbe
1410 2452 1686 2498 Germanici
1711 2460 1948 2503 exercitus

1049 2511 1221 2563 species
1236 2541 1248 2558 ‚
1289 2509 1364 2552 ubi
1384 2509 1587 2568 intellige
1614 2528 1758 2569 quam
1780 2516 1948 2570 ,ingn-

1050 2567 1240 2610 clientis.
1459 2567 1463 2571 ’

1053 2639 1166 2724 balac
1190 2625 1431 2668 vocabula.
1489 2624 1595 2671 MS.
1617 2626 1731 2672 Tun.
1750 2637 1795 2672 et
1815 2646 1963 2675 noea·-r

1133 2697 1178 2723 a.

1112 2737 1223 2782 CAP.
1243 2738 1315 2781 27.
1375 2739 1614 2784 Funerum
1632 2746 1769 2788 nulla
1788 2749 1946 2792 ambi-

1052 2798 1128 2839 tio.
1191 2794 1320 2851 Quae
1354 2795 1536 2841 Tacitus
1573 2799 1712 2844 refert
1747 2803 1802 2847 de
1831 2803 1943 2848 Ger-

1052 2868 1293 2896 manorum
1317 2852 1576 2907 funeribus,
1615 2866 1665 2907 ut
1689 2860 1796 2914 alia,
1828 2863 1941 2906 iudi-

1050 2909 1189 2954 canda
1210 2919 1314 2954 sunt
1336 2927 1359 2953 e
1383 2909 1471 2954 ritu
1498 2912 1827 2963 Romanorum.

1108 2974 1157 3008 ut
1181 2982 1389 3021 corpora.
1452 2969 1528 3014 Sic
1551 2972 1650 3017 edd.
1672 2974 1769 3019 Alc.
1794 2975 1938 3022 Rben.

1049 3024 1210 3080 (1533.)
1237 3023 1339 3069 Ald.
1364 3042 1465 3083 sqq.
1488 3051 1546 3060 -—
1587 3038 1638 3071 ut
1658 3047 1751 3074 non
1777 3034 1939 3089 legitur

1048 3082 1094 3124 in
1117 3080 1221 3128 edd.
1246 3083 1362 3140 Spir.
1385 3084 1488 3128 Put.
1512 3085 1720 3133 Beroald.
1735 3121 1747 3138 ,
1779 3099 1822 3133 et
1836 3092 1939 3136 Pas·

1046 3138 1193 3182 sovius
1213 3155 1263 3182 ex
1286 3140 1358 3184 ed.
1381 3142 1558 3186 Puteol.
1583 3144 1695 3188 falso
1724 3149 1870 3191 attulit
1892 3158 1937 3193 et

1047 3191 1257 3250 corpor&

1101 3257 1359 3307 sepulerum
1381 3273 1564 3313 caespes
1583 3260 1734 3312 erigit.
1774 3259 1934 3309 Senec.

1047 3325 1117 3366 ep.
1174 3312 1214 3354 8.
1302 3314 1440 3356 Hanc
1491 3317 1717 3369 (domum)
1774 3329 1934 3363 ulrum
1998 3341 2002 3348 ·

1043 3382 1225 3422 caespes
1253 3373 1484 3423 erexerit,
1525 3388 1588 3414 an
1617 3376 1781 3419 varius
1810 3381 1933 3432 lapis

1041 3429 1190 3478 gentis
1209 3430 1414 3478 alienae,
1445 3432 1516 3470 nil
1539 3431 1750 3473 interest.

1099 3486 1493 3527 monimentorum
1542 3491 1764 3533 arduwn.
1852 3493 1932 3538 Ed.

1041 3538 1181 3583 Paris.
1203 3550 1547 3585 momentorum
1569 3549 1787 3591 ardnum.
