2150 4022
815 43 862 71 'u‘
891 62 899 69 .

163 281 169 285 ’
219 287 342 347 162
481 232 747 345 ‘'IULH
792 276 1391 345 AGR1C2v1'1'A
1455 234 1801 354 CAPLJQ·

213 423 609 492 transgressus
647 413 877 487 ignotas
917 415 991 471 ad
1029 414 1090 472 id
1130 426 1367 491 tempus
1405 424 1601 489 gentes
1640 415 2080 499 crebris‘simul
2145 456 2150 467 ·

219 487 285 560 a‘c
311 500 604 579 prosperis
628 500 868 574 proeliis
894 500 1152 558 domuit:
1201 521 1452 576 eamque
1473 512 1696 578 partem
1711 500 2080 573 Britanniae,

219 608 367 666 quae
394 585 747 642 Hiberniam
777 585 1054 659 adspicit,
1098 585 1282 659 copiis
1325 585 1604 642 instruxit
1646 587 1711 642 in
1750 606 1911 662 spem
1951 604 2081 644 ma·-

219 675 305 748 gis
345 691 522 748 quam
559 671 637 726 ob
675 669 1084 735 formidinem:
1129 672 1189 729 ,si
1232 670 1469 745 quidem
1502 669 1827 740 Hibernia,
1879 674 2076 730 medio

219 761 375 815 inter
400 755 774 813 Britanniam
814 766 986 831 atque
1004 753 1369 830 Hispaniam
1410 755 1519 812 sita
1564 755 2080 836 etGaltlicolquo-

218 864 333 921 que
387 841 541 898 mari
597 851 957 915 opportuna,
1033 840 1494 914 valentissimam
1532 840 1804 925 ‘imperi-if,-
1838 845 2076 918 'partem

214 927 444 1001 magnis
492 925 746 982 invicem
790 926 995 981 usibus
1038 925 1358 985 miscuerit.
1471 926 1725 1000 spatium
1784 923 1946 998 eius,
2028 929 2080 985 si

215 1012 562 1070 Britanniae
589 1023 988 1085 comparetur,
1034 1010 1374 1083 angustiUS,
1417 1012 1608 1069 nostri
1640 1012 1819 1080 maris
1853 1012 2079 1071 insulas

218 1109 470 1174 superat.
557 1096 750 1152 solum
787 1095 1134 1170 coelumque
1167 1107 1224 1152 et
1261 1095 1499 1169 ingenia
1537 1097 1844 1173 cultusque
1878 1093 2094 1160 homi--

215 1205 363 1242 num
398 1179 556 1240 haud
597 1181 851 1238 multum
889 1200 919 1236 a
947 1178 1259 1238 Britannia
1298 1181 1514 1240 differt.
1604 1182 1670 1237 in
1695 1182 1907 1240 melius
1945 1183 2077 1240 adi·-

215 1375 296 1419 lin.
352 1370 555 1422 oronte„
625 1369 885 1428 intelligunt
942 1386 1109 1415 navem

213 1432 420 1476 omnium
433 1429 743 1472 Romanarum
765 1427 969 1486 primam,
994 1444 1108 1485 quae

217 1507 319 1533 oras
342 1489 439 1532 illas
465 1485 657 1531 scrutari
682 1502 791 1540 ausa
811 1484 891 1536 sit;
923 1486 999 1528 sed
1027 1501 1106 1528 na-

214 1549 347 1593 vibus
371 1561 466 1588 non
487 1559 600 1602 opus
623 1551 714 1585 erat
730 1574 741 1591 ,
785 1550 833 1584 ut
867 1543 1106 1586 exercitum

214 1614 338 1648 trans
363 1602 518 1653 Clotae
539 1600 805 1643 aestuarium
832 1600 1040 1651 duceret,
1071 1600 1108 1642 si

216 1662 399 1722 quidem
445 1666 683 1716 angustum
732 1666 872 1700 terrae
913 1658 1107 1715 spatium

216 1723 334 1765 inter
373 1717 645 1760 aestuarium
690 1724 929 1771 utrumque
973 1715 1106 1757 situm

214 1777 394 1822 tenebat
408 1773 632 1832 Agricola.
670 1772 773 1823 Alii,
787 1771 1107 1821 utWalchius,

215 1853 267 1879 ex
325 1835 532 1876 locorum
585 1831 871 1888 quorundam
923 1845 1108 1887 compa-

212 1891 389 1936 ratione
400 1891 565 1948 (neque
577 1898 724 1931 tamen
739 1887 993 1943 comparari
1006 1903 1108 1945 pos-

212 1957 338 1999 sunt,
393 1946 498 2005 quia
537 1945 755 1989 adiectiva
800 1943 860 1986 ibi
896 1943 1108 2002 leguntur

211 2009 488 2067 praeposita,
517 2004 558 2046 h.
575 2003 606 2046 l.
624 2003 784 2057 prima
807 2004 1106 2059 postpositum

213 2068 296 2118 est)
312 2098 322 2113 ‚
364 2063 489 2108 velut
514 2062 603 2104 An.
636 2062 699 2110 14,
725 2062 792 2102 10.
813 2059 975 2111 prima
999 2075 1105 2100 cen-

212 2122 452 2166 curionum
488 2119 703 2160 adulatio
729 2127 769 2158 et
795 2132 927 2173 supra
964 2133 1004 2159 c.
1036 2117 1104 2160 19.

208 2182 419 2237 primam
442 2181 638 2220 domum
658 2189 812 2221 suam,
839 2182 1014 2216 vertere
1033 2190 1106 2217 vo-

213 2238 336 2281 lunt:
391 2250 499 2277 zum
544 2234 804 2275 erstenmal
847 2247 906 2272 zu
939 2232 1106 2286 Schr‘ffe

211 2295 516 2349 fiber-segelnd
530 2325 540 2342 ,
564 2289 685 2348 quasi
707 2289 788 2332 alia
810 2289 942 2331 etiam
966 2297 1104 2332 trans-

211 2351 454 2408 navigandi
480 2348 593 2392 ratio
619 2346 806 2404 cogitari
831 2346 970 2402 possit
1023 2345 1104 2389 Ce-

207 2419 356 2454 terum
393 2405 660 2452 Suetonium
699 2403 954 2446 Paullinum
990 2404 1102 2446 Mo-

207 2485 310 2511 nam
329 2466 519 2510 insulam
539 2463 850 2519 adgressurum
867 2459 955 2502 iam
973 2471 1103 2504 antea

207 2524 448 2568 fabricasse
481 2536 642 2569 naves,
689 2518 900 2562 traditum
930 2527 994 2561 est
1015 2518 1104 2561 An.

210 2582 277 2633 14,
298 2582 399 2632 29.;
436 2582 637 2623 classem
662 2591 768 2617 vero
792 2577 996 2632 sequenti
1019 2577 1099 2618 de-

210 2656 338 2683 mum
374 2653 493 2682 ann-o
530 2638 577 2678 in
611 2643 783 2692 partem
818 2633 979 2676 virium
1021 2633 1099 2676 ad-

187 2695 431 2754 'sumptam
466 2709 585 2745 esse,
632 2707 730 2749 cap.
764 2689 837 2756 25.
876 2700 1098 2757 nar-ratur.

209 2755 304 2798 Nee
333 2753 478 2811 placet
511 2766 669 2794 eorum
706 2755 843 2798 rano,
886 2765 964 2806 qui
1004 2757 1099 2792 sta-

207 2820 364 2861 tuunt,
410 2809 551 2867 prima
587 2822 694 2850 nave
720 2805 980 2862 Agricolam
1014 2822 1098 2848 na-

202 2869 399 2926 vigasse,
425 2882 540 2923 quo,
568 2865 614 2908 in
637 2863 840 2920 regiones
864 2862 1008 2906 adbuc
1033 2864 1097 2906 in·

205 2925 405 2981 cognitas
459 2924 544 2966 iter
604 2922 832 2971 facturus,
901 2920 1094 2963 militum

203 2975 380 3027 animos
438 2981 643 3036 erigeret.
732 2977 942 3032 Quorum
985 2977 1094 3020 nihil

203 3056 308 3085 cum
333 3037 621 3083 satisfaceret,
644 3035 914 3085 coniecturis
940 3033 1094 3078 locum

201 3102 432 3141 tentarunt
455 3093 556 3136 VV.
575 3093 707 3135 Dl‘).:
747 3091 931 3134 Huetius
955 3092 1090 3149 (apud

201 3155 441 3205 Broter.):
494 3151 690 3192 nauibus
741 3158 840 3191 tum
876 3149 1090 3203 primum

200 3220 554 3266 transgressus;
594 3208 648 3249 de
674 3207 710 3248 la
733 3207 924 3249 Bleterie
953 3206 1088 3306 (apud

196 3269 438 3319 eundem:
471 3280 622 3320 gnane
643 3273 872 3317 trans-3123
902 3265 991 3307 Bee
1026 3280 1087 3306 er.

194 3342 304 3370 vere
340 3325 499 3379 primo
537 3331 776 3375 transgr.,
830 3322 949 3378 quod
988 3321 1088 3379 pla-

198 3385 292 3429 cuit
353 3380 570 3425 Hertelio.
673 3379 912 3422 sanissima
977 3387 1081 3425 suut

196 3440 372 3490 omnia,
416 3435 665 3482 dummodo
698 3444 817 3477 recte
852 3434 1077 3492 explicen-

192 3508 283 3542 tur.
352 3498 474 3540 Bene
505 3493 623 3538 enim
649 3490 835 3549 Selling.
874 3494 1076 3535 observv.

190 3572 237 3613 p.
310 3555 376 3598 19.
448 3560 491 3596 et
551 3548 766 3593 Ricklefs.
838 3565 1069 3606 perspexe-

185 3619 317 3660 rt'mt,
366 3611 420 3656 ad
455 3617 778 3662 transgressus
814 3606 1071 3663 intelligen—

1181 1371 1292 1415 dum
1317 1387 1410 1414 esse
1432 1373 1478 1413 ιή
1501 1371 1835 1425 Britanniam,
1850 1372 1930 1426 ‘uti
1951 1374 2077 1420 0518.

1179 1431 1335 1472 media
1399 1430 1498 1472 iam
1563 1437 1745 1474 aestate
1803 1439 2078 1488 transgres-

1182 1501 1280 1531 sus.
1331 1484 1438 1528 Veri
1464 1496 1528 1530 est
1548 1487 1854 1540 simillimum,
1887 1489 2074 1547 Agrico-

1181 1545 1266 1587 lam
1308 1559 1389 1602 per
1431 1543 1624 1587 hiemem
1672 1534 1959 1591 veffssomae
1996 1546 2074 1594 ve'l

1181 1601 1283 1644 alibi
1312 1609 1536 1654 versatum
1563 1617 1656 1644 esse
1675 1604 1791 1661 apud
1806 1603 2075 1662 Domitiam,

1181 1675 1317 1714 quum
1343 1666 1462 1701 sexto
1487 1658 1775 1717 expeditionis
1797 1662 1919 1704 'ari'ho
1939 1661 2074 1716 0³1²·

1179 1724 1249 1759 tus
1295 1717 1351 1759 sit
1395 1714 1512 1758 filius
1552 1714 1631 1770 (cf.
1678 1732 1775 1776 cap.
1818 1717 1891 1762 29.
1927 1718 2074 1775 inin).

1178 1774 1264 1818 tale
1300 1773 1385 1816 iter
1418 1774 1534 1816 inter
1555 1782 1767 1831 quartum
1789 1776 1838 1820 εἰ
1861 1770 2071 1836 ᾠῗτῆᾱηι

1182 1847 1351 1874 annum
1383 1839 1640 1889 susceptum
1666 1848 1785 1882 esse,
1815 1833 2072 1879 credibilius

1181 1889 1381 1941 videtur,
1415 1888 1515 1945 quia
1542 1889 1663 1932 velut
1693 1889 1742 1932 in
1774 1889 1922 1934 aliam*
1941 1889 2071 1935 insu»

1178 1947 1265 1990 lam
1283 1946 1499 1988 summoti
1522 1954 1647 1989 erant
1668 1946 1816 1991 hostes
1837 1948 2070 2006 (cap-232),

1178 2003 1416 2060 Agricolae
1439 2002 1575 2061 igitur
1597 2004 1793 2047 absentia
1819 2005 2069 2063 perniciosa

1177 2076 1272 2104 esse
1310 2076 1403 2102 non
1436 2061 1600 2117 potuit.
1663 2062 1755 2104 lam
1793 2073 2067 2121 versprae—

1175 2118 1305 2160 ierita
1345 2117 1514 2168 hieme,
1567 2118 1643 2160 ubi
1691 2119 2070 2168 subcava-arima

1176 2183 1433 2217 traxerunt
1464 2177 1712 2218 machinae
1749 2175 2066 2226 (Hm'e‘Carm.

1181 2237 1216 2284 1,
1239 2233 1330 2282 3.),
1357 2232 1500 2290 prima
1523 2248 1634 2275 nave
1660 2232 1792 2278 rediit
1820 2235 1863 2277 in
1882 2233 2070 2280 Britan-

1176 2287 1314 2332 niam.
1378 2290 1425 2332 Si
1459 2291 1558 2347 quis
1587 2290 1768 2336 obiiciat
1791 2306 1897 2336 cum
1921 2290 2062 2338 Wal'·

1177 2347 1278 2391 chio
1323 2347 1381 2390 ad
1425 2362 1464 2390 c.
1496 2349 1569 2392 40.
1619 2363 1663 2405 p.
1694 2347 1829 2401 895;,··
1889 2348 1978 2394 iter
2017 2349 2066 2394 iu

1175 2403 1452 2447 Britanniam
1486 2417 1664 2463 semper
1692 2405 1829 2450 fuisse
1853 2414 2066 2455 terrestre

1175 2461 1230 2504 ab
1257 2461 1477 2511 Massilia,
1511 2462 1779 2506 refutabitur
1811 2463 1848 2507 is
1874 2465 2066 2510 sueton,
2119 2478 2127 2482 ·

1175 2518 1334 2563 Claud.
1363 2535 1402 2563 e.
1431 2519 1498 2563 17.
1569 2518 1784 2563 Claudius
1817 2522 1967 2573 enim,
2006 2520 2063 2566 ab

1173 2575 1299 2619 Ostia
1350 2577 1399 2619 in
1437 2576 1714 2620 Britanniam
1765 2578 2064 2636 navigaturus.

1205 2634 1380 2677 rocellis
1402 2634 1717 2677 tantummodo
1741 2642 1891 2679 motus
1911 2643 1991 2687 est,
2011 2642 2063 2680 ut

1171 2650 1418 2734 iirlassiliam
1467 2691 1710 2748 adpelleret
1747 2700 1790 2735 et
1827 2707 1910 2752 per
1944 2692 2060 2737 Gal-2

1172 2747 1276 2791 liam
1300 2747 1678 2805 proficisceretur.
1711 2750 1717 2757 ’
2050 2774 2051 2777 =

1227 2807 1275 2846 in
1297 2819 1444 2859 spem.
1474 2803 1648 2861 Lipsius
1673 2805 1866 2851 coniecit
1888 2809 1939 2850 in
1957 2821 2058 2862 spe·

1170 2864 1308 2912 ciem,
1340 2861 1471 2905 male.
1517 2878 1623 2906 nam
1647 2860 1830 2907 Tacitus
1857 2867 2059 2910 occurrit

1167 2918 1302 2962 falsae
1335 2934 1492 2960 eorum
1527 2919 1759 2978 opinioni,
1797 2920 1874 2979 qui
1899 2930 2058 2981 putent

1164 2975 1285 3019 illam
1329 2985 1498 3034 partem
1542 2977 1645 3019 ideo
1696 2977 1838 3036 copiis
1887 2981 2059 3024 instru-

1164 3041 1282 3076 ctam
1307 3048 1425 3083 csse,
1462 3035 1583 3091 quod
1609 3035 1806 3078 timuerit
1830 3037 2057 3094 Agricola,

1164 3105 1220 3132 ne
1243 3090 1430 3133 Hiberni
1460 3092 1645 3134 traiecto
1671 3092 1784 3136 freto
1807 3095 2056 3162 expeditio-

1161 3163 1268 3189 nem
1305 3157 1463 3191 contra
1503 3148 1742 3192 Britannos
1790 3150 2050 3204 inritat-eun

1159 3205 1298 3247 immo
1342 3205 1387 3247 in
1427 3221 1551 3264 spem
1588 3205 1827 3251 Hiberniae
1866 3210 2055 3267 potiun-

1160 3261 1264 3309 dae,
1297 3263 1503 3320 cogitavit
1525 3262 1644 3306 enim
1671 3263 1880 3323 Agricola
1904 3266 1960 3310 de
1983 3284 2052 3311 ex-

1158 3318 1389 3375 peditione
1413 3320 1457 3362 in
1472 3319 1728 3364 Hiberniam
1752 3321 2050 3382 suscipienda,

1159 3375 1219 3417 uti
1245 3375 1381 3420 verba
1406 3393 1505 3436 sqq.
1530 3377 1710 3421 docent.
2023 3382 2030 3386 ’

1211 3436 1579 3477 valentissimam
1619 3435 1810 3489 imperii
1835 3445 2046 3491 partem.

1149 3507 1212 3534 sc.
1242 3491 1302 3532 ob
1323 3493 1539 3534 exercitus
1566 3491 1733 3534 validos
1756 3493 1816 3554 ibi
1851 3510 1873 3538 a
1907 3503 2075 3540 entes.-

1202 3550 1332 3590 haud
1365 3552 1565 3591 multam
1595 3564 1628 3590 a
1658 3550 1920 3593 Bre'tanma
1950 3554 2048 3607 th-

1132 3606 1249 3661 sert.
1284 3605 1332 3646 1⁴11
1366 3609 1535 3649 melius
1567 3609 1732 3651 aditus
1764 3639 1775 3650 .
1803 3639 1814 3653 .
1849 3611 2042 3661 cogniti.
