2150 4022
188 274 323 337 136,
416 260 1303 340 1UL11Aossm.v1TA
1345 252 1678 334 CAPJ11.
1711 274 1807 332 12.

126 431 128 434 >
189 401 523 461 emollierit.

189 487 405 562 pimus.

191 571 413 647 pariter
440 591 505 627 ac
531 571 817 631 libertate.

2146 209 2150 234 1

609 421 748 456 nam
774 396 982 458 Gallos
1021 421 1255 480 quoque
1286 400 1352 457 in
1377 402 1553 458 bellis
1580 402 1850 460 floruisse
1880 422 2044 460 acce-

517 506 655 541 mox
689 485 935 558 segnitia
967 506 1100 543 cum
1138 486 1261 542 otio
1303 487 1547 543 intravit
1581 488 1792 544 amissa
1826 488 2045 545 virtute

905 573 1066 647 quod
1089 570 1518 627 Britannorum
1549 573 1692 628 olim
1714 573 1883 630 victis
1910 594 2046 630 eve-

195 657 310 714 nit:
355 655 531 714 ceteri
557 667 827 724 manent,
864 657 1064 733 quales
1092 653 1255 712 Galli
1281 657 1542 713 suerunt.

361 764 502 827 XII.

195 850 581 927 proeliantur.

588 763 661 823 In
686 767 883 841 pedite
908 769 1118 824 robur:

692 847 999 909 honestior
1048 852 1282 926 auriga,
1361 853 1601 908 clientes
1656 867 2049 929 propugnant.

1165 768 1454 843 quaedam
1481 767 1750 824 nationes
1776 780 1834 826 et
1870 789 2047 827 curru

197 937 344 993 olim
380 937 617 1010 regibus
654 939 966 1012 parebant,
1022 958 1182 994 nunc
1226 958 1328 1012 per
1366 937 1660 1012 principes
1696 939 2051 996 factionibus

197 1032 257 1078 et
289 1023 500 1079 studiis
534 1018 872 1080 trahuntur.

967 1043 1075 1079 nec
1123 1023 1286 1079 aliud
1339 1024 1616 1078 adversus
1663 1024 2052 1082 validissimas

198 1118 398 1181 gentes
431 1129 538 1183 pro
570 1107 742 1163 nobis
783 1108 1017 1178 utilius,
1063 1128 1241 1184 quam
1281 1109 1438 1184 quod
1478 1107 1541 1162 in
1580 1129 1890 1167 commune
1924 1131 2052 1167 non

199 1194 535 1252 consulunt.

202 1618 493 1672 suscipiendo
534 1618 787 1662 Gallorum
842 1609 998 1661 ol‘ocer
1043 1634 1098 1661 ac

200 1684 447 1730 promptus
479 1684 549 1719 est
582 1678 771 1719 animus
785 1709 797 1731 ,
849 1679 912 1719 sic
945 1678 1099 1719 mollis

206 1749 263 1775 aa
284 1734 474 1776 minime
497 1736 716 1778 resistens
751 1737 816 1776 ad
845 1737 1097 1776 calamita-

210 1797 280 1833 ees
299 1791 609 1848 perferendas
630 1806 766 1834 mens
792 1806 952 1834 eorum
974 1800 1058 1836 est.

265 1893 426 1946 longa.
505 1892 583 1935 Sic
618 1892 719 1935 edd.
758 1890 966 1936 Bes-eald.
1001 1890 1099 1936 Ale.

208 1962 304 2006 sqq.
337 1972 392 1981 -—
452 1950 622 2003 longas
656 1949 756 1993 edd.
794 1950 896 1992 Put.
927 1965 996 2006 pr.
1032 1950 1097 1992 M.

211 2013 254 2048 et
291 2005 343 2047 V.
371 2005 474 2050 Riv.
518 2035 578 2045 --
646 2007 755 2050 Mox
788 2007 856 2051 ed.
895 2007 997 2049 Put.
1033 2007 1099 2049 M.

210 2065 457 2107 emota'erit.

267 2178 383 2206 nam
420 2163 584 2207 Gallos
617 2173 704 2208 etc.
785 2163 844 2207 cf.
886 2163 1101 2207 German.

146 2212 148 2215 ’
213 2236 255 2267 c.
274 2222 348 2273 28,

270 2308 392 2362 quod
428 2305 796 2349 Britannorum.
876 2304 992 2350 Sunt
1026 2302 1102 2362 qui

211 2362 543 2422 emendationis
579 2379 707 2408 causa
737 2364 1026 2419 interponant
1059 2368 1103 2402 et

214 2428 316 2466 ante
355 2424 479 2478 quod
514 2421 587 2466 vel
622 2428 723 2479 post
757 2424 892 2476 quod.
961 2417 1101 2461 Male.

216 2493 321 2521 nam
366 2483 490 2534 quod
533 2486 625 2522 arte
658 2478 864 2521 cohaeret
895 2492 998 2520 cum
1034 2475 1104 2523 iis,

217 2550 332 2595 quae
363 2545 464 2579 ante
496 2544 599 2579 sunt
627 2536 774 2586 dicta,
805 2550 951 2592 neque
981 2533 1103 2576 aliud

215 2600 281 2636 est
345 2594 469 2650 quod
523 2592 750 2638 Britannis
807 2593 914 2635 olim
979 2591 1106 2633 victis

217 2649 361 2693 evenit
392 2666 527 2708 quam
563 2651 686 2710 quod
720 2648 875 2694 Gallis.
966 2648 1107 2706 Igitur

215 2715 452 2752 contextus
480 2724 575 2751 non
597 2707 765 2766 patitur
788 2715 832 2749 et
852 2715 953 2750 ante
969 2709 1106 2762 quod.

215 2763 326 2807 Post
359 2769 481 2821 quod
506 2765 658 2808 eadem
689 2764 908 2823 particula
936 2763 1106 2806 inutilis

215 2829 260 2865 et
282 2824 465 2866 molesta
496 2831 560 2866 est
591 2824 649 2866 ob
682 2821 938 2881 sequentia:
969 2821 1109 2864 ceteri

216 2887 414 2921 manent
435 2889 519 2925 etc.

276 2979 390 3024 CAP.
407 2980 473 3023 12.
519 2995 659 3023 curru
683 2981 992 3033 proeliantur.
1045 2976 1103 3021 cf.

219 3035 348 3081 Caes.
376 3038 430 3080 B.
456 3036 513 3082 G.
548 3036 588 3089 4,
611 3039 684 3082 24.
714 3039 986 3085 essedariis,
1016 3050 1107 3091 quo

214 3096 495 3150 plerumque
529 3109 699 3148 genere
732 3097 782 3137 in
809 3083 1004 3150 proeliis
1043 3094 1116 3134 uti

218 3160 519 3213 consuerunt.

265 3254 553 3309 factionibus
577 3263 622 3297 et
643 3254 809 3295 studiis
838 3255 1109 3297 trahuntur.

220 3310 280 3358 H.
319 3327 360 3355 e.
401 3327 481 3370 per
516 3310 743 3368 principes
777 3312 865 3354 buc
896 3310 1009 3354 illuc
1042 3311 1110 3366 (in

219 3368 418 3414 diversas
452 3371 616 3427 partes)
657 3368 922 3418 trabuntur,
974 3375 1021 3410 ut
1052 3368 1111 3409 ita

220 3427 329 3469 fiant
377 3426 593 3470 factiones
643 3433 685 3468 et
737 3425 907 3468 diversa
951 3424 1111 3467 studia.

218 3482 319 3526 Diri
356 3483 476 3528 iendi
511 3483 638 3529 notio
674 3498 697 3524 a
733 3483 870 3524 verbo
908 3484 1110 3524 trahun-

219 3549 299 3583 tur
336 3542 396 3585 lic
417 3549 535 3583 certe
564 3541 705 3583 aliena
733 3547 813 3582 est.
878 3539 946 3582 De
970 3539 1112 3597 figura

217 3597 268 3644 ἓν
307 3597 385 3643 διὰ
425 3598 562 3642 δυοῖν
607 3612 721 3659 quae
767 3596 824 3640 sit
869 3597 915 3639 in
962 3595 1113 3641 verbis

1160 2439 1341 2481 >iectura
1373 2435 1421 2478 in
1457 2435 1657 2493 margine
1689 2447 1912 2495 posuerat.

622 1212 789 1249 rarus
824 1194 1053 1250 duabus
1083 1193 1391 1269 tribusque
1428 1192 1767 1257 civitatibus
1802 1196 1876 1251 ad
1911 1216 2053 1270 pro-

200 1278 558 1351 pulsandum
601 1298 912 1334 commune
943 1278 1271 1354 periculum
1312 1274 1654 1334 conventUS.

202 1363 422 1437 singuli
468 1373 762 1438 pugnant,
812 1363 1076 1420 universi
1109 1363 1448 1421 vincuntur.

1752 1279 1832 1337 ita
1849 1326 1866 1348 ‚
1909 1282 2055 1337 dum

1546 1361 1795 1422 Coelum
1836 1366 2055 1423 crebris

1156 1618 1449 1676 factionibus
1485 1633 1541 1662 ac
1580 1619 1750 1662 studiis
1793 1619 1886 1664 vid.
1919 1620 2056 1668 Roth.

1171 1677 1483 1790 P·t{{busque.
1572 1732 1650 1777 Sic
1684 1733 1785 1777 edd.
1833 1745 1934 1780 ante
1978 1737 2059 1781 Pi-

1171 1791 1357 1836 chenam
1403 1800 1447 1835 et
1491 1806 1635 1847 nuper
1667 1789 1846 1836 Dronk.
1888 1793 2080 1841 Hei-tel.>

1171 1848 1370 1893 Walch.
1411 1872 1468 1881 —
1537 1849 1744 1892 tribusve
1787 1866 1834 1894 ex
1878 1851 2060 1908 ingenio

1171 1905 1531 1956 ediditPicbena‚
1551 1920 1684 1962 quem
1705 1907 1860 1950 imitati
1876 1919 1980 1953 sunt
1996 1927 2061 1954 se·

1173 1972 1358 2020 quentes
1382 1963 1576 2006 editores
1599 1971 1641 2005 et
1656 1979 1799 2020 nuper
1813 1965 2059 2013 Bekkerus.

1172 2021 1260 2065 Sed
1303 2020 1375 2063 bic
1419 2036 1513 2062 non
1559 2020 1804 2078 requiritur
1846 2026 2062 2081 particula

1173 2094 1284 2136 quae
1319 2077 1563 2134 disiungat,
1600 2078 1737 2121 immo
1771 2095 1883 2136 quae
1917 2097 2062 2140 copu-

1173 2136 1246 2179 let.
1340 2134 1507 2178 Eodem
1561 2135 1699 2177 modo
1751 2136 1943 2181 dicimus
1992 2148 2065 2183 ter

1174 2200 1452 2294 guggerquffi
1483 2194 1552 2235 bis
1571 2201 1732 2249 terque
1757 2194 1908 2239 Horat.
1928 2198 2061 2256 epod.

1231 2329 1499 2365 conventus.
1588 2320 1821 2366 Ernestius
1872 2324 2066 2368 malebat

1173 2393 1447 2430 consensus,
1478 2379 1597 2436 quod
1618 2379 1789 2435 Lipsius
1814 2395 1838 2423 e
1855 2397 1932 2424 sua
1957 2398 2064 2426 con·

1974 2440 2063 2484 Alii

1178 2510 1331 2538 vocem
1357 2501 1607 2536 conventus
1633 2495 1791 2537 eodem
1814 2495 2065 2552 significatu

1176 2552 1429 2609 accipiunt,
1486 2559 1535 2593 ut
1585 2552 1640 2594 sit
1687 2552 2062 2611 Uebereinkunst,

1179 2610 1695 2661 Uebereinstzmmung:
1726 2611 1844 2665 quod
1870 2627 1960 2653 non
1988 2611 2063 2656 in-

1139 2712 1143 2717 ·
1177 2675 1258 2711 est.
1319 2667 1396 2708 Est
1422 2665 1572 2724 potius
1597 2667 1935 2722 Vereim'gung,
1964 2669 2063 2712 Zu-

1175 2722 1530 2777 sammenlxunft
1560 2723 1614 2765 ad
1644 2739 1711 2766 res
1734 2728 1966 2769 communi
1990 2727 2068 2770 of-

1176 2782 1279 2824 ficio
1337 2779 1592 2837 eragendas.
1656 2781 1809 2825 Festus
1831 2783 1913 2825 sub
1935 2784 2065 2829 h.v.:

1175 2796 1461 2897 sigmjicotur
1490 2839 1741 2880 multitudo
1769 2854 1832 2882 ex
1852 2843 2067 2895 pluribus

1175 2896 1422 2951 generibus
1455 2897 1695 2940 homanum
1737 2906 1980 2942 contracta
2019 2903 2067 2944 ιὴ

1178 2969 1323 2999 unum
1366 2954 1538 2995 locum.
1627 2953 1750 2996 ldem
1792 2955 1952 2999 vitium
1999 2959 2066 3001 vi·-

1178 3017 1410 3067 tuperatur
1443 3009 1489 3051 in
1527 3009 1738 3054 Helvetiis
1771 3011 1886 3058 Hist.
1928 3017 1966 3065 1,
1992 3016 2067 3060 68.

1178 3069 1275 3113 init.
1309 3074 1350 3108 et
1383 3067 1426 3109 in
1460 3065 1704 3111 rebellibus
1729 3067 1898 3115 Galliae
1923 3073 2070 3116 civita-

1180 3124 1299 3167 tibus
1325 3123 1435 3166 Hist.
1456 3124 1496 3175 4,
1518 3125 1588 3185 70.
1614 3124 1714 3170 init.

1239 3196 1307 3235 ita
1324 3227 1334 3244 ,
1366 3198 1478 3235 dum
1499 3196 1675 3248 singuli
1687 3206 1916 3251 pugnant.
1970 3201 2071 3246 MS.

1182 3251 1326 3295 Vatic.
1349 3251 1479 3297 3429.
1507 3261 1550 3295 et
1572 3253 1840 3297 ed.Becke1-i
1859 3257 2074 3302 omittunt

1181 3313 1321 3358 dum,
1354 3325 1446 3352 non
1481 3311 1774 3353 necessariam
1806 3313 2071 3369 particulam

1215 3366 1614 3419 utavitBroterius;
1653 3369 1844 3412 retinent
1866 3372 2000 3413 ceteri
2026 3373 2071 3415 li-

1181 3383 1250 3466 iiri
1275 3438 1457 3474 omnes,
1490 3439 1577 3469 nec
1601 3426 1766 3482 inepte.
1827 3425 1887 3470 cf.
1912 3429 2066 3474 lustin.

1183 3481 1224 3531 8,
1248 3482 1285 3524 1.
1312 3481 1543 3523 Graeciae
1574 3483 1808 3537 civitates,
1841 3487 1954 3528 dum
1982 3488 2071 3529 im-

1180 3552 1350 3594 perare
1368 3539 1576 3592 singulae
1595 3541 1794 3593 cupiunt,
1822 3542 2070 3596 imperium

1186 3608 1346 3638 omnes
1374 3596 1699 3649 perdiderunt.
