2150 4022
462 311 991 392 innocus,
1075 283 1535 377 CAP.13.14.
1787 316 1910 373 279

78 464 242 501 meus
288 443 412 500 dies
455 445 672 503 veniat.
761 454 1094 520 statuarque
1131 438 1357 502 tumulo
1403 466 1527 502 non
1568 454 1822 501 moestus
1858 457 1928 522 et,

0 518 1 525 ἵ
75 530 271 598 attuit,
308 527 408 585 sed
436 525 642 588 hilaris
668 540 724 586 et
753 540 1088 586 coronatus:
1133 540 1188 585 et
1213 550 1319 605 pro
1350 522 1630 586 memoria
1656 530 1774 586 mei
1802 549 1910 585 nee
1966 532 1973 543 ‘

77 613 343 670 consulat
362 614 673 691 quisquam
702 635 811 678 nec
835 625 1016 687 roget.

243 722 407 783 XIV.
448 726 707 784 Vixdum
736 724 964 785 finierat
990 726 1298 784 Maternus
1315 767 1331 791 ‚
1377 726 1697 783 concitatus
1725 736 1781 783 et
1808 747 1909 781 ve-

76 811 166 868 lut
196 811 541 881 instinctuS,
596 834 728 869 cum
754 812 1072 887 Vipstanus
1096 810 1371 867 Messalla
1412 810 1747 867 cubiculum
1787 811 1910 867 eius

76 896 368 970 ingressus
394 908 506 966 est,
557 898 994 975 suspicatusque
1028 918 1094 952 ex
1126 897 1247 971 ipsa
1285 895 1611 952 intentione
1647 896 1910 969 singulo-

76 1002 208 1037 rum
253 981 519 1056 altiorem
565 982 719 1038 inter
763 1003 860 1039 eos
909 1002 1029 1039 esse
1074 1000 1429 1037 sermonem:
1495 978 1653 1035 Num
1701 1001 1909 1054 parum

76 1065 481 1140 tempestivus,
537 1066 770 1144 inquit,
825 1067 1144 1136 interveni,
1198 1075 1484 1122 secretum
1512 1065 1823 1122 consilium
1854 1077 1912 1123 et

77 1151 557 1218 causaestalicuius
585 1153 1026 1209 meditationem
1052 1149 1475 1208 tractantibus?

233 1232 528 1305 Minime,
580 1237 853 1307 minime,
918 1237 1115 1313 inquit
1153 1236 1493 1304 SecunduS‚
1549 1242 1722 1308 atque
1765 1235 1909 1289 adeo

77 1319 287 1375 vellem
330 1321 617 1378 maturius
667 1321 1095 1383 intervenisseS.

75 1512 105 1569 §
130 1514 225 1558 164.
253 1513 296 1558 5.
356 1514 470 1558 Nam
501 1531 585 1575 pro
621 1518 771 1560 veniet
791 1549 802 1567 ,
837 1517 958 1576 quod

77 1570 215 1629 vulgo
239 1571 426 1630 legitur,
465 1576 643 1616 venerit
674 1575 958 1618 scribendum

75 1637 197 1680 erat,
245 1627 290 1672 id
323 1632 442 1684 quod
477 1632 592 1674 bene
625 1632 842 1688 perspexit
875 1633 960 1674 Er-

76 1685 260 1729 nestius.
328 1687 585 1731 Verborum
630 1689 962 1732 distinctionem

77 1755 241 1786 novam
257 1741 455 1787 Orellius
473 1745 625 1788 suadet
649 1744 786 1789 hanc:
819 1763 963 1803 quan-

77 1803 227 1855 doque
248 1831 260 1844 .
276 1832 288 1844 .
303 1831 315 1844 .
338 1803 489 1844 veniet
504 1838 512 1850 ,
548 1809 739 1844 statuar
763 1807 960 1858 tumulo,

78 1857 154 1899 ubi
174 1871 260 1912 que
282 1866 382 1915 post
402 1867 587 1902 statuar
609 1863 858 1903 necessario
884 1862 963 1904 de-

78 1913 261 1956 lendum
302 1924 444 1968 esset;
505 1918 579 1960 sed
630 1917 704 1960 tali
756 1918 964 1962 audaciae

79 1987 234 2014 omnes
258 1972 545 2017 adversantur
572 1973 691 2018 libri.

134 2061 411 2111 statuarque
435 2059 634 2100 tumulo.
693 2057 849 2116 Neque
871 2067 964 2102 sta-

78 2118 179 2155 tuae
203 2111 249 2154 iu
272 2113 487 2170 sepulcris
513 2115 681 2172 positae
705 2115 962 2174 intelligen-

78 2167 159 2212 dae
200 2178 329 2222 sunt,
377 2187 522 2228 neque
561 2172 729 2216 dictum
772 2183 837 2218 est
878 2190 961 2233 pro

79 2225 270 2283 simplici
302 2229 507 2281 sepiliri;
550 2229 690 2272 immo
724 2240 876 2290 optat,
916 2239 963 2274 ut

77 2281 126 2325 in
146 2298 258 2340 rogo
279 2285 525 2329 collocetur
545 2287 651 2345 ipse,
674 2303 767 2331 non
791 2298 964 2332 moesto

78 2346 123 2382 et
145 2339 286 2383 atroci
306 2343 446 2391 vultu,
477 2352 524 2384 ut
547 2361 639 2388 esse
661 2347 772 2388 solet
793 2362 967 2395 eorum,

80 2395 158 2462 q-ui
183 2412 264 2455 per
283 2398 375 2443 vim
403 2399 537 2443 occisi
565 2410 695 2451 sunt,
738 2403 814 2445 sed
848 2402 967 2446 hila-

80 2469 142 2496 ris
178 2461 222 2496 et
260 2465 523 2506 coronatus,
574 2459 736 2516 quippe
773 2460 846 2516 qui
881 2476 965 2503 suo

83 2510 154 2576 die
196 2526 221 2554 e
259 2511 351 2556 vita
393 2515 593 2559 cesserit.
677 2516 966 2575 sepulturam

82 2574 214 2611 etiam
237 2568 291 2617 de,
316 2571 627 2615 combustione
647 2571 734 2616 dici
759 2589 967 2631 compro·

82 2624 206 2669 bavit
226 2624 355 2669 Gisb.
371 2627 534 2686 Cuper.
553 2628 810 2674 Observatt.
837 2631 913 2674 lib.
933 2632 967 2673 l.

82 2682 206 2740 p.28.
223 2699 288 2740 sq.
304 2684 578 2730 ed.T1·aieet.
605 2711 658 2719 —
694 2686 878 2745 Reliqua
905 2703 967 2731 sa·

80 2739 137 2783 tis
156 2740 242 2783 iam
265 2741 479 2786 illustrata
501 2753 604 2787 sunt
630 2746 682 2787 ab
710 2746 744 2789 l.
761 2746 838 2788 Fr.
851 2744 968 2788 Gro-

9 2857 11 2860 y
84 2812 220 2849 nov.‚
249 2813 385 2856 quare
411 2815 461 2842 ea
486 2802 807 2859 praetermitto,

143 2879 258 2923 CAP.
282 2882 353 2925 14.
411 2898 555 2939 quum
569 2886 825 2940 Vipstanus
841 2885 967 2928 Mes-

78 2938 221 2982 salla.
289 2946 390 2981 tum
443 2947 597 2986 tenent
650 2942 784 2986 MSS.
829 2942 969 2999 Neap.

86 2994 260 3046 [Fam]
295 2993 465 3040 Vaticc.
500 3007 543 3042 et
576 3001 680 3043 edd.
711 3000 833 3057 Spir.
868 2998 970 3044 Put.

87 3050 190 3092 Ber.
224 3050 328 3095 Riv.
356 3053 482 3106 Alc-3
520 3072 661 3112 quum
694 3074 744 3099 ex
769 3054 971 3099 Rhenani

89 3106 398 3151 emendatione
433 3120 583 3155 ortum
618 3113 664 3155 in
698 3113 823 3156 libris
848 3128 973 3171 seqq.

90 3164 299 3229 orn-nibus
319 3167 512 3224 positum
533 3180 612 3213 est.
631 3199 689 3206 --
723 3171 887 3226 Magna
910 3177 975 3212 est

90 3229 334 3288 scripturae
357 3224 649 3283 discrepantia
674 3227 971 3270 iri-'Messallae

90 3292 287 3328 nomme,
306 3280 454 3323 utiam
472 3285 724 3326 notavimus
739 3284 790 3326 ad
807 3284 921 3327 Hist.
938 3286 976 3333 1,

92 3333 165 3380 76.
187 3335 316 3390 4,42.
342 3361 395 3370 —
435 3339 666 3382 Vibullius
688 3350 750 3382 est
774 3341 819 3383 in
836 3340 970 3384 MSS.

93 3389 228 3435 Farn.
249 3393 377 3447 [teste
389 3395 538 3453 Lipsio
553 3430 565 3448 ,
588 3399 661 3440 sed
676 3396 876 3441 Bekltero
901 3413 973 3439 au-

95 3455 220 3491 ctore
239 3451 463 3495 urbanius
481 3453 526 3495 in
552 3469 604 3496 eo
626 3454 738 3496 libro
759 3455 974 3512 scriptum

95 3505 178 3560 est]
206 3505 340 3565 Neap.
362 3516 404 3552 et
431 3508 571 3552 veteri
599 3510 891 3554 cod.Ursini.
924 3533 976 3543 --

98 3564 321 3605 urbanius
335 3565 378 3607 in
395 3565 594 3624 ed.Spir.
616 3590 668 3599 -—
702 3568 918 3611 Urbanus
932 3566 977 3609 in

100 3617 201 3663 edd.
228 3619 332 3664 Put.
362 3622 461 3666 Ber.
488 3624 592 3670 Alc.
616 3623 756 3668 Rhen.
784 3626 889 3667 ΑΜ.
925 3648 977 3656 -·

1182 1321 1520 1377 delectasset
1558 1318 1717 1375 enim
1757 1329 1813 1374 te
1853 1329 1909 1374 et

1029 1517 1251 1569 vispanus
1278 1513 1350 1558 ed.
1374 1513 1475 1557 Riv.
1536 1513 1599 1556 Ex
1624 1512 1757 1557 codd.
1783 1511 1916 1557 Ursi-

1031 1589 1115 1616 nus
1156 1574 1204 1615 V
1200 1574 1404 1623 ibianus,
1453 1571 1626 1630 Lipsius
1663 1570 1917 1623 Vipsanius

1033 1630 1307 1680 scribebant,
1331 1636 1462 1686 atque
1484 1629 1572 1673 hoc
1594 1627 1646 1671 ad
1659 1626 1915 1672 Ernestium

1035 1703 1173 1745 usque
1195 1687 1460 1744 vulgabatur
1481 1686 1534 1729 ab
1560 1684 1788 1728 omnibus.
1837 1683 1919 1727 Er-

1036 1745 1205 1787 nestius
1227 1742 1414 1787 restituit
1439 1744 1718 1797 Vipstanus,
1750 1757 1844 1784 non
1868 1757 1919 1785 ex

1037 1802 1170 1845 MSS.
1195 1799 1365 1844 Vaticc.
1380 1834 1394 1855 ,
1426 1809 1472 1843 ut
1495 1800 1608 1843 falso
1633 1806 1842 1843 narratur
1862 1798 1918 1842 ab

1036 1857 1290 1905 nonnullis,
1327 1857 1402 1900 sed
1427 1857 1646 1916 lapidibus
1668 1855 1919 1899 addicenti-

1034 1916 1117 1958 bus
1140 1915 1348 1972 antiquis.
1380 1914 1464 1957 cfr.
1481 1923 1573 1957 not.
1586 1913 1639 1956 ad
1653 1912 1744 1956 Au.
1763 1915 1830 1961 11,
1844 1911 1916 1956 23.

1036 1974 1104 2022 14,
1121 1975 1157 2015 1.
1182 1972 1295 2014 Hist.
1310 1972 1349 2023 3,
1361 1971 1402 2014 9.
1450 1970 1706 2014 Ernestium
1727 1985 1918 2028 sequun-

1032 2038 1107 2074 tur
1128 2029 1228 2073 edd.
1249 2036 1433 2072 recentt.
1454 2038 1630 2087 praeter
1641 2024 1840 2071 Seebod.
1851 2028 1922 2072 ed.

1033 2104 1100 2146 pr.
1125 2095 1164 2128 et
1191 2087 1366 2129 Broter.
1382 2117 1394 2137 ,
1421 2102 1444 2130 a
1470 2086 1631 2144 quibus
1648 2086 1697 2127 V
1693 2085 1920 2137 ipstam'us

1034 2146 1200 2188 editum
1234 2151 1300 2186 est
1332 2151 1374 2186 et
1406 2143 1478 2187 ed.
1506 2143 1716 2199 Bipont„
1753 2142 1802 2185 in
1833 2156 1919 2199 qua

1037 2203 1273 2256 Vipsanas
1291 2201 1506 2257 scriptum
1527 2200 1705 2257 legitur.
1730 2222 1783 2234 ·-
1826 2200 1918 2244 Pro

1034 2260 1284 2302 instinctus
1342 2256 1478 2301 MSS.
1535 2257 1675 2315 Neap.
1740 2257 1919 2310 [Farn.]

1035 2321 1230 2359 stinccus
1271 2324 1400 2363 tum,
1449 2314 1551 2358 edd.
1592 2314 1799 2370 antiquae
1839 2315 1920 2356 in·-

1034 2376 1225 2416 stinctus
1237 2386 1251 2414 .·
1282 2372 1418 2423 Tum,
1437 2387 1522 2413 una
1535 2370 1653 2428 Spir.
1668 2371 1919 2414 mstinctus.

1038 2431 1158 2472 Tum
1181 2437 1266 2472 etc.
1302 2453 1353 2462 ο-
1412 2429 1523 2470 Eius
1545 2435 1646 2485 post
1666 2428 1923 2470 cubiculum

1036 2495 1291 2544 suspectum
1324 2486 1554 2528 videbatur
1582 2483 1789 2527 Ernestio
1824 2484 1920 2528 sine

1037 2543 1125 2586 ulla
1147 2544 1323 2585 ratione
1338 2575 1350 2591 ‚
1382 2558 1525 2599 neque
1548 2542 1705 2584 melius
1726 2557 1796 2584 res
1819 2556 1922 2599 pro-

1040 2599 1168 2644 cessit
1183 2599 1413 2654 Acidalio,
1442 2598 1518 2656 qui
1542 2606 1610 2640 est
1630 2607 1728 2656 post
1750 2601 1922 2652 ingres·

1038 2672 1116 2700 Sus
1153 2656 1300 2700 delere
1337 2657 1535 2704 volebat,
1592 2670 1728 2712 quam
1758 2670 1921 2699 vocem

1041 2714 1166 2758 uncis
1188 2713 1480 2756 circumcludi
1511 2712 1633 2756 iubet
1655 2710 1805 2756 Orell.
1829 2711 1923 2756 Ad-

1040 2771 1173 2814 dend.
1207 2780 1247 2812 et
1271 2771 1456 2814 Emend.
1491 2794 1544 2803 —-
1604 2769 1812 2826 Denique
1838 2784 1924 2827 pro

1038 2829 1274 2883 ingressus
1296 2829 1364 2871 ed.
1380 2827 1494 2885 Spir.
1508 2826 1679 2870 exhibet
1697 2828 1927 2882 ingressa.

1093 2912 1458 2967 suspicatusque.
1528 2909 1616 2953 Sic
1643 2909 1744 2954 MS.
1778 2909 1918 2967 Neap.

1042 2968 1142 3012 edd.
1166 2968 1268 3010 Ber.
1290 2967 1393 3011 Riv.
1417 2966 1519 3011 Ale.
1544 2976 1586 3010 et
1605 2983 1702 3026 sqq.
1736 2981 1922 3018 omnes3

1043 3042 1090 3066 ex
1116 3020 1436 3083 typographicd
1454 3040 1606 3067 errore
1622 3026 1670 3068 in
1692 3025 1790 3067 edd.
1805 3023 1924 3081 Spir.

1042 3091 1084 3125 et
1115 3083 1218 3126 Put.
1253 3083 1466 3139 scriptum
1505 3090 1595 3126 est:
1633 3083 1924 3137 suspzbatur-

1043 3156 1142 3196 que.

1101 3210 1414 3264 tempestivus.
1499 3205 1617 3252 Edd.
1673 3209 1775 3252 Put.
1826 3207 1926 3251 Riv.

1043 3267 1337 3319 tempestivis.
1372 3291 1426 3302 --
1471 3266 1699 3309 interveni
1717 3266 1922 3308 omnium

1044 3325 1143 3367 edd.
1167 3324 1432 3380 scripturam
1459 3323 1661 3380 ed.Spir.
1684 3323 1731 3364 in
1753 3322 1929 3364 intueri

1043 3382 1274 3439 corrupit,
1325 3389 1367 3424 et
1399 3382 1650 3424 Heumann.
1687 3395 1735 3421 ex
1777 3378 1927 3422 conie-

1044 3447 1169 3481 ctura
1214 3438 1260 3480 in
1305 3438 1563 3482 intervenio
1613 3436 1818 3480 mutavit.
1869 3459 1928 3490 -τ-

1043 3495 1284 3541 consilium
1308 3504 1476 3539 causae
1506 3493 1666 3552 copula
1698 3501 1741 3536 et
1765 3493 1927 3536 omissa

1046 3552 1228 3611 praebet
1248 3551 1318 3596 ed.
1345 3554 1464 3596 lunt.

1103 3621 1290 3667 Minime
1309 3654 1320 3673 ,
1380 3623 1587 3666 ηιιήι’1ησ.·
1675 3619 1933 3677 Repetitutn,
