2150 4022
193 255 322 317 440

208 413 210 415 ι
255 384 505 429 trochaeus
537 389 582 425 et
611 397 771 438 paeon
806 382 988 425 tertius.
997 380 1090 439 fa-

175 463 178 467 -
254 442 373 486 cient
420 440 559 482 illam
602 447 896 485 structuram
936 438 1091 483 Tullio

250 497 539 554 peculiarem
565 496 696 540 esse
721 496 1090 540 videatur.-

256 561 327 598 est
363 566 478 597 'cum
522 553 689 597 infinit.
730 552 888 597 Germ.
932 555 981 601 5.,
1015 554 1091 599 25.

256 610 380 655 conf.
407 628 511 655 cum
543 619 587 654 et
615 611 669 655 H.
692 611 734 664 4,
755 612 824 655 27.
871 610 975 667 fuit
1004 615 1091 655 An.

255 669 298 722 3,
321 669 362 712 6.
393 685 497 713 esse
522 677 567 712 et
585 672 673 712 isse
694 667 817 712 conf.
838 669 922 712 An.
939 668 1006 726 13,
1025 670 1093 712 17.

200 733 246 768 et
269 725 611 784 explicationem
637 725 949 783 adiungit-An.
963 727 1005 779 2,
1019 725 1091 770 56.

255 784 298 835 3,
325 784 394 827 12.
413 785 484 827 48.
520 784 588 840 13,
612 784 683 826 28.
719 785 790 838 15,
815 783 888 827 27.
935 782 1094 828 Germ.

258 843 327 887 14.
376 843 486 899 Agr.
519 842 561 886 3.
614 839 744 884 Orat.
779 841 854 884 20.
897 866 951 876 -
1007 856 1091 900 pro

256 901 402 942 etiam
433 907 703 957 usurpatum
743 901 826 943 An.
862 900 903 953 1,
941 895 984 942 4.
1021 899 1091 942 12.

170 988 180 996 ,
255 957 332 999 76.
368 958 418 1009 ’6,
455 959 529 1000 22.
585 957 654 1009 15,
696 955 768 1000 73.
820 955 977 999 Germ.
1021 956 1094 1000 45.

260 1013 482 1070 (Hotting.
507 1013 562 1058 ad
587 1012 684 1058 Cic.
710 1013 764 1056 de
791 1012 930 1057 divin.
952 1029 993 1058 c.
1018 1013 1116 1067 55,’

257 1071 356 1115 126.
398 1072 476 1115 Με
511 1087 573 1114 er.
597 1071 653 1114 ad
677 1069 773 1115 Cic.
798 1070 927 1114 Orat.
953 1087 998 1130 p.
1022 1071 1095 1116 36.

255 1128 400 1173 Orell.
435 1146 457 1172 a
526 1128 661 1172 Tuse.
698 1136 872 1186 quaest.
912 1143 959 1185 p.
990 1128 1092 1173 395.

253 1187 357 1230 409.
383 1187 483 1230 428.
509 1186 564 1230 ad
586 1187 715 1229 Brut.
744 1191 772 1241 §
799 1187 873 1230 67.
904 1186 1016 1230 Otto
1039 1186 1095 1229 ad

256 1243 356 1290 Cic.
385 1244 491 1288 Fin.
528 1260 572 1302 p.
598 1244 720 1299 380.)
763 1242 959 1301 ideoque
994 1259 1097 1287 sae-

254 1303 356 1361 pius
395 1318 501 1345 cum
539 1303 681 1344 etiam
723 1300 969 1345 confusum
1007 1305 1095 1344 An.

255 1362 325 1408 11,
356 1359 431 1402 24.
474 1362 542 1409 12,
580 1361 645 1403 19.
691 1358 849 1403 Germ.
878 1359 920 1401 7.
952 1386 1012 1396 --
1051 1357 1095 1400 vi

254 1416 536 1462 adversativa
565 1421 650 1461 An.
679 1419 719 1468 1,
751 1416 818 1460 13.
854 1417 990 1472 6,.21.
1025 1417 1093 1464 15,

254 1474 324 1518 67.
366 1474 420 1519 Η.
459 1477 498 1530 1,
523 1475 602 1529 2.,
643 1473 774 1516 cuius
809 1474 872 1516 rei
906 1475 1094 1533 ignora-

253 1531 378 1575 tione
404 1531 578 1590 saepius
603 1532 652 1574 in
675 1534 760 1574 sed
785 1540 1006 1575 mutatum
1029 1539 1096 1574 est

256 1594 343 1633 An.
369 1591 409 1639 5,
436 1588 476 1633 3.
511 1590 576 1642 13,
598 1591 667 1633 22.
702 1589 768 1640 14,
794 1588 864 1632 65.
913 1589 968 1632 Η.
989 1591 1031 1641 2,
1056 1593 1094 1633 1.

253 1647 326 1691 46.
381 1648 421 1699 3,
466 1647 532 1691 19.
582 1649 625 1701 4,
663 1646 734 1689 64.
771 1647 840 1691 81.
891 1648 935 1702 5,
978 1650 1016 1690 1.
1052 1647 1094 1690 3.

255 1704 413 1749 Germ.
452 1705 492 1747 4.
541 1707 648 1762 Agr.
680 1706 726 1747 9.
776 1703 906 1748 Orat.
940 1704 1007 1748 17.
1038 1729 1094 1738 -

253 1761 495 1806 transitum
528 1763 637 1806 fa'cit
672 1766 757 1805 An.
781 1765 820 1815 1,
845 1762 914 1804 35.
937 1763 1009 1805 61.
1053 1761 1095 1812 3,

158 1844 164 1858 ι
252 1822 325 1864 20.
356 1822 426 1875 14,
441 1822 510 1865 55.
536 1824 640 1878 Agr.
657 1822 696 1864 4.
714 1822 780 1863 10.
805 1819 936 1863 initio
955 1836 1094 1863 enun-

252 1878 468 1920 tiatorum
505 1878 703 1936 positum
738 1882 824 1921 An.
862 1882 901 1931 1,
937 1879 1006 1920 11.
1047 1879 1091 1930 4,

235 1936 324 1984 ‚16.
367 1935 421 1979 H.
452 1941 490 1991 1,
517 1939 584 1979 50.
608 1936 677 1978 52.
708 1959 764 1967 —
796 1952 879 1991 pro
904 1937 1094 1991 et-quz‘-

253 1996 365 2035 dem
393 1996 475 2035 An.
506 1993 576 2046 12,
603 1994 644 2036 4.
676 1994 745 2045 16,
772 1992 815 2034 2.
862 2010 905 2036 v.
931 1992 1094 2034 Ruhn-

253 2050 357 2094 ken.
378 2050 432 2092 ad
459 2049 570 2094 Veli.
592 2050 688 2092 Pat.
710 2050 764 2101 ll,
781 2050 854 2094 26.
886 2074 944 2082 --
990 2066 1092 2105 syn-

253 2123 422 2164 onyma
444 2107 680 2164 coniungit
704 2107 834 2150 Orat.
861 2108 903 2149 5.
947 2106 1096 2151 Beier.

252 2165 308 2208 ad
347 2163 442 2208 Cic.
481 2165 712 2208 Offfvol.
745 2165 800 2207 ll.
843 2181 886 2222 p.
922 2165 992 2207 80.
1036 2188 1091 2198 —

253 2221 486 2264 dissimilia
521 2220 666 2279 iungit
694 2221 750 2264 H.
777 2222 819 2275 1,
845 2222 916 2265 85.
951 2244 1003 2255 —-
1048 2230 1092 2264 et

253 2295 305 2322 ex
333 2279 629 2322 redundantia
652 2279 849 2336 positum
873 2279 927 2322 H.
956 2281 995 2333 1,
1020 2277 1091 2321 31.

247 2337 711 2438 {gpellrsspgmAvisugl
746 2339 833 2380 An.
874 2343 914 2392 1,
942 2337 1015 2379 55.
1044 2338 1090 2403 2,

311 2426 322 2437 .
479 2427 490 2437 .
603 2410 640 2437 r.
698 2426 709 2438 .
741 2418 798 2425 —
869 2410 922 2436 ro
955 2410 1011 2436 ac
1046 2411 1092 2439 v1

253 2411 690 2510 comp’arativagAn.
735 2453 804 2508 15,
837 2410 918 2495 Ι12.
983 2453 1092 2506 quin

254 2513 397 2552 etiam
433 2517 476 2551 el
509 2509 666 2552 Germ.
694 2510 763 2554 13.
826 2508 1090 2553 Confundi-

251 2575 328 2610 tur
348 2566 458 2609 haee
479 2567 695 2624 particula
723 2583 830 2610 curn
854 2583 908 2609 ac
936 2571 1018 2609 An.
1044 2569 1087 2622 2,

249 2624 319 2668 73.
364 2625 408 2676 3,
440 2626 478 2667 1.
522 2627 564 2680 4,
593 2625 664 2668 55.
710 2627 780 2678 12,
810 2625 879 2667 55.
917 2624 985 2677 14,
1017 2626 1088 2668 23.

252 2683 321 2736 16,
350 2683 421 2725 29.
473 2681 529 2726 H.
552 2685 596 2738 2,
627 2685 700 2727 21.
741 2683 784 2737 3,
825 2682 895 2725 67.
938 2685 982 2735 4,
1019 2683 1089 2726 75.

248 2740 378 2784 Orat.
403 2739 476 2784 31.
511 2765 565 2775 -
612 2756 715 2783 cum
755 2749 806 2783 at
841 2745 925 2783 An.
953 2739 1022 2792 12,
1051 2744 1089 2785 1.

247 2798 306 2841 H.
332 2801 376 2849 4,
408 2795 474 2840 14.
506 2821 562 2832 -
608 2813 714 2841 cum
745 2805 829 2841 aut
861 2798 914 2841 H.
945 2801 985 2848 1,
1013 2798 1084 2840 21.

246 2855 291 2910 3,
321 2855 389 2899 55.
423 2881 477 2890 -
509 2871 611 2899 eum
636 2856 681 2897 ei
701 2858 783 2899 An.
806 2855 851 2910 3,
878 2857 918 2897 8.
952 2855 1084 2898 Orat.

248 2915 319 2957 17.
353 2938 408 2945 -
440 2929 543 2956 eum
566 2919 633 2956 est
654 2912 706 2957 H.
723 2916 764 2962 4,
783 2914 855 2957 27.
887 2941 946 2948 —-
980 2929 1086 2956 eum

245 2973 310 3015 ex
336 2973 421 3014 An.
450 2970 516 3025 13,
541 2971 612 3015 44.
652 2971 719 3023 14,
737 2971 892 3014 5153.
929 2971 1085 3023 15,68.

247 3030 374 3083 16,1,
406 3027 460 3070 Η.
481 3031 519 3081 1,
541 3028 605 3071 14.
622 3027 691 3072 86.
722 3029 766 3084 3,
781 3030 851 3073 26.
884 3026 927 3082 4,
945 3028 1019 3072 37.
1037 3053 1085 3061 --

247 3102 353 3130 cum
391 3094 444 3127 ut
469 3088 551 3129 An.
577 3085 646 3138 15,
676 3089 742 3129 10.
786 3086 844 3128 H.
875 3090 912 3136 1,
943 3090 1011 3129 11.
1043 3085 1088 3140 3,

247 3144 317 3187 57.
358 3144 399 3198 5,
423 3143 493 3186 21.
543 3147 647 3200 Agr.
672 3143 715 3188 2.
775 3142 906 3187 Orat.
935 3147 1001 3187 10,
1033 3168 1089 3177 --

243 3217 350 3245 cum
374 3204 448 3242 vel
469 3201 522 3243 Η.
549 3203 589 3243 2.
617 3200 658 3243 8.

187 3267 234 3300 et
265 3260 386 3312 iam,
434 3274 583 3314 graec.
621 3260 697 3300 καὶ
728 3258 785 3312 δή
811 3262 894 3300 An.
923 3258 990 3310 13,
1018 3259 1085 3300 19.

242 3316 300 3359 H.
329 3316 368 3367 1,
393 3317 458 3358 15.
491 3316 700 3361 Oudend.
727 3318 780 3359 ad
802 3317 930 3359 Caes.
955 3316 1007 3357 B.
1030 3315 1088 3358 G.

243 3373 302 3425 ll,
330 3373 402 3416 25.
429 3381 537 3415 extr.

185 3431 342 3473 etesiae
373 3434 457 3473 An.
484 3431 524 3485 6,
551 3430 621 3473 33.
657 3430 711 3473 Η.
736 3432 781 3484 4,
814 3432 884 3475 81.

184 3486 252 3530 ἔτι
276 3504 381 3530 cum
405 3497 654 3546 comparat.
690 3488 900 3532 iunctum
924 3486 1081 3531 Germ.

185 3545 333 3645 etiiz91iz
366 3610 465 3660 post
497 3606 583 3645 sed
617 3601 833 3650 omissum
863 3606 948 3644 An.
968 3601 1011 3657 3,
1043 3605 1080 3643 1.

516 255 823 318 INDEX
883 200 1727 345 ADNJOTATIONU'M.
1782 218 1785 222 ⁵

1199 381 1290 426 Δ27.
1327 382 1401 428 62.
1440 382 1594 440 14,-71.
1653 382 2058 438 Germ.;15..·muo
2116 390 2122 419 ὲ

1220 439 1361 483 verbo
1385 440 1688 499 praepositum
1713 444 1824 500 Agr.
1839 440 2058 486 eventum

1221 497 1301 552 qui
1319 496 1360 539 Η
1401 499 1443 551 1,
1466 497 1538 543 18.
1566 500 1710 542 etiam
1734 506 1837 542 tum
1860 501 1954 547 An..
1964 503 2006 554 1,
2017 499 2061 544 8.

1221 556 1292 608 11,
1316 527 1390 598 223.
1424 556 1494 608 15,
1523 555 1594 601 64.
1639 561 1747 614 Agr.
1780 555 1852 601 39.
1887 559 2058 600 ..eiam

1221 621 1265 654 et
1295 617 1342 653 et
1375 612 1500 658 conf.
1535 616 1627 656 An.
1658 614 1732 670 11,
1762 614 1834 658 24.
1880 613 1954 672 12,
1974 615 2056 659 ’19.

1221 668 1326 711 vide
1350 669 1432 712 sub
1457 686 1502 715 v.
1527 678 1585 714 et.
1948 695 1950 698 ·
1976 696 1980 707 ¹

1163 723 1345 768 Etruria
1375 731 1458 770 An.
1483 730 1552 782 11,
1579 728 1649 771 15.

1164 783 1367 826 Eueerus
1395 787 1478 828 An.
1503 787 1571 838 14,
1591 787 1668 829 60.
1696 812 1700 814 -

1164 842 1424 883 evalescere
1448 840 1608 887 Germ.
1632 844 1676 887 2.
1750 864 1753 868 ’

1167 899 1301 940 evelti
1324 913 1429 941 cum
1455 907 1645 946 accusat.
1671 901 1756 944 An.
1776 900 1845 956 14,
1870 901 1946 949 52.

1165 955 1373 998 evincere
1400 959 1486 999 An.
1503 955 1548 1011 8,
1570 958 1649 1003 46.Ι
1694 959 1862 1004 evictus
1882 964 1969 1004 An.
1985 962 2057 1017 12,
2148 963 2150 965 ’

1223 1012 1295 1054 68.
1341 1011 1397 1056 Η.
1420 1014 1463 1067 2,
1489 1014 1560 1058 64.

1167 1076 1384 1112 evocatus
1408 1071 1495 1113 An.
1516 1072 1560 1126 2,
1585 1072 1657 1116 68.
1952 1103 1954 1106 -

1167 1128 1322 1169 evolvi
1359 1126 1634 1185 significatus
1677 1129 1824 1181 medii.
1852 1130 2062 1178 vocabul.

1222 1182 1380 1228 Germ.
1406 1185 1479 1229 39.
1940 1224 1943 1229 ,

1168 1255 1232 1284 ex
1253 1242 1472 1301 originem
1498 1243 1670 1288 indicat
1693 1245 1805 1300 HA,
1821 1245 1902 1290 79-
1923 1247 2057 1290 Orat.

1223 1300 1317 1351 12.;
1360 1316 1463 1343 cum
1498 1301 1836 1350 adiectivisvel
1864 1303 2060 1362 partici—

1222 1356 1307 1415 piis
1345 1359 1777 1462 cfiniimegpmglozg
1811 1361 2059 1463 aexterbilog

1222 1431 1324 1457 rum
1405 1446 1416 1458 .
1480 1448 1492 1470 ,
1589 1450 1601 1462 .
1675 1450 1686 1461 .
1779 1450 1791 1463 .
1919 1435 1956 1461 r.
2045 1453 2059 1466 .

1223 1472 1281 1515 cf.
1294 1471 1438 1515 Kritz.
1463 1473 1516 1516 ad
1540 1473 1762 1520 Sam-Cat.
1784 1435 2060 1533 c-8.gp.143.;

1225 1528 1304 1571 ubi
1328 1545 1433 1572 eum
1457 1532 1608 1576 verbis
1632 1532 1939 1590 compositum
1972 1545 2056 1591 est,

1226 1604 1274 1629 ea
1308 1603 1413 1630 cum
1450 1598 1643 1632 accusat.
1682 1588 1933 1648 iunguntur
1970 1597 2057 1638 An.

1229 1645 1300 1696 12,
1328 1644 1399 1687 63.
1460 1661 1523 1687 ex
1547 1648 1706 1703 aliquo
1732 1657 1891 1691 metus
1920 1647 2059 1694 dictio

1225 1700 1381 1744 Tacito
1433 1702 1716 1761 frequentata
1763 1709 1858 1750 An.
1901 1707 1943 1760 1,
1985 1709 2059 1752 29.

1223 1759 1325 1804 add.
1363 1764 1450 1803 An.
1485 1760 1527 1815 3,
1563 1762 1631 1804 65.
1685 1761 1740 1805 H.
1772 1764 1816 1819 2,
1856 1762 1926 1807 67.
1997 1781 2062 1810 ex

1225 1831 1377 1874 aequo
1403 1823 1505 1873 Agr.
1530 1820 1603 1865 20.
1665 1815 1969 1865 cimdemnmi
1997 1839 2061 1867 ex

1222 1876 1323 1928 tege
1351 1874 1495 1918 Tacit.
1525 1891 1617 1919 non
1641 1875 1748 1920 dixit
1775 1879 1957 1934 An.13‚
1985 1871 2059 1926 44.

1221 1947 1285 1974 ex
1324 1948 1376 1974 eo
1419 1939 1501 1977 An.
1530 1938 1598 1987 11,
1625 1935 1670 1978 4.
1731 1933 1865 1979 Conf.
1898 1953 2002 1980 cum
2035 1953 2061 1980 e

1224 1992 1309 2032 An.
1335 1990 1402 2044 14,
1429 1990 1502 2034 38.
1530 1992 1602 2035 39.
1665 2007 1768 2035 cum
1798 1998 1847 2035 'et
1881 1999 1964 2038 An.
1986 1996 2058 2051 15,

1222 2049 1292 2088 44.
1329 2048 1396 2101 14,
1425 2050 1493 2090 51.
1519 2048 1587 2092 53.
1621 2049 1691 2102 15,
1714 2051 1784 2093 68.
1819 2052 1886 2106 16,
1916 2055 1955 2095 1.
1983 2053 2055 2099 Ἠ.

1227 2108 1266 2156 1,
1293 2106 1360 2147 14.
1383 2105 1451 2147 86.
1483 2105 1527 2159 3,
1555 2107 1626 2147 26.
1659 2109 1701 2159 4,
1730 2106 1800 2149 37.

1164 2163 1346 2204 exactio
1371 2171 1414 2205 et
1437 2164 1591 2205 auctio
1617 2162 1737 2206 conf.
1769 2168 1874 2222 Agr.
1903 2167 1968 2210 19.

1166 2223 1388 2262 excedere
1412 2219 1613 2262 absolute
1637 2220 1807 2264 dictum
1830 2224 2060 2277 An.2‚24.

1223 2281 1330 2334 Agr.
1340 2278 1410 2319 42.
1435 2292 1533 2319 exc.
1547 2279 1825 2321 relationem
1840 2284 1923 2325 An.
1933 2282 1977 2330 2,
1988 2281 2067 2329 35..

1165 2333 1446 2390 exceptiones
1471 2335 1598 2378 Orat.
1620 2337 1690 2378 20.
1721 2359 1723 2361 ·

1165 2405 1383 2433 excessus·
1407 2391 1452 2432 in
1480 2393 1680 2434 oratione
1706 2393 1834 2437 Orat.
1861 2396 1932 2439 22.

1164 2451 1380 2491 excidere
1407 2456 1447 2490 et
1471 2453 1744 2492 exscindere
1778 2453 1901 2494 conf.
1928 2453 1988 2498 H.
2012 2458 2056 2510 1,

1220 2506 1290 2548 65.
1325 2507 1368 2559 4,
1388 2508 1463 2550 34.
1496 2510 1601 2564 Agr.
1620 2507 1684 2551 19.
1714 2524 1758 2551 v.
1774 2507 1979 2555 Lambin.
2001 2514 2056 2557 ad

1219 2565 1399 2606 Lueret.
1413 2565 1443 2614 1,
1459 2565 1557 2607 221,
1573 2589 1624 2598 -—
1649 2567 1794 2608 excisi
1806 2570 1890 2610 An.
1907 2570 1974 2622 12,
1989 2571 2057 2615 39.

1162 2622 1392 2663 excidium
1418 2629 1459 2663 et
1487 2623 1682 2665 exitium
1707 2623 1826 2668 conf.
1849 2622 1903 2669 H.
1923 2625 1968 2682 3,
1985 2629 2057 2672 48.

1163 2682 1378 2732 excipere
1401 2688 1442 2721 et
1464 2682 1670 2732 occipere
1697 2682 1929 2737 quomodo
1965 2685 2053 2728 dif-

1219 2738 1366 2778 ierant
1394 2740 1476 2779 An.
1505 2737 1574 2791 13,
1601 2738 1669 2781 18.
1685 2739 1755 2782 25.
1810 2750 2055 2796 exceptum

1217 2792 1340 2837 conf.
1367 2809 1469 2836 cum
1497 2802 1767 2850 exemptum
1796 2797 1906 2855 Agr.
1933 2798 2004 2843 15.

1161 2853 1370 2893 excitare
1397 2854 1483 2895 An.
1511 2852 1578 2907 11,
1607 2854 1648 2896 9.

1163 2911 1375 2951 excolere
1398 2919 1439 2951 et
1461 2912 1689 2952 extollere
1712 2911 1840 2957 conf.
1866 2915 1956 2958 An.
1985 2920 2050 2973 11,

1221 2969 1263 3009 1.
1299 2968 1364 3017 13,
1387 2967 1455 3008 21.
1516 2971 1729 3011 excultus
1751 2971 1834 3014 An.
1858 2970 1900 3020 3,
1922 2973 1995 3019 29.

1163 3023 1373 3066 excubiae
1395 3023 1513 3066 inter
1534 3027 1686 3082 epulas
1709 3026 1766 3071 H.
1794 3031 1833 3082 1,
1859 3030 1932 3074 24.

1160 3084 1393 3123 excudere
1425 3090 1467 3124 et
1495 3085 1759 3125 extundere
1792 3087 1898 3143 quid
1925 3088 2053 3132 diffe-

1217 3146 1317 3180 rant
1344 3138 1470 3181 Orat.
1495 3139 1536 3181 9.

1160 3210 1413 3251 excusare,
1460 3195 1513 3237 de
1544 3205 1700 3253 struet.
1721 3198 1811 3243 Au.
1838 3203 1878 3256 1,
1904 3202 1974 3247 59.
2003 3204 2047 3262 5,

1216 3254 1259 3295 2.
1299 3255 1364 3304 15,
1397 3257 1466 3294 ol.
1512 3253 1640 3296 Orat.
1676 3254 1717 3299 9.
1783 3259 1906 3302 conf.
1942 3277 2047 3305 cum

1214 3325 1433 3353 accusare
1459 3310 1516 3354 H.
1542 3312 1582 3359 5,
1605 3312 1676 3355 22.

1160 3370 1407 3422 exemplar
1457 3377 1501 3410 et
1553 3373 1824 3426 exemplum
1875 3373 2050 3422 diversa

1212 3426 1301 3469 An.
1325 3426 1393 3480 15,
1421 3424 1489 3469 37.

1157 3485 1443 3537 exemplaris
1463 3483 1676 3529 adiectiv.
1702 3484 1758 3528 H.
1779 3489 1821 3542 4,
1842 3488 1916 3532 25.

1159 3542 1428 3595 exemplum
1458 3541 1565 3597 quid
1588 3540 1678 3585 An.
1701 3547 1740 3593 1,
1761 3543 1831 3589 38.
1872 3547 1903 3592 i.
1924 3547 2049 3605 quod

1217 3605 1424 3641 nostrum
1461 3600 1644 3642 Beweis
1681 3602 1793 3658 Agr.
1826 3603 1868 3647 8.
1928 3620 2049 3662 quo-
