2150 4022
515 276 820 348 numo
839 289 965 349 Gt]
981 293 1041 350 s,
1129 291 1322 352 cAP.
1355 293 1458 352 29.
1788 291 1912 350 343
1992 374 1995 378 ⁸

71 420 267 497 neque.
290 417 612 477 modestiae
638 419 917 493 parvulos
933 420 1374 492 adsuefaciunt,
1429 420 1528 476 sed
1557 418 1827 475 lasciviae
1853 431 1911 476 et

14 498 18 504 ¹
66 504 391 574 vivacitati3
442 524 549 578 per
576 524 724 580 quae
754 505 1037 578 paulatim
1073 505 1439 579 impudentia
1476 503 1694 579 inrepit
1727 514 1784 560 et
1818 504 1910 561 sui

65 589 357 666 alienique
386 600 730 647 contemtus,
789 587 912 644 Iam
940 609 1080 646 vero
1106 593 1343 664 propria
1374 602 1429 646 et
1453 589 1772 664 peculiaria
1792 585 1908 645 hu—

65 675 156 732 ius
178 675 345 731 urbis
372 674 517 731 vitia
541 693 726 748 paene
753 673 819 729 in
849 686 1014 731 utero
1045 676 1246 731 matris
1271 676 1499 749 concipi
1523 670 1673 730 mihi
1693 673 1907 747 viden-

63 770 188 828 tur,
241 754 604 816 histrionalis
640 759 808 814 favor
841 768 898 816 et
932 760 1321 833 gladiatorum
1353 778 1752 836 equorumque
1783 771 1904 815 stu-

63 844 210 917 diap
253 844 471 921 quibus
514 854 828 918 occupatus
865 855 922 902 et
961 846 1228 902 obsessus
1273 846 1507 902 animus
1550 844 1903 921 quantulum

59 1040 178 1143 {0}ss
244 1039 426 1083 Dissen.
475 1039 528 1082 ad
580 1038 765 1081 Pindar.
814 1037 949 1097 Pyth.

116 1155 338 1197 lasciviae
380 1162 426 1196 et
463 1153 719 1196 vivacitati.
813 1151 946 1195 MSS.

60 1213 198 1271 Neap.
223 1220 266 1253 et
289 1211 422 1254 Fara.
459 1219 568 1254 teste
593 1211 744 1266 Lipsio
779 1212 944 1252 bibaci-

61 1273 153 1313 tati
170 1268 400 1319 exhibent3
431 1284 562 1325 quam
588 1268 768 1324 quidem
796 1267 945 1310 lectio-

60 1343 161 1371 nem
187 1325 510 1384 Rutgers.Var.
533 1325 656 1368 Lect.
673 1326 712 1375 5,
732 1325 796 1366 12.
819 1340 943 1367 com·

60 1383 281 1428 mandavit
310 1399 390 1433 eo,
431 1382 551 1441 quod
579 1384 814 1423 vivacitali
840 1381 943 1423 inde

58 1441 269 1486 coniecit.
327 1439 488 1488 Recte,
532 1455 632 1481 nani
669 1441 746 1481 etsi
781 1439 824 1481 id
857 1455 942 1482 vo-

57 1499 267 1542 cabulum
291 1496 337 1539 in
363 1496 522 1540 malam
547 1507 719 1553 partem
747 1496 942 1554 plerum-

58 1572 145 1613 que
181 1571 287 1598 non<
317 1554 562 1612 accipiatur
603 1562 644 1595 et
686 1554 740 1596 de
782 1570 942 1609 corpo-

57 1617 126 1657 ris·
160 1620 203 1655 et
245 1610 383 1655 animi
414 1611 647 1655 alacritate
688 1619 941 1668 usurpetur,

57 1679 206 1714 tamen
237 1669 385 1727 ipsum
417 1668 526 1711 illud
560 1667 761 1710 additum
797 1670 941 1710 lasci·

56 1730 160 1782 viae
183 1724 522 1784 vituperationis
547 1734 700 1768 notam
723 1725 940 1774 continet,

56 1785 197 1828 modo
231 1777 368 1829 verba
403 1799 481 1843 per
511 1782 585 1839 fig.
619 1781 668 1825 ἓν
701 1782 778 1826 διὰ
809 1784 942 1825 δυοῖν

57 1842 348 1900 explicemus,
397 1847 446 1881 ut
476 1839 637 1883 lasciva
676 1841 811 1884 animi
847 1841 940 1883 ala-

57 1903 189 1943 critas
236 1896 527 1954 intelligatur.
617 1896 707 1940 Alii
767 1895 939 1941 malunt

54 1957 275 2001 librorum
304 1971 445 1998 mauu,
471 1955 742 2012 scriptorum
777 1954 936 1998 lectio-

54 2031 155 2056 nem
191 2013 430 2057 bibacitaci.
455 2027 654 2059 servare,
694 2021 741 2055 ut
776 2027 937 2068 pueros

54 2067 227 2114 V'eneri‘
246 2070 414 2128 pariter
444 2078 577 2124 atque
606 2069 778 2118 Baccho
818 2069 937 2111 dedi-

53 2137 122 2172 tos
154 2143 245 2171 esse
278 2125 473 2184 scriptor
504 2133 678 2172 narret,
724 2126 843 2183 quod
875 2126 937 2169 ni·

27 2185 136 2238 'mis
193 2184 409 2233 uaesitum
433 2191 513 2227 est.
574 2182 689 2227 Edd.
717 2184 937 2241 antiquae,

52 2201 290 2299 ὀιζίηἶὶρε.
303 2239 424 2284 Piih.
442 2241 711 2298 Bernegger.
727 2240 936 2286 Gronov.

52 2299 263 2344 libet-caci
290 2296 494 2340 exhibent
526 2297 662 2353 idque
699 2298 937 2341 defendere

53 2355 223 2401 studuit
252 2354 287 2398 I.
317 2353 395 2398 Fr.
430 2353 637 2397 Gronov.
677 2354 936 2398 Observatt.

53 2415 97 2468 3,
131 2414 173 2456 4.
215 2411 260 2470 p.
297 2411 396 2454 458.
445 2413 509 2469 [p.
547 2410 648 2454 226.
692 2411 936 2467 Frotsch.]‚

52 2472 126 2530 qui
148 2471 410 2512 libertatem
433 2469 479 2511 in
501 2467 606 2510 vitio
629 2468 818 2526 positam
844 2485 936 2511 esse

54 2529 245 2588 probare
286 2525 384 2570 vult
425 2541 472 2568 ex
511 2524 660 2569 Cicer.
699 2541 781 2582 pro
811 2525 932 2568 Coel.

54 2603 96 2630 c.
121 2586 187 2628 18.
211 2597 407 2640 quorum
431 2585 606 2635 partim
630 2583 777 2624 nimia
798 2583 934 2624 liber-

54 2653 129 2687 tas
158 2643 208 2685 in
241 2642 579 2694 adolescentia,
617 2642 794 2694 partim
815 2654 933 2693 pro-

50 2705 193 2745 erosa
233 2701 466 2751 luxuries,
519 2698 593 2739 ubi
635 2698 780 2738 nimia
824 2698 931 2740 vitio

51 2759 260 2812 vertitur,
307 2769 401 2798 non
443 2756 537 2812 ipsa
581 2755 800 2808 libertas,
849 2770 933 2798 nec

52 2815 294 2873 quidquam
318 2813 512 2856 eflicitur
535 2812 644 2854 locis
667 2811 805 2855 Ovid.
835 2812 933 2854 Me-

49 2882 158 2921 lam·
182 2875 220 2921 l,
242 2872 343 2915 757.
402 2871 581 2913 Terent.
606 2869 810 2914 Eunuch.
830 2869 871 2920 3,
894 2872 932 2916 l,

51 2931 122 2974 40.
133 2927 356 2973 Gronovii
368 2937 513 2972 tamen
526 2935 670 2985 partes
685 2942 789 2984 sequ
797 2943 820 2968 u
830 2936 933 2969 ntur

52 2984 240 3035 Seebod.
266 2985 440 3029 Dronk.
470 2985 641 3028 Osann,
659 2983 932 3026 Oreitflau-

52 3040 932 3100 ehenst'e‘in.[liupert.],itemqueSchnei-

53 3102 172 3151 deta,
211 3099 286 3157 qui
318 3099 571 3142 Observatt.
610 3117 653 3156 p.
687 3099 753 3141 12.
790 3099 931 3140 lasci·

56 3159 180 3201 viam
227 3166 272 3199 et
315 3159 574 3199 libertatem
620 3156 790 3199 dictum
839 3171 931 3198 esse

54 3215 284 3260 contendit
314 3229 396 3271 pro
429 3214 592 3257 lasciva
623 3213 823 3256 libertate
856 3220 932 3255 aut

54 3272 257 3316 lasciviae
289 3272 502 3314 libertate.
566 3269 655 3312 Alii
679 3270 762 3313 alia
787 3278 928 3314 tenta-

54 3339 175 3373 runt.
236 3326 573 3372 Schurzsseisch.
599 3327 778 3370 volebat
800 3328 931 3370 licen·

57 3389 147 3428 tiae
194 3403 240 3429 re
276 3401 448 3436 onere;
528 3384 824 3444 Oudendorp.
878 3383 932 3426 ad

43 3445 181 3486 ²Suet.
206 3444 242 3486 C
262 3443 358 3485 aud.
387 3459 426 3484 c.
450 3442 518 3484 38.
551 3443 738 3484 malebat
767 3446 931 3496 loqua-

58 3501 217 3551 citati3·
252 3502 428 3556 ffipont.
460 3499 651 3554 denique
682 3498 932 3552 dfmcitati,

89 3559 177 3599 uod
206 3557 381 3599 :sc-hutz.
406 3557 611 3599 Oberlin.
645 3557 866 3607 [Belzker.
895 3564 936 3596 et

44 3572 358 3666 -aoetticherq
417 3623 733 3671 reposuerunt.
834 3611 937 3655 Non

1022 1040 1161 1090 male,
1192 1041 1226 1083 si
1251 1048 1433 1083 auctore
1459 1038 1618 1094 Quint.
1639 1039 1747 1082 Inst.
1770 1055 1839 1082 or.
1862 1039 1903 1091 6,

1019 1099 1058 1151 3,
1080 1100 1149 1143 21¹.
1177 1098 1455 1142 dicacitatem
1481 1096 1771 1155 intelligimus
1805 1113 1905 1140 ser-

1020 1172 1204 1198 monem
1245 1172 1346 1199 cum
1386 1155 1478 1196 risu
1518 1152 1628 1196 alios
1672 1153 1903 1197 incessen-

1019 1222 1135 1268 tem,
1188 1222 1230 1255 et
1263 1211 1423 1256 Siculis
1459 1211 1568 1254 vitio
1606 1211 1699 1254 dari
1733 1211 1902 1269 cogita-

1019 1288 1143 1319 mus,
1178 1270 1297 1326 quod
1333 1269 1494 1311 lascivi
1521 1274 1565 1308 et
1592 1270 1769 1310 dicaces
1797 1268 1903 1312 sint.

1018 1328 1130 1370 Vide
1161 1329 1319 1384 Quint.
1358 1326 1448 1369 l.·l.
1473 1326 1513 1376 6,
1539 1325 1580 1373 3,
1600 1327 1669 1367 41.
1729 1326 1814 1368 Sed
1847 1343 1903 1368 ne

1015 1386 1291 1429 dicacitatem
1325 1383 1504 1441 quidem
1543 1392 1717 1426 veteres
1756 1399 1902 1440 repre-

1013 1443 1292 1490 hendebant,
1355 1439 1602 1483 dummodo
1652 1457 1744 1482 uon
1789 1450 1901 1483 esset

1014 1500 1193 1542 sordida
1236 1516 1288 1543 ac
1328 1497 1544 1542 scurrilis.
1615 1497 1676 1541 cs.
1713 1496 1810 1541 Cic.
1843 1499 1898 1540 de

1014 1567 1122 1600 orat.
1151 1559 1192 1609 Ξ,
1216 1558 1284 1600 54.

1068 1642 1250 1695 inrepit.
1309 1641 1425 1685 Edd.
1443 1641 1546 1684 Pui.
1567 1639 1667 1683 Riv.
1692 1639 1898 1692 increpit-

1070 1726 1149 1766 καί
1182 1725 1413 1782 alienlque
1457 1732 1735 1766 contemtus.
1821 1721 1897 1766 Sic

1014 1782 1147 1825 MSS.
1180 1782 1314 1826 Fam.
1352 1792 1395 1825 et
1427 1782 1589 1838 Neap.,
1645 1781 1724 1823 nisi
1805 1778 1898 1822 uod

1011 1847 1299 1893 contemptus
1323 1839 1385 1882 ibi
1409 1841 1626 1896 scriptum
1650 1847 1729 1881 est.
1805 1837 1895 1880 'dd-

1010 1897 1129 1954 Spir.
1175 1897 1274 1940 Put.
1312 1897 1412 1941 Riv.
1455 1898 1533 1940 sui
1780 1908 1893 1938 con-

1009 1963 1161 1997 tentus
1174 1972 1190 2006 ,-
1219 1955 1286 1996 ed.
1304 1955 1406 1998 Ber.
1428 1957 1508 1996 sui
1576 1976 1578 1979 ⁴
1733 1967 1892 2005 comp-

1008 2019 1189 2064 tentus;
1236 2012 1337 2055 edd.
1373 2010 1477 2056 Alc.
1508 2010 1657 2062 Rhea.
1688 2009 1790 2054 Ald.
1822 2011 1902 2052 sui

1273 2077 1579 2123 contemptus.
1668 2069 1892 2115 Lacunam

1010 2127 1182 2184 egregie
1199 2127 1368 2169 codicis
1383 2143 1467 2184 ope
1482 2126 1746 2182 completam
1763 2125 1893 2167 redu·

1008 2192 1168 2225 xerunt
1191 2183 1369 2226 Dronk.
1395 2193 1437 2230 et
1461 2183 1632 2226 Osann.
1663 2184 1756 2225 sine
1789 2182 1889 2223 ido-

1008 2257 1090 2284 nea
1116 2257 1271 2293 causa;
1311 2257 1414 2283 nam
1443 2256 1574 2298 quam
1602 2241 1893 2282 Heumannus

1005 2299 1142 2342 movit
1167 2298 1472 2341 difficultatem
1503 2299 1547 2339 in
1576 2314 1659 2339 usu
1685 2295 1892 2338 vocabuli

1007 2357 1179 2405 wlfeni,
1233 2371 1314 2412 pro
1357 2371 1448 2412 quo
1489 2357 1692 2396 aliorum
1740 2354 1891 2396 corri-

1009 2414 1207 2470 gendum
1241 2423 1331 2454 esse
1359 2419 1532 2461 censet,
1574 2427 1622 2453 ea
1655 2410 1775 2453 nulla
1809 2419 1890 2453 est.

1007 2472 1079 2513 Cf.
1105 2470 1282 2512 Sallust.
1307 2469 1403 2511 Cat.
1434 2485 1472 2512 c.
1495 2469 1535 2510 5.
1569 2470 1712 2510 alieni
1742 2482 1889 2522 appe-

1004 2537 1137 2574 tens,
1168 2526 1498 2580 suiprofiasuS.
1528 2527 1719 2577 Alieni,
1748 2524 1890 2571 Oceli.

1002 2586 1160 2643 inquit,
1183 2582 1499 2640 complectitur
1521 2581 1713 2626 aliorum
1730 2591 1771 2625 et
1792 2599 1890 2641 per·

1001 2659 1133 2700 sonas
1155 2651 1196 2685 et
1216 2657 1300 2686 res.

1058 2727 1153 2767 iam
1178 2739 1299 2765 vero,
1363 2723 1464 2766 MS.
1483 2723 1622 2781 Neap.
1643 2723 1744 2766 edd.
1769 2724 1886 2780 Lips.

1004 2791 1046 2824 et
1074 2798 1170 2840 sqq.
1205 2782 1262 2823 ita
1285 2780 1498 2824 'exhibent
1528 2796 1611 2838 pro
1635 2781 1886 2838 corruptela

1003 2841 1283 2898 antiquarum
1305 2839 1414 2880 edd.
1441 2842 1542 2881 [deo
1573 2851 1708 2885 vero,
1750 2853 1882 2895 quam

1003 2898 1122 2939 solus
1157 2896 1329 2939 Osann.
1373 2897 1588 2938 reducere
1628 2907 1758 2938 ausus
1791 2903 1881 2938 test.

1002 2954 1146 2996 Paulo
1179 2961 1278 3011 post.
1312 2952 1584 3009 Freinshem.
1613 2953 1665 2995 ad
1691 2951 1811 2995 Flor.
1841 2952 1881 3008 3,

1009 3013 1167 3061 1210.
1207 3019 1306 3067 post
1348 3011 1454 3052 vitia
1500 3025 1711 3067 pronom.
1756 3011 1884 3054 relat.

1003 3085 1120 3125 quae
1144 3069 1304 3111 addere
1329 3067 1532 3117 malebat,
1556 3082 1647 3126 quo
1664 3083 1756 3110 non
1772 3083 1885 3125 opus

1002 3135 1066 3170 est

1059 3208 1351 3252 histrionalis
1381 3205 1545 3264 favor.
1634 3208 1720 3250 Ed.
1767 3207 1884 3265 Spir.

1001 3267 1283 3312 historialis,
1316 3271 1362 3307 ut
1388 3271 1484 3323 cap.
1509 3267 1578 3308 26.
1641 3265 1770 3319 Quae
1795 3266 1884 3307 sint

1002 3326 1157 3367 studia
1189 3324 1220 3364 l.
1244 3323 1317 3365 Fr.
1342 3321 1546 3366 Gronov.
1578 3323 1684 3365 dixit
1719 3322 1763 3364 in
1790 3323 1883 3366 Ob·

1003 3388 1183 3424 servati.
1206 3379 1248 3433 4,
1277 3377 1346 3430 19.·Ι
1381 3396 1424 3436 p.
1453 3379 1550 3422 308.
1587 3382 1646 3437 [p.
1675 3381 1759 3422 492
1811 3381 1882 3422 ed.

1003 3436 1250 3491 Frotsch.].
1308 3435 1605 3496 Cogitandum
1632 3447 1694 3480 est
1715 3437 1770 3479 de
1790 3453 1884 3494 spe·

1006 3503 1234 3538 ctatorum‘
1251 3493 1519 3538 factionibus
1547 3493 1677 3537 alicui
1704 3496 1884 3550 auriga·-

1006 3567 1107 3594 rum
1129 3551 1312 3595 factioni
1337 3551 1609 3602 faventibus,
1647 3554 1700 3595 de
1755 3553 1884 3595 uibus

1009 3608 1228 3655 videndus
1292 3617 1356 3672 est
1418 3607 1658 3666 Boettiger.
1724 3567 1886 3652 {abina
