2150 4022
237 254 365 317 sao
723 249 868 310 DE
921 235 1611 346 ORATpfflBUs*

236 385 491 450 invicem
530 400 591 441 se
628 382 1137 452 obtrectaverunt,
1192 393 1261 442 et
1285 385 1656 462 suntaliqua
1693 385 1956 462 epistolis
1979 403 2084 457 qo-

235 492 372 530 rum
393 469 638 537 inserta,
683 488 752 524 ex
775 466 992 543 quibus
1014 478 1219 526 mutua
1241 470 1577 543 malignitas
1601 472 1926 546 detegitur,
1957 488 2083 531 uon

236 568 323 615 est
362 563 667 612 oratorum
707 551 949 622 vitium,
1007 554 1107 610 sed
1149 549 1482 631 hominum.
1566 577 1706 613 nam
1746 568 1806 615 et
1831 555 2084 624 Calvum

236 654 294 700 et
317 638 597 698 Asinium
623 648 680 694 et
705 638 899 714 ipsum
924 635 1276 702 Ciceronem
1304 640 1485 697 credo
1505 642 1708 700 solitos
1734 652 1791 699 et
1814 641 2085 709 invidere

169 731 172 733 ’
236 737 293 785 et
317 726 502 782 livere
530 734 586 780 et
615 723 818 781 ceteris
840 718 1135 780 humanae
1160 724 1516 783 infirmitatis
1542 722 1702 786 vitiis
1731 726 1930 793 adfici:
1985 747 2083 795 so·-

231 813 358 869 lum
392 811 549 868 inter
570 804 680 865 hos
702 808 964 866 'arbitror
987 807 1242 867 Brutum
1281 830 1407 867 non
1442 811 1806 886 malignitate
1843 832 1952 869 nec
1986 813 2083 869 in-

231 897 425 965 vidia,
474 896 573 952 sed
599 894 945 969 simpliciter
971 906 1028 951 et
1051 895 1304 969 ingenue
1328 895 1617 952 iudicium
1643 897 1828 953 animi
1854 898 1945 955 sui
1977 899 2082 954 de-

230 983 457 1042 texisse.
544 1000 627 1037 an
650 980 750 1036 ille
773 976 1052 1036 Ciceroni
1077 980 1400 1051 invideret,
1443 982 1549 1057 qui
1570 979 1721 1039 mihi
1746 982 1981 1040 videtur
2005 1002 2082 1040 ne

229 1067 467 1128 Caesari
498 1064 739 1144 quidem
770 1065 1094 1122 invidisse?
1177 1064 1357 1138 Quod
1387 1068 1460 1122 ad
1488 1066 1615 1127 Ser.
1643 1065 1897 1125 Galbam
1933 1079 1991 1125 et
2011 1066 2080 1128 C.

229 1153 502 1213 Laelium
554 1151 810 1220 adtinet,
873 1162 928 1207 et
968 1151 1016 1207 si
1062 1171 1210 1227 quos
1248 1152 1395 1209 alios
1438 1152 1818 1230 antiquorum
1864 1153 2080 1227 agitare

158 1246 162 1253 '
230 1260 356 1298 non
383 1236 628 1308 destitit3
686 1255 811 1293 non
840 1236 1020 1310 exigit
1046 1237 1444 1307 defensorem,
1470 1258 1622 1303 *cum
1646 1239 1859 1315 fatear,
1902 1258 2082 1316 quae-

227 1327 365 1383 dam
416 1322 786 1399 eloquentiae
834 1342 1069 1392 eorum,
1126 1333 1193 1380 ut
1237 1323 1502 1380 nascenti
1544 1319 1738 1382 adhuc
1788 1343 1895 1381 nec
1943 1323 2082 1385 satis

229 1411 499 1480 adultae,
538 1409 812 1465 defuisse.

224 1575 372 1623 maen.
406 1574 510 1621 ΑΜ.
542 1589 640 1633 sqq.
683 1597 735 1606 -
785 1574 1115 1628 cogitationem
1193 1571 1412 1629 scriptum
1435 1581 1518 1618 est.
1547 1601 1606 1611 -
1663 1573 1746 1618 Ed.
1770 1573 1892 1632 Spir.
1911 1591 1978 1618 nn
2001 1575 2081 1617 ille

224 1635 328 1680 MS.
354 1633 492 1692 Neap.
524 1632 624 1676 edd.
648 1631 764 1690 Spir.
795 1631 898 1674 Put.
933 1639 976 1673 et
1001 1631 1121 1679 Risu,
1189 1631 1418 1674 invideret
1451 1631 1677 1675 Ciceroni.
1723 1655 1779 1665 -
1837 1630 1951 1675 Edd.
1977 1631 2082 1676 Put.

261 1708 341 1737 uae
370 1705 630 1746 agnoscas,
679 1706 771 1732 non
797 1692 1029 1745 fatearis,
1072 1695 1119 1730 ut
1191 1704 1286 1745 sqq.
1313 1704 1377 1731 an
1399 1690 1625 1733 invideret
1640 1690 1859 1733 Ciceroni.
1922 1688 2080 1731 Libros

222 1748 626 1796 Schtirzsseischius
688 1747 822 1791 tradit
847 1780 858 1798 ,
943 1746 1117 1791 adiecit.
1192 1763 1325 1789 manu
1360 1746 1552 1804 scriptos
1575 1764 1621 1791 se
1654 1746 1754 1791 *unii
1775 1754 1879 1790 sunt
1903 1745 2079 1791 Dronk-

225 1806 571 1855 Schurzsseisch.
616 1806 959 1859 cogitationum
1010 1820 1116 1848 cor-
1191 1803 1362 1851 Osann.
1411 1804 1552 1850 Orell.
1604 1809 1623 1860 [
1664 1803 1815 1850 ekker·
1862 1803 2080 1849 Boeuich.

224 1867 358 1918 rexit,
401 1864 503 1924 quia
526 1881 659 1923 supra
687 1871 844 1905 auctor
872 1863 1120 1915 magnitu-
1192 1861 1413 1921 Rupert.].

223 1927 380 1968 dt’nem
435 1924 772 1976 cogitationum
825 1920 872 1963 in
930 1920 1118 1964 Caesare

223 1981 415 2027 laudavit
434 1996 460 2032 ·,.-
486 1981 530 2022 in
558 1981 744 2023 eandem
773 1979 892 2022 coni.
922 1975 1117 2020 Dronkii

221 2039 381 2086 incidit
402 2054 613 2082 acumen.

281 2131 406 2168 sunt.
439 2122 517 2168 Sic
528 2120 664 2166 MSS.
685 2121 820 2177 Neap.
838 2121 1013 2175 [Fara]
1033 2119 1116 2162 Va·

221 2184 327 2227 tice.
340 2181 442 2225 edd.
454 2177 1114 2224 Brot.Dronk.Osann.Orell.

223 2245 288 2294 [et
311 2238 693 2291 recentissimae];
726 2235 797 2279 ed.
813 2236 929 2294 Spir.
956 2251 1111 2290 super,

222 2298 347 2342 unde
381 2314 404 2341 a
439 2294 693 2339 Puteolano
728 2295 1013 2337 emendatum
1051 2301 1116 2337 est

221 2362 469 2411 supersunt
493 2363 535 2398 et
563 2354 608 2396 in
632 2352 825 2410 reliquas
852 2352 952 2395 edd.
979 2360 1118 2395 traus-

1254 1965 1304 2007 C.
1347 1963 1576 2007 Laelium.
1657 1964 1792 2010 MSS.
1834 1963 1973 2024 Neap.
2017 1969 2082 2019 [et

1193 2023 1347 2077 Farn.]
1382 2021 1605 2064 Caelium.
1635 2044 1687 2055 —·
1750 2021 1851 2066 edd.
1889 2033 1994 2068 vett.
2028 2023 2080 2067 C.

1190 2079 1392 2121 Lelium.
1455 2078 1569 2122 Satis
1602 2077 1784 2122 infirmo
1810 2089 2079 2138 argumento

1189 2135 1532 2180 Sehurzneiseh.
1558 2135 1729 2194 colligit
1755 2136 1892 2182 mulla
1913 2139 1958 2182 in
1983 2138 2079 2182 dia-

1187 2194 1292 2251 logo
1317 2195 1542 2238 excidisse.
1602 2193 1762 2238 Nisibi
1790 2194 1979 2246 lateant„
2009 2197 2077 2239 in·

1187 2254 1308 2309 quit,
1353 2252 1620 2309 incorrupto
1648 2268 1691 2296 c.
1715 2254 1788 2296 21.
1818 2252 1949 2305 loco,-
1993 2269 2080 2296 ne.-

1192 2308 1316 2364 scio,
1367 2309 1443 2351 ubi
1474 2309 1598 2367 Aper
1631 2325 1708 2352 eos
1739 2310 1995 2361 incesserit.
2035 2320 2080 2355 et

1189 2377 1348 2411 veru'm
1383 2367 1495 2410 adeo
1529 2382 1630 2410 esse·
1657 2364 1826 2416 fateor,
1867 2369 2079 2414 excidisse

222 2416 382 2461 latum.
422 2441 479 2449 —
539 2413 591 2455 ln
623 2427 719 2469 sqq.
744 2409 922 2454 Acidal.
952 2419 1027 2454 aut
1056 2425 1118 2452 ex

224 2471 468 2516 delendum
511 2478 587 2515 aut
629 2470 748 2512 aliud
797 2468 985 2512 verbum
1032 2483 1116 2524 pro

221 2530 459 2584 detegitur
502 2527 761 2587 ponendum
796 2543 889 2570 esse
922 2535 1115 2569 conten-

222 2589 312 2641 diu
354 2585 680 2645 obtemperavit
703 2583 1045 2628 Schurzsseisch.
1075 2590 1116 2625 et

223 2646 512 2699 intellegitur
559 2642 630 2691 vel
683 2644 959 2697 intelligitur
1008 2658 1116 2685 cor-

221 2705 347 2748 rexit.

281 2791 490 2834 invidere
521 2793 567 2830 et
596 2785 757 2827 livere.
828 2784 876 2826 ln
912 2797 1115 2851 synony—

222 2863 404 2893 morum
425 2842 750 2889 coniunctione
774 2840 1024 2898 Schulung.
1050 2839 1114 2883 of·

222 2907 377 2950 sensus
397 2904 470 2949 vel
495 2904 693 2944 irridere
719 2909 764 2943 et
788 2901 937 2942 livere
961 2900 1031 2943 vel
1057 2900 1111 2940 il—

222 2967 383 3007 ludere
429 2970 474 3003 et
524 2961 669 3001 livere
720 2957 960 3001 emendare
1007 2956 1116 3008 vult,

223 3022 299 3067 sed
326 3019 426 3078 quis
453 3035 543 3060 non
568 3016 653 3059 sert
676 3014 810 3058 talem
834 3013 1116 3059 coniunctio·

224 3095 329 3124 nem
356 3077 404 3121 in
433 3075 523 3119 hoc
546 3074 799 3131 scriptore?

283 3163 506 3207 Brutum.
569 3157 652 3200 Ed.
678 3156 796 3216 Spir.
824 3159 957 3211 αἰνῦ,
993 3157 1116 3217 quod

223 3223 273 3267 in
308 3219 411 3264 MS.
441 3217 581 3275 Neap.
616 3218 912 3273 quoqueest.
988 3216 1115 3260 ldem

225 3279 367 3324 codex
388 3275 522 3335 paulo
546 3283 647 3333 p00t
670 3276 915 3317 decessisse
936 3291 1020 3334 pro
1038 3278 1116 3317 de·

222 3339 410 3382 texisse.

280 3435 345 3463 an
375 3421 452 3462 itte
486 3416 699 3461 Ciceroni
727 3415 973 3460 invideret.
1040 3416 1116 3462 Sic

221 3477 360 3522 MSS.
388 3477 523 3533 Neap.
563 3475 740 3527 [Fam]
781 3473 953 3517 Valice.
989 3474 1113 3518 1862.

222 3545 265 3580 et
288 3533 418 3579 4498.
435 3568 445 3586 ,
481 3548 626 3590 neque
651 3532 707 3574 ila
731 3531 922 3574 multum
950 3533 1112 3576 discre-

224 3602 300 3656 pat
335 3593 437 3639 vat.
479 3591 629 3639 1518„
680 3589 726 3633 in
771 3604 862 3648 quo
909 3591 1112 3633 inuidere

1186 2423 1326 2467 multa
1351 2438 1399 2468 ex
1420 2424 1507 2467 hoc
1531 2423 1728 2480 dialogo.
1787 2426 1876 2471 Sed
1910 2426 1960 2471 in
1989 2444 2076 2470 ser·

1189 2498 1322 2525 mone
1363 2480 1570 2525 familiari
1614 2481 1744 2526 facile
1782 2484 1882 2542 quis
1930 2485 2076 2543 negli-

1183 2539 1364 2598 gentior
1399 2549 1492 2588 est,
1545 2555 1628 2583 nec
1658 2551 1865 2585 accurate
1901 2542 2079 2602 repetit,

1185 2613 1300 2655 quae
1322 2598 1376 2642 ab
1401 2597 1498 2640 aliis
1519 2595 1710 2655 exposita
1729 2609 1850 2643 sunt.

1246 2699 1434 2742 destitit.
1494 2697 1571 2741 Sic
1603 2695 1704 2742 edd.
1734 2699 1853 2758 Spir.
1885 2700 2006 2755 Lips.
2034 2712 2078 2748 et

1188 2772 1347 2814 sqq.-
1362 2754 1471 2799 Edd.
1487 2755 1588 2797 Put.
1602 2754 1702 2800 Ber.
1716 2756 2078 2805 stimme-Rhea.

1189 2814 1299 2859 Ald.
1341 2814 1541 2867 desistit,
1595 2813 1716 2871 quod
1757 2815 1988 2861 Brolerius
2036 2829 2079 2862 et

1188 2869 1368 2916 Dronk.
1392 2882 1689 2924 revocarunt,
1719 2873 1823 2916 ilem
1847 2874 2078 2920 Rauchen·

1186 2930 1317 2974 stein.
1343 2929 1574 2985 probavit,
1615 2932 1719 2988 quia
1743 2932 1879 2975 semel
1905 2942 2076 2977 tantum

1188 2987 1390 3032 Laelium
1418 2994 1459 3028 et
1483 2984 1673 3030 Galbam
1701 2988 1949 3033 incesserit.
2011 2990 2080 3034 Sit

1190 3045 1279 3089 hoc
1300 3043 1600 3098 verissimum,
1643 3061 1666 3088 a
1702 3053 1797 3090 tum
1823 3056 1969 3091 lamen
2006 3049 2075 3092 ni-

1189 3099 1435 3145 hilominus
1457 3101 1578 3158 quod
1606 3118 1665 3148 vu
1687 3120 1742 3163 go
1764 3104 1976 3149 scribitur
1997 3110 2078 3151 de-

1187 3161 1323 3203 stitit.
1700 3172 1707 3178 ”

1245 3242 1407 3298 exigit.
1491 3241 1746 3289 Heumann.
1789 3244 1878 3289 hoc
1919 3246 2077 3292 durius

1190 3301 1359 3345 dictum
1395 3301 1569 3358 putavit
1603 3309 1647 3344 et
1683 3317 1822 3354 exigo
1856 3306 2081 3360 corr-exim

1190 3374 1280 3416 quo
1320 3374 1413 3401 non
1461 3374 1576 3417 opus
1626 3376 1720 3404 esse
1759 3361 1876 3404 bene
1922 3361 2079 3407 docuit

1187 3415 1438 3459 Schulzius.

1188 3474 1382 3529 exigunt
1397 3491 1409 3523 ;

1186 3540 1286 3591 post
1297 3533 1472 3573 destitit
1487 3531 1549 3574 vel
1568 3533 1711 3584 exigit
1723 3526 2007 3590 suspicatur]
2023 3560 2076 3571 -

1185 3590 1287 3635 MS.
1312 3589 1449 3649 Ncap.
1476 3591 1638 3632 adulte
1663 3607 1744 3649 pro
1770 3593 1982 3638 adultae.

1527 3416 1856 3466 [Boetlicherus
1905 3420 2080 3465 max-uh

1479 3474 1719 3530 Rupertius
1767 3477 1816 3517 id
1863 3476 2077 3521 excidisse
