2150 4022
236 287 362 348 270
744 283 869 345 DE
915 260 1601 365 -o‘RATomssus

236 415 631 476 rensi·lahore
672 415 980 487 constitui,
1043 432 1152 475 nec
1193 419 1501 479 comitatus
1539 420 1683 478 istos
1718 430 1776 478 et
1817 421 2080 495 egressus

234 515 339 561 aut
382 499 772 577 frequentiam
820 502 1238 560 salutationum
1286 505 1659 581 concupisco:
1727 522 1852 562 non
1895 506 2082 582 magis

236 607 412 666 quam
449 606 581 642 aera
618 596 676 642 et
714 585 1028 660 imagineS‚
1079 608 1228 664 quae
1262 588 1438 645 etiam
1472 610 1566 646 me
1602 590 1841 687 nolente
1879 591 1945 647 in
1971 593 2080 648 do-

235 692 399 729 mum
439 691 628 726 meam
659 672 1030 745 inruperunt.
1117 690 1256 728 nam
1297 684 1510 730 statum
1546 671 1850 752 hucusque
1891 697 1956 733 ac
1989 696 2079 732 se-

237 757 543 814 curitatem
570 756 781 812 melius
805 754 1144 814 innocentia
1168 769 1338 814 tueor
1363 779 1538 835 quam
1565 760 1915 837 eloquentia.
1970 773 2079 817 nec

230 862 443 913 vereor
467 861 542 897 ne
568 837 718 897 mihi
744 862 1008 918 unquam
1032 843 1212 899 verba
1234 843 1300 899 in
1326 855 1533 902 senatu
1554 841 1672 901 nisi
1695 865 1804 921 pro
1839 844 2080 904 alterius

235 927 574 984 discrimine
600 926 864 983 facienda
894 928 1029 987 sint.

230 1135 233 1137 Δ
325 1071 327 1073 ’
402 1061 540 1124 XII.
580 1061 836 1122 Nemora
862 1086 1001 1123 vero
1031 1077 1089 1123 et
1110 1066 1230 1122 luci
1256 1078 1311 1124 et
1339 1075 1623 1143 secretum
1649 1065 1842 1141 ipsum
1855 1083 1885 1137 ,“
1914 1068 2078 1144 quod

233 1146 398 1227 Aper
423 1149 790 1226 increpabat,
844 1161 1068 1208 tantam
1097 1146 1249 1208 mihi
1275 1152 1548 1209 adferunt
1571 1151 1936 1228 voluptatem
1953 1197 1971 1222 ,
2013 1163 2081 1209 ut

228 1376 282 1423 in
312 1374 468 1419 locum
501 1365 678 1415 Dronk.
712 1386 811 1429 sqq.
847 1380 1120 1415 revocarunt

231 1433 461 1489 antiquam
504 1429 772 1487 scripturam
798 1461 810 1477 ,
872 1429 955 1472 nisi
997 1429 1119 1487 quod

233 1487 374 1534 orell.
401 1486 609 1545 [Bekker.
625 1485 898 1530 Boetticher.
915 1486 1121 1543 Rupert.]

231 1555 468 1592 servarunt
499 1549 621 1596 iam,
669 1543 792 1601 quod
827 1538 903 1587 ille
935 1544 983 1587 in
1013 1544 1118 1588 eod.

232 1606 370 1650 Farn.
396 1619 489 1647 esse
513 1601 796 1660 opinabatur.

227 1701 229 1704 ⁴
267 1689 541 1733 vcomitatus
561 1685 673 1730 is‘tos
693 1694 738 1728 et
763 1699 984 1740 egressus.
1034 1682 1121 1727 Ed.

230 1747 504 1792 Pithoeanae
567 1743 776 1803 repetitio
835 1742 1120 1798 Heidelberg.

230 1823 273 1852 a.
298 1803 425 1848 1593.
452 1810 498 1846 et
520 1815 735 1858 gressus,
774 1816 1005 1859 perperam
1032 1802 1122 1858 igi-

231 1871 308 1908 tur
339 1860 518 1906 Dronk.
553 1859 809 1903 Sehulzium
845 1859 1010 1901 erroris
1045 1876 1119 1901 ar-

224 1919 343 1981 guit.
410 1919 525 1963 Satis
554 1919 667 1960 bene
699 1932 743 1958 se
775 1916 938 1958 habent
967 1917 1120 1960 verba.

231 1978 293 2022 cf.
340 1995 380 2021 c.
422 1977 464 2019 6.
512 1977 760 2017 comitatus
804 1981 848 2015 et
894 1988 1122 2026 egressus,

231 2037 323 2081 An.
347 2037 414 2083 11,
441 2035 510 2077 12.
537 2035 684 2073 multo
709 2032 936 2074 comitatu
967 2035 1118 2074 venti-

227 2102 337 2138 tare
375 2096 594 2144 domum,
644 2089 898 2142 egressibus
938 2090 1118 2130 adhae-

230 2164 428 2194 rescere.
485 2148 675 2190 Temere
705 2145 896 2188 correxit
924 2145 1121 2188 Schurz-

230 2207 719 2260 sseisehiuscomitatus
736 2204 848 2246 istos
864 2217 1120 2257 expressos,

228 2281 353 2326 „per
375 2280 488 2322 quos
516 2278 591 2306 eos
612 2260 791 2304 Tacitus
818 2261 988 2311 innuit,
1016 2262 1121 2317 qui—

230 2324 315 2367 hus
342 2322 436 2366 sine
466 2319 645 2380 patroni
675 2318 840 2362 offensa
872 2334 966 2360 non
996 2327 1121 2377 pote-

228 2387 333 2425 rant
354 2379 535 2434 clientes
559 2376 862 2434 supersedere.
876 2375 905 2392 ’⁵

290 2494 430 2538 quam
456 2493 570 2521 aera
602 2483 646 2519 et
672 2476 916 2528 imagines.
974 2475 1115 2520 Intel—

225 2540 320 2599 lige
344 2546 509 2581 statuas
533 2549 687 2577 aeneas
718 2541 760 2576 et
776 2549 932 2576 'aereas
954 2532 1119 2591 imagi-

225 2614 336 2648 ·nes,
379 2608 492 2653 quae
524 2592 568 2635 in
607 2600 901 2649 patronorum
939 2592 1120 2635 aedibus

229 2655 340 2715 poni
400 2650 622 2696 solebant.
709 2649 893 2692 Frustra
945 2649 1119 2693 Acidal.

227 2728 353 2758 corr.
382 2723 526 2767 quam
553 2708 636 2749 illa
659 2719 800 2760 aera,
833 2705 1001 2750 frustra
1024 2705 1118 2750 Cu-

229 2771 373 2814 iaetus
411 2780 554 2823 quam
587 2777 719 2807 ceras
761 2770 806 2806 et
847 2765 1021 2819 imag„
1071 2772 1122 2808 ut

228 2829 298 2873 ius
310 2826 556 2881 imaginum
571 2821 892 2879 designaretur.
908 2847 956 2855 —
977 2823 1120 2865 Antea

230 2900 317 2944 pro
388 2880 733 2934 salutationum
797 2878 1002 2922 Schelius
1077 2886 1122 2922 et

231 2936 572 2986 Schurzsseisch.
624 2934 848 2979 malebant
900 2940 1116 2979 salutan-

231 3001 376 3046 tium,
417 2995 493 3039 sed
518 2994 578 3038 cf.
605 3009 643 3037 e.
669 2993 737 3037 29.
760 2994 1018 3038 ambitione
1035 3008 1119 3037 sa-

231 3056 532 3101 tutationem.

293 3153 437 3195 etiam
472 3161 546 3190 me
580 3150 784 3189 nolente.
853 3146 967 3190 Edd.
996 3146 1117 3191 anti-

231 3226 367 3270 quae,
416 3203 553 3263 Lipsii
590 3204 763 3260 priores
804 3212 845 3246 et
879 3204 1119 3248 Pithoeana

232 3271 376 3313 etiam
402 3265 499 3306 iam
519 3277 595 3303 me
616 3263 714 3303 nol.
737 3261 971 3314 dederunt,
997 3262 1118 3319 quod

232 3322 430 3369 defendit
462 3317 856 3364 Schurzsseischius
885 3318 1117 3363 Ciceronis

230 3381 362 3432 locis,
386 3392 581 3437 quorum
601 3374 733 3417 lectio
753 3391 844 3416 non
866 3376 968 3418 satis
985 3376 1117 3419 stabi-

231 3439 308 3483 lita
341 3444 421 3480 est.
480 3431 655 3492 Lipsius
689 3431 781 3489 ipse
814 3431 859 3474 in
893 3442 1118 3490 postrema

230 3497 303 3540 ed.
327 3496 425 3537 iam
451 3490 638 3541 delevit,
677 3503 779 3530 eum
808 3490 982 3547 sequuti
1017 3499 1120 3534 sunt

231 3568 406 3596 omnes.
459 3574 516 3582 —
583 3547 675 3590 Pro
719 3546 1002 3602 inruperunt
1047 3547 1117 3591 ed.

230 3609 352 3674 §pin
378 3613 652 3665 eruperunt·

1248 1387 1363 1415 nam
1394 1379 1571 1416 statum
1602 1372 1831 1430 hucusque
1853 1389 1909 1416 ac
1929 1387 2079 1418 secur.

1192 1431 1360 1472 melius
1422 1431 1568 1472 innoc.
1627 1438 1776 1474 tueor.
1866 1431 2081 1490 Corrupti

1192 1497 1297 1531 sunt
1350 1486 1451 1530 libri
1502 1486 1698 1544 antiqui;
1758 1487 1894 1532 MSS.
1941 1487 2080 1547 Neap-

1191 1546 1366 1600 [Farn]
1385 1541 1551 1588 Vaticc.
1564 1553 1607 1588 et
1619 1544 1721 1589 edd.
1732 1545 1940 1603 antiquae
1955 1562 2080 1604 prae-

1190 1603 1301 1646 bent
1322 1618 1435 1644 nam
1459 1608 1639 1645 statum
1662 1603 1881 1660 cuiusque
1903 1607 1969 1645 ad
2001 1617 2081 1647 se·

1192 1675 1287 1703 cur.
1309 1660 1477 1701 melius
1496 1659 1596 1703 inn.
1620 1667 1653 1702 t.
1667 1693 1680 1711 ,
1712 1659 1760 1703 in
1781 1675 1868 1717 qua
1887 1658 2080 1704 lectione

1193 1733 1288 1760 non
1309 1716 1455 1760 solum
1480 1715 1693 1760 vitiosum
1717 1718 1787 1760 est'
1804 1714 1918 1761 illud
1948 1725 2084 1766 tueor

1191 1783 1373 1818 statum
1396 1777 1460 1816 ad
1481 1789 1596 1824 sec„
1642 1790 1802 1820 verum
1831 1775 1964 1819 etiam
1989 1775 2081 1833 ipsa

1192 1832 1407 1875 sententia
1429 1827 1646 1888 generalis
1669 1848 1761 1875 non
1783 1841 1883 1890 apta
1904 1831 1959 1883 ad
1980 1833 2082 1876 reli·

1194 1906 1332 1947 quum
1352 1889 1550 1932 Materni
1581 1905 1864 1943 sermonem,
1903 1905 1994 1948 quo
2026 1889 2082 1934 de

1193 1964 1239 1989 se
1281 1947 1379 1990 solo
1417 1962 1519 1988 eum
1555 1946 1707 1990 dicere
1738 1955 1875 2004 patet.
1942 1947 2080 1992 Recte

1192 2004 1327 2061 igitur
1353 2003 1530 2059 Lipsius
1558 2020 1654 2061 sqq.
1689 2004 1864 2049 Broter.
1896 2005 2080 2063 Bipom.

1195 2062 1354 2105 Oberl.
1411 2058 1590 2103 Schulz.
1649 2061 1842 2105 Seebod.
1900 2068 2079 2105 statum

1191 2122 1424 2174 hucusque
1452 2134 1507 2159 ac
1541 2121 1842 2161 securitatem
1873 2118 2081 2162 emenda·

1190 2184 1309 2226 runt,
1341 2191 1569 2232 perperam
1597 2185 1888 2220 recurrerunt
1901 2174 2079 2220 Dronk.

1191 2243 1234 2277 et
1270 2232 1444 2276 Osann.
1479 2231 1533 2274 ad
1572 2232 1742 2291 antiqq.
1777 2233 1885 2277 libb.
1924 2249 2080 2278 corru-

1192 2292 1356 2350 ptelam
1379 2298 1557 2333 statum
1578 2292 1808 2347 hucusque
1827 2294 1891 2333 ad
1909 2292 2080 2335 securi·

1191 2357 1365 2402 tatem,
1403 2363 1516 2405 quae
1548 2347 1730 2404 probari
1764 2364 1820 2392 ne
1855 2348 1932 2394 uit.
1987 2347 2081 2392 Alii

1190 2405 1274 2450 alia
1311 2411 1561 2455 tentarunt3
1613 2403 1788 2449 Acidal.
1867 2421 2080 2451 eumann.

1190 2461 1388 2506 Orellius
1430 2464 1494 2513 [et
1527 2461 1760 2520 Rupert.]:
1821 2478 1937 2506 nam
1974 2472 2078 2508 sta-

1188 2528 1289 2563 tum
1315 2519 1534 2574 cuiusque
1557 2535 1611 2562 ac
1644 2522 1942 2564 securitatem
1976 2537 2080 2566 me-

1191 2579 1286 2620 lius
1312 2577 1579 2620 innocentia
1605 2583 1787 2630 tuetur„·
1825 2578 2077 2638 Schulting.

1192 2645 1235 2678 et
1256 2633 1485 2678 schelius:
1528 2649 1572 2678 n.
1605 2643 1785 2677 statum
1815 2650 1992 2692 quoque
2023 2652 2080 2680 ac

1190 2708 1280 2735 sec.
1318 2708 1382 2736 m.
1415 2692 1444 2734 i.
1477 2699 1626 2734 tueor.
1694 2690 1746 2735 ln
1779 2693 1940 2751 quibus
1974 2693 2078 2737 edd.

1191 2749 1423 2793 Broterius
1442 2750 1663 2804 huiusque
1682 2747 1906 2794 invenerit
1928 2766 1998 2794 me
2021 2751 2077 2794 la·

1191 2815 1269 2850 tet.
1338 2805 1545 2864 [Bekker.
1585 2815 1629 2850 et
1659 2806 1878 2852 Boeuieh.
1915 2808 1963 2851 in
1995 2808 2075 2853 Li-

1191 2866 1341 2924 psiana
1373 2861 1689 2906 emendatione
1719 2879 1768 2907 ac
1805 2864 2081 2921 aimei-unc]

1191 2922 1264 2967 Ad
1317 2921 1580 2964 sententiam
1632 2919 1695 2965 cf.
1740 2921 1861 2965 Pin.
1909 2922 2078 2980 Paneg-

1191 2996 1231 3023 c.
1252 2979 1320 3029 49,
1344 2977 1386 3020 3.
1421 2980 1580 3033 ecquid
1608 2994 1720 3032 ergo
1745 2981 1964 3023 discimus
1988 2995 2075 3023 ex-

1184 3037 1472 3092 perimento,
1493 3035 1788 3090 fidissimam
1813 3052 1910 3081 esse
1930 3046 2077 3082 custo·

1191 3096 1318 3137 diam
1337 3094 1561 3148 principis
1584 3095 1729 3147 ipsius
1745 3096 2075 3139 innocentiam.

1246 3205 1341 3247 nisi
1354 3219 1460 3259 pra.
1520 3205 1618 3248 nisi
1635 3222 1727 3250 om.
1745 3206 1844 3252 MS.
1859 3206 1998 3266 Neap.
2021 3230 2076 3242 —-

1189 3261 1283 3305 Pro
1317 3278 1432 3304 nam
1472 3270 1654 3306 statum
1685 3257 1943 3308 Heumann.
1980 3265 2076 3311 vult

1189 3322 1286 3364 iam
1329 3327 1527 3365 statum.

1248 3431 1358 3477 CAP.
1386 3433 1455 3476 12.
1513 3433 1720 3475 Nemora
1753 3445 1860 3474 vero
1891 3438 1937 3474 ct
1971 3427 2075 3476 luci.

1191 3490 1251 3534 cf.
1277 3499 1371 3532 not.
1402 3491 1455 3532 ad
1481 3506 1528 3533 ca
1568 3521 1579 3533 .
1603 3489 1645 3532 9.
1681 3512 1732 3521 -
1793 3489 1884 3531 Pro
1915 3503 1997 3531 nec
2028 3490 2076 3532 in

1190 3550 1386 3602 strepitu
1408 3547 1452 3589 in
1478 3505 1579 3591 Mg.
1602 3545 1742 3605 Neap.
1770 3545 1990 3604 scriptum
2011 3555 2076 3591 est
2135 3536 2149 3549 ’

1190 3619 1287 3647 non
1306 3607 1356 3647 in
1378 3612 1544 3661 stup„
1580 3602 1699 3660 quod
1723 3602 1829 3648 ferri
1852 3611 2017 3662 posset.
