2150 4022
212 265 339 326 264

719 262 840 323 DE
894 240 1548 328 onA'romBos

215 416 365 478 qu0‚
421 393 550 462 sed,
602 394 765 472 quod
790 391 1178 469 periculosius
1212 403 1331 465 est,
1380 414 1489 471 pro
1518 390 1747 452 Catone
1770 393 2052 467 offendes.

214 480 323 539 nec
351 488 656 536 excusatur
683 478 904 536 offensa
927 478 1360 536 necessitudine
1385 477 1564 536 officii
1583 489 1688 536 aut
1719 478 1836 536 fide
1873 479 2055 537 advo-

217 563 465 625 cationis
497 573 598 620 aut
633 563 910 622 fortuitae
950 574 1008 622 et
1048 563 1275 622 subitae
1303 562 1580 621 dictionis
1610 563 1865 639 impetu:
1929 582 2056 639 me-

218 651 437 708 ditatus
468 647 688 706 videris
730 660 833 706 aut
869 649 1107 724 elegisse
1143 667 1456 725 personam
1490 649 1812 706 notabilem
1841 659 1899 707 et
1926 668 2061 706 cum

216 734 562 792 auctoritate
612 733 938 795 dicturamae
965 754 982 771 ²

1029 734 1217 794 sentio
1239 733 1409 811 {quid
1454 732 1801 808 responderi
1848 725 2058 809 possit:

217 817 360 878 hinc
394 819 649 892 ingentis
687 813 803 876 *ex
838 815 933 877 his
970 820 1282 890 adsensus»,
1329 813 1473 876 haec
1497 817 1563 874 in
1588 817 1729 894 ipsis
1754 818 2062 878 auditoriis

214 1011 362 1070 spir..
396 1018 590 1081 quaeum
611 1013 720 1061 facit
745 1015 847 1060 MS.
868 1015 1027 1065 Earn..
1057 1015 1106 1060 in

216 1086 310 1130 quo
346 1077 448 1113 satis
488 1071 710 1130 frequenti
747 1074 1106 1117 commutatione

216 1135 355 1172 exstat
377 1127 637 1182 effervescet
659 1132 786 1174 enim
809 1134 898 1175 ius,
959 1131 1106 1174 Futu-

216 1202 321 1228 rum
375 1185 718 1244 praeferendum
767 1189 871 1247 duxi
923 1203 1004 1249 pro
1040 1197 1106 1232 ter

215 1259 406 1301 sequens
450 1243 669 1299 offendes.
712 1246 791 1289 'In
837 1244 936 1290 aliis
981 1205 1107 1289 liiiris

216 1299 418 1344 unanimi
445 1315 668 1346 consensu
691 1302 912 1363 scriptum
937 1311 1002 1361 est
1036 1304 1110 1361 es-

205 1358 433 1416 ser-vescit
457 1361 580 1402 enim
603 1362 688 1404 vis.

274 1441 498 1496 offendes.
558 1442 635 1486 Sic
647 1442 784 1488 MSS.
798 1443 935 1503 Neap.
955 1444 1111 1500 [Farn.

219 1497 428 1553 t.Bekk.]
446 1499 619 1543 Vaticc.
638 1501 710 1544 ed.
726 1503 856 1560 Spin,
879 1520 928 1545 ex
948 1501 1111 1560 quibus

216 1556 333 1600 banc
365 1556 634 1614 scripturam
661 1558 911 1603 asciverunt
938 1560 1110 1617 Osann.

218 1612 362 1656 Oreil.
382 1646 395 1665 ,
482 1614 591 1657 dum
641 1614 841 1673 reliquae
892 1618 1107 1673 retinent,

220 1671 343 1728 quod
384 1687 408 1714 a
443 1671 693 1716 Puteolano
737 1675 840 1718 inde
880 1675 1109 1734 vulgatum

219 1736 286 1772 est
315 1729 522 1783 offendis.
582 1730 725 1775 Habet
756 1749 882 1784 sane,
922 1749 1012 1791 quo
1039 1733 1111 1775 fir-

222 1786 337 1828 mari
363 1788 501 1844 possit
524 1803 733 1844 praesens
763 1799 963 1847 tempus,
1006 1806 1113 1834 nam

222 1858 320 1901 cap.
345 1845 388 1887 2.
425 1853 632 1887 narratur
665 1848 899 1895 Maternus
929 1848 1113 1892 Catonis

221 1917 325 1943 suae
356 1903 617 1946 recitatione
653 1906 904 1963 potentium
938 1906 1113 1949 animos

222 1957 475 2001 offendisse.
536 1958 622 2002 Sed
647 1962 694 2005 in
716 1963 980 2008 universum
1005 1963 1115 2006 haec

221 2015 362 2059 verba
393 2016 652 2074 accipienda
687 2029 792 2066 sunt
823 2021 876 2063 de
903 2021 1114 2063 omnibus

220 2072 486 2131 tragoediis,
562 2091 636 2117 uas
670 2074 717 2119 in
750 2078 1004 2134 potentium
1037 2077 1115 2119 of·-

224 2129 479 2172 fensionem
507 2132 539 2173 lv
561 2142 740 2176 aternus
765 2136 1012 2193 scripturus
1035 2143 1116 2184 est,

225 2194 270 2230 et
305 2186 489 2234 Catonis
531 2204 700 2233 nomen
744 2207 825 2248 pro
867 2193 919 2236 iis
962 2193 1113 2234 omni-

224 2245 308 2287 bus
340 2245 533 2305 positum
557 2255 644 2298 est,
676 2263 789 2306 quos
812 2251 1046 2295 Maternus
1066 2249 1116 2293 in

225 2316 407 2345 scenam
434 2302 672 2349 traducere
696 2307 807 2351 vult.

283 2396 556 2432 excusatur.
612 2388 713 2434 Hoc
730 2389 946 2435 Rbenano
974 2390 1114 2437 debe..

226 2451 325 2510 tur,
364 2444 443 2503 qui
480 2448 673 2491 correxit
707 2448 809 2493 edd.
842 2449 1116 2494 anteceden-

225 2509 340 2547 tium
365 2519 568 2549 errorem
589 2515 851 2552 accusatur.

272 2585 510 2643 ‘fortuitae
559 2595 605 2632 et
651 2589 840 2634 subitae
889 2591 1119 2634 dictionis.

230 2643 303 2686 Cf.
339 2642 434 2688 Cic.
472 2645 528 2688 de
560 2655 675 2690 orat.
712 2650 749 2698 1,
779 2648 850 2692 83.
887 2651 1040 2692 subita
1077 2655 1122 2690 ee

214 2701 423 2758 fortuita
457 2704 644 2755 orati03
691 2703 832 2749 Tacit.
871 2706 926 2749 de
959 2705 1119 2753 Germ.

229 2774 273 2802 c.
297 2760 367 2802 11.
401 2760 491 2802 nisi
520 2762 632 2816 quid
647 2761 910 2817 fortuitum
939 2771 985 2807 et
1011 2766 1123 2809 sub-

229 2819 347 2858 itum
377 2819 609 2863 inciderit.
669 2819 747 2863 Est
779 2822 922 2864 oratio
953 2829 1122 2865 extem-

228 2872 420 2931 poralis,
458 2875 530 2919 cui
565 2876 688 2920 nulla
721 2879 910 2937 praeivit
942 2894 1050 2921 cura
1081 2884 1124 2921 et

229 2930 483 2974 meditatio.
540 2933 714 2976 Eodem
749 2936 1000 2994 significatu
1033 2936 1123 2979 At-

231 2987 331 3031 ticis
368 2989 603 3045 proprium
638 2999 703 3034 est
742 2994 930 3036 verbum
979 2992 1120 3036 αὐτο·

230 3041 510 3103 σχεδιάζειν,
542 3049 699 3091 ceteris
724 3049 910 3095 Graecis
932 3049 1123 3109 σχεδιά-

231 3107 347 3158 ζειν,
380 3104 501 3147 unde
522 3106 814 3162 αὐτοσχέδιοι
837 3108 926 3153 sive
947 3109 1122 3167 σχέὸιοι

231 3160 383 3219 λόγοι.
416 3161 514 3206 vide
535 3162 709 3207 Ernesti
724 3166 1054 3211 Lex.'l¹echuol.
1074 3183 1122 3212 v.

233 3215 486 3278 σχεδιάζειν
507 3229 549 3264 et
561 3219 869 3272 Wernsdorf,
886 3225 940 3268 ad
955 3224 1123 3271 Himer.

233 3296 279 3340 p.
305 3280 376 3328 21,

292 3364 559 3407 meditatus.
629 3362 705 3407 Sic
737 3363 837 3406 MS.
873 3363 1014 3424 Neap.
1056 3364 1126 3410 ed.

237 3419 383 3489 spir..
416 3420 511 3475 (sed
563 3422 939 3486 interpunctionis
995 3422 1124 3490 sign?

235 3486 552 3593 {315222'12'053
564 3483 1127 3594 {³1¹¹33‘35285‘15123'155131

236 3591 356 3653 Lips.
392 3593 663 3652 Bernegger.
699 3591 909 3638 Gronov.
946 3593 1127 3640 Schulz.

1175 1013 1350 1058 Osann.
1383 1011 1528 1058 oren.
1567 1010 1779 1070 [Bekker.
1813 1021 1857 1058 et
1887 1013 2066 1059 Boetti-

1176 1071 1339 1127 cher.].
1407 1069 1535 1114 Solet
1577 1079 1726 1115 autem
1766 1069 1931 1116 Noster
1974 1072 2068 1116 eius

1177 1128 1353 1188 generis
1411 1127 1650 1185 particulas
1706 1129 1912 1174 omittere
1932 1161 1945 1182 ,
2011 1137 2068 1173 >ut

1177 1202 1274 1244 cap.
1295 1186 1366 1230 21.
1393 1187 1511 1228 haec
1540 1199 1650 1229 ossa
1681 1193 1726 1228 et
1754 1187 2070 1231 'nocumenta

1172 1245 1389 1300 probant.
1439 1243 1532 1296 ipse
1563 1242 1680 1286 mim·
1700 1243 1873 1288 calvus
1897 1274 1910 1288 .
1924 1273 1962 1288 ..
1984 1259 2068 1287 su-

1179 1301 1383 1356 tisfacit‚
1426 1309 1470 1345 et
1501 1315 1600 1358 cap.
1625 1302 1693 1347 11.
1723 1307 1830 1344 arte
1861 1304 2071 1358 quadam

1180 1358 1431 1412 mitigavit.
1518 1357 1624 1400 Non
1671 1374 1784 1416 opus
1827 1367 1894 1403 est
1933 1357 2072 1417 igitur

1179 1416 1520 1474 supplemento:
1551 1416 1757 1470 impetu.-
1784 1423 1838 1458 αι
1859 1423 1910 1459 ιιι
1928 1418 2073 1460 medi·

1182 1480 1336 1520 tatus,
1387 1487 1478 1531 quo
1526 1472 1855 1531 amplificarunt
1898 1473 2070 1518 oratio·

1123 1558 1127 1567 ,
1181 1545 1289 1572 nem
1310 1529 1414 1575 Put.
1438 1527 1538 1574 Riv.
1561 1529 1782 1575 Ber-Alc.
1806 1530 2073 1576 Rhen.Ald.

1183 1585 1344 1631 Oberl.
1400 1585 1582 1644 Bipont.
1631 1587 1824 1631 Seebod.
1877 1587 1948 1631 ed.
1998 1600 2074 1648 pr.

1180 1642 1389 1697 Dronk.;
1449 1652 1495 1686 et
1538 1653 1591 1687 ιιι
1635 1648 1755 1689 med.
1794 1642 2075 1701 Schurzflei-

1181 1699 1294 1747 schii
1326 1709 1637 1745 commentum
1674 1709 1762 1756 est5
1806 1717 1892 1746 nec
1933 1701 2075 1747 ullam

1184 1760 1317 1806 video
1344 1774 1520 1802 causam
1548 1758 1757 1802 idoneam
1769 1769 1786 1811 ,'
1823 1774 1961 1818 quare
1990 1761 2072 1805 ad·

1185 1816 1449 1876 ponendum
1481 1815 1539 1858 sit
1571 1832 1675 1860 cum
1697 1817 1889 1861 Seebod.
1911 1817 1986 1862 ed.
2006 1819 2078 1863 ai-

1184 1883 1279 1918 tera
1300 1880 1351 1915 tu
1373 1881 1474 1916 ante
1495 1873 1772 1924 meditatus,
1800 1875 1948 1934 quod,
1973 1876 2078 1933 quia

1183 1940 1236 1974 ιιι
1262 1931 1319 1973 ob
1345 1931 1612 1988 praecedens
1635 1933 1810 1987 impetu
1836 1931 1967 1976 facile
1999 1948 2075 1976 ex—

1186 1988 1337 2032 cidere
1351 1988 1561 2050 'potuerit
1574 2021 1586 2040 ,
1658 1990 1878 2033 robarunt
1901 1989 2076 2035 Osann.

1185 2045 1357 2089 Moser.
1405 2044 1573 2089 Annal.
1667 2046 1910 2103 eidelberg.
1963 2046 1994 2093 l.
2044 2048 2077 2092 Ι.

1221 2135 1232 2146 .
1256 2101 1356 2146 939.
1417 2101 1647 2154 Oreliius,
1678 2106 1743 2156 [et
1765 2104 1812 2148 in
1839 2111 1958 2148 textu
1983 2105 2078 2150 eol·

1184 2118 1352 2206 foeavit
1373 2159 1599 2218 Rupert.].

1244 2251 1328 2288 aut
1376 2243 1581 2298 elegisse.
1663 2246 1760 2288 Aut
1804 2244 2007 2290 additum
2053 2263 2078 2289 e

1187 2300 1323 2346 MSS.
1361 2300 1502 2359 Neap.
1547 2301 1725 2357 [Farn.]
1768 2309 1812 2346 et
1853 2303 1925 2346 ed.
1955 2302 2077 2363 Spir-

1188 2358 1332 2413 [idem
1365 2359 1533 2402 factum
1569 2360 1624 2402 ab
1660 2359 1845 2404 Bekker.
1877 2370 1922 2404 et
1947 2359 2079 2405 Boet-

1188 2415 1347 2462 ticher.
1362 2447 1374 2466 ,
1411 2414 1488 2472 qui
1513 2422 1558 2456 et
1581 2417 1650 2461 vel
1672 2425 1814 2473 atque
1834 2418 1978 2476 aptius
2001 2434 2081 2477 pu-

1190 2481 1270 2520 tat.
1327 2472 1376 2516 Si
1398 2472 1506 2531 quid
1530 2472 1682 2526 video,
1709 2484 1792 2520 auc
1812 2484 2079 2534 corruptum

1191 2538 1257 2578 est
1301 2546 1350 2573 ex
1389 2538 1444 2574 αι
1485 2537 1538 2572 tu
1581 2541 1624 2575 et
1670 2532 1724 2578 ab
1768 2531 1956 2576 librariis
1996 2550 2078 2577 ne-

1191 2586 2082 2692 {23²3{¹⁰‘1⁵›¹32¹‡e⁸0i2¹.ffi'¹⁰023-‘ss‘20i’ss’i‘23'3

1192 2711 1300 2748 vett.
1342 2701 1566 2745 librorum
1596 2701 1818 2761 scriptura
1852 2706 1968 2750 bene
2002 2704 2081 2749 de-

1176 2759 1319 2808 fendi
1356 2759 1535 2819 possit].

1250 2845 1356 2887 hinc
1385 2842 1585 2898 ingentis
1607 2841 1711 2886 *ex
1730 2846 1805 2887 his
1827 2847 2082 2896 adsensus.

1193 2902 1341 2946 Loous
1392 2900 1513 2945 varie
1571 2907 1764 2946 tentatus
1823 2910 2082 2949 accuratam

1194 2959 1441 3003 lectionum
1489 2957 1836 3016 discrepantium
1882 2961 2080 3006 notatio-

1193 3032 1296 3061 nem
1334 3014 1526 3070 flagitat,
1546 3030 1712 3114 bquare
1745 3015 1918 3116 εἰιιςιῇΙο
1952 3019 2083 3062 dein-

1193 3074 1987 3187 ῗῒῖιῗῗι.εἷ1.“ὗ“εῗιῗ.]οὶιῑοξίῗῖιιῑεῗὲ
2008 3079 2084 3179 222ss

1192 3199 1437 3238 assensus,
1467 3187 1585 3230 idem
1610 3188 1655 3230 in
1679 3189 1810 3256 MSS.
1826 3187 1993 3234 Vatiec.
2013 3207 2082 3256 re-

1193 3245 1862 3360 {3r²;:¹szzz‚0³..3;?¹²:'2.-32
1885 3256 2084 3358 ,ἔειπε

1213 3359 1307 3402 sive
1322 3360 1548 3415 ingentes)
1564 3375 1628 3401 ex
1651 3362 1726 3404 his
1740 3374 1962 3403 assensus
1983 3363 2083 3406 edd.

1230 3417 1313 3484 pir.
1338 3417 1441 3460 Put.
1466 3416 1564 3460 Ber.
1586 3417 1805 3464 Riv-Alc.
1823 3417 2083 3463 RhemAld.

1195 3475 1246 3518 Lu
1280 3490 1314 3519 s.
1356 3473 1529 3516 Pithoe.
1575 3475 1842 3532 Bernegger.
1879 3474 2082 3520 Gronov.

1199 3531 1242 3575 O
1278 3530 1417 3575 erlin.
1443 3532 1636 3576 Seebod.
1677 3533 1748 3576 ed.
1792 3531 1865 3579 alt.
1906 3533 2082 3579 Osann.

1199 3587 1371 3641 orell„
1423 3589 1499 3633 sed
1539 3590 1574 3636 is
1618 3590 1826 3635 asterisco
1859 3590 1913 3633 ad
1948 3589 2083 3637 osito-

1919 3607 1947 3650 P
