2150 4022
235 260 325 318 ⁴66

596 257 662 318 o.
707 253 1263 317 CORNELIUS
1307 214 1743 319 rictrus

246 383 474 447 certum
516 398 626 444 est:
701 384 839 462 quia
883 386 1014 461 pari
1064 385 1211 442 olim·
1249 386 1453 462 inopia
1485 398 1567 444 ‘acc
1586 383 2097 466 libertateeadem

243 475 552 551 utriusque
588 472 752 545 ripae
789 472 946 527 bona
975 472 1248 548 malaque
1274 484 1460 529 erant.
1541 469 1789 532 Treveri
1813 488 1871 534 et
1893 475 2098 554 Nervii

244 561 396 621 circa
425 554 1292 632 adfectationem·Germanicae
1328 556 1575 630 originis
1605 558 2100 618 ultro‘ambitiosi

243 657 414 713 sunt,
471 655 752 718 tanquam
786 662 893 717 per
931 637 1372 715 hanc‘gloriam
1417 642 1722 715 sanguinis
1752 642 2103 718 absimilitu-

243 732 475 788 (lineet
512 727 722 783 inertia
755 725 1070 799 Gallorum
1108 738 1469 802 separentur.

1554 725 1751 802 Ipsam
1776 726 1995 789 Rheni
2016 733 2102 789 ri·-

242 837 379 891 pam
410 811 570 870 haud.
606 812 783 868 dubie
823 810 1506 888 Germanorumfflopuli
1550 814 1785 885 colunt,
1834 813 2101 890 Vangio..

241 921 344 956 nes
359 947 374 969 ,
432 898 707 965 Triboci,
761 897 1049 957 Nemetes,

1136 917 1211 952 ne
1248 896 1395 955 Ubii
1435 897 1727 974 quidems
1763 920 2102 978 quanquam

237 985 511 1044 Romana
539 976 770 1057 colonia
797 1002 919 1038 esse
942 983 1268 1039 meruerint
1294 1003 1358 1039 ac
1384 983 1666 1040 libentius
1693 979 2100 1063 Agrippinen-

299 1223 510 1274 Ti-everi.
581 1227 656 1271 Sic
693 1226 793 1272 MS.
827 1225 991 1284 stuttg.
1029 1225 1133 1271 edd.

238 1291 268 1335 S
303 1289 359 1333 ir.
381 1286 514 1330 Kath.
540 1285 660 1343 Lips.
692 1301 788 1342 sqq.
832 1310 891 1319 —
950 1285 1140 1328 Treviri

238 1365 262 1392 e
297 1347 341 1390 d.
383 1345 490 1388 Put.
529 1343 735 1386 Beroald.
782 1342 883 1387 Alc.
930 1340 1134 1386 Rhenan.

236 1405 342 1449 Ald.
368 1418 466 1460 sqq.
491 1402 544 1444 ad
567 1400 786 1456 Lipsium.
847 1399 950 1443 Vid.
979 1399 1070 1444 An.
1097 1402 1132 1451 1,

234 1461 306 1508 41'.
336 1461 378 1511 3,
396 1461 468 1503 42.
495 1458 569 1501 46.
629 1457 742 1501 Hist.
765 1459 803 1506 1,
828 1456 898 1500 53.
927 1458 969 1506 3,
992 1456 1063 1500 35.
1089 1465 1133 1499 et

235 1519 368 1575 alibi,
401 1515 480 1560 ubi
503 1515 660 1560 eadem
682 1514 911 1558 invenitur
932 1515 1129 1573 scriptu·

235 1595 310 1623 rae
334 1575 537 1621 varietas.

869 1602 887 1623 e

292 1659 469 1706 Nervii.
526 1656 605 1701 Sic
625 1656 725 1700 edd.
741 1655 942 1698 Rhenan.
964 1653 1127 1710 (1533.)

235 1720 342 1765 Ald.
366 1733 463 1776 sqq.
509 1715 566 1759 cf.
590 1715 715 1758 Caes.
742 1715 793 1757 B.
816 1712 875 1756 G.
894 1714 935 1763 2,
964 1715 1032 1756 15.
1064 1713 1132 1755 16.

236 1778 399 1823 Strabo
420 1778 463 1818 4.
491 1790 537 1832 p.
564 1775 662 1816 194.
702 1800 760 1808 --
817 1771 978 1814 Neruli
999 1770 1134 1814 MSS.

167 1874 172 1877 .
234 1836 346 1879 Tur.
384 1834 616 1888 Stuttgart.
658 1830 848 1887 Longol.
897 1827 1129 1871 Hummel.

264 1893 337 1937 dd.
377 1890 495 1948 Spir.
545 1887 676 1932 Kath.
725 1885 922 1929 Puteol..
972 1886 1040 1927 M.
1091 1894 1136 1928 et

234 1911 292 1995 ἓῙ.
329 1949 470 1995 Paris.
507 1945 718 1989 Norimb.
757 1942 891 1987 Rom.
924 1942 1132 1986 Beroald.

236 2008 340 2054 Alc.
382 2005 526 2048 Rhen.
574 2003 758 2059 (1519.).
836 2000 924 2044 Sed
965 2002 1139 2044 Neruli

236 2065 342 2111 alibi
368 2071 487 2108 sunt.
552 2060 612 2104 cf.
634 2059 734 2104 Liv.
763 2060 806 2108 9,
827 2060 901 2101 20.

293 2149 415 2194 circa
435 2144 816 2202 adfectationem.
846 2139 981 2186 MSS.
994 2141 1133 2184 Hum.

236 2207 342 2252 mel.
376 2202 568 2262 Longol.
603 2202 922 2256 affectionem,
963 2198 1133 2257 vulgari

237 2263 524 2309 confusione.
596 2259 658 2303 ef.
700 2267 793 2300 not.
836 2259 890 2300 ad
933 2274 973 2300 c.
1009 2258 1050 2299 5.
1089 2266 1132 2299 et

235 2323 352 2367 Hist.
380 2324 425 2372 ,1,
459 2320 530 2362 80.
569 2345 630 2354 -
696 2330 811 2359 cura
842 2315 1134 2370 affectionem

236 2381 307 2425 ed.
332 2378 542 2438 Norimb.
644 2418 655 2427 ,,
941 2432 943 2434 v

297 2436 629 2502 Germanicae.
709 2444 787 2491 Sic
830 2442 969 2487 MSS.
1015 2441 1130 2485 Tur.

200 2520 203 2524 “
237 2510 401 2565 Stuttg.
443 2505 545 2548 edd.
590 2503 730 2548 Paris.
766 2500 891 2557 (haec
921 2501 1131 2543 Germa-

235 2568 349 2622 nice)
373 2563 579 2607 Norimb.
610 2560 773 2603 Vienn.
798 2558 942 2601 Rhen.
969 2557 1133 2614 (1533.)

237 2624 346 2669 Ald.
370 2637 466 2679 sqq.
487 2643 540 2654 -
589 2619 877 2662 Germaniae
900 2615 999 2658 edd.
1015 2616 1133 2672 Spir.

237 2680 487 2725 Kath.Put.
501 2679 570 2721 M.
593 2687 634 2719 et
649 2676 702 2719 V.
718 2676 900 2717 Monac.
919 2673 1132 2716 Beroald.

239 2740 340 2783 Alc.
366 2736 511 2779 Rhen.
539 2735 718 2789 (1519).
781 2733 849 2774 De
878 2731 1013 2774 MSS.
1042 2732 1130 2772 Va-

236 2801 341 2842 ticc.
359 2792 590 2837 Broterius
613 2799 743 2834 tacet.
804 2789 1012 2832 Ceterum
1038 2788 1130 2833 vid.

242 2861 337 2900 not.
362 2851 416 2895 ad
439 2850 547 2894 Hist.
577 2853 618 2898 1,
642 2850 730 2898 19.,
753 2848 827 2890 ubi
849 2846 1037 2889 eandem
1063 2845 1133 2892 vi-

220 2921 222 2934 *
241 2911 390 2956 (limus
413 2908 657 2964 scripturae
682 2904 997 2948 diversitatem.
1016 2951 1020 2955 .

297 2979 543 3024 ambitiosi.
622 2975 708 3020 Ed.
754 2975 961 3019 Norimb.
1010 2973 1133 3024 ami-

240 3041 357 3084 tiosi.

297 3129 329 3155 a
372 3106 677 3153 similitudine
718 3112 763 3146 ec
802 3105 989 3150 inertia.
1049 3101 1136 3154 “Er

241 3169 319 3216 διὰ
343 3170 503 3220 δυοῖν,
550 3181 573 3207 a
606 3162 898 3206 similitudine
931 3159 1134 3223 inertiae,

238 3230 298 3275 cf.
323 3224 459 3271 Roth.
485 3214 620 3279 2³38.

299 3297 496 3343 Triboci.
567 3292 644 3335 Sic
681 3291 780 3334 MS.
817 3291 982 3349 Stuttg.
1027 3292 1129 3334 edd.

238 3355 446 3401 Norimb.
497 3351 638 3393 Paris.
685 3349 846 3391 vienn.
899 3350 1032 3391 Rom.
1089 3358 1129 3392 et

240 3416 399 3459 deinde
415 3408 538 3453 P;ch.
554 3408 773 3464 Ber-negg.
791 3422 888 3463 sqq.
939 3407 996 3448 cf.
1016 3407 1128 3450 llist.

239 3477 281 3523 4,
302 3472 373 3512 70.
414 3493 469 3503 --
532 3466 724 3508 Treboci
755 3464 856 3507 MS.
881 3463 991 3507 Tur.
1027 3466 1127 3508 edd.

241 3530 359 3588 Spir.
391 3524 521 3568 Kath.
558 3524 658 3565 Put.
691 3522 760 3565 M.
789 3529 829 3563 et
854 3521 907 3562 V.
941 3522 1127 3565 RIonac.

243 3584 445 3631 Beroald.
486 3583 586 3626 Alc.
623 3580 765 3624 [iheu.
811 3578 914 3622 Ald.
950 3578 1128 3637 Micyll.

1203 1225 1355 1271 Viteb.
1385 1225 1603 1270 Melanth.
1627 1225 1746 1285 Lips.
1769 1225 1952 1275 Gruter.
2002 1229 2101 1274 Fat-

1204 1301 1279 1328 sus
1311 1285 1449 1342 igitur
1484 1292 1550 1327 est
1582 1283 1849 1336 Passoviurs,
1898 1286 1978 1344 qui
2007 1287 2104 1330 ani·

1205 1342 1444 1386 madvertit
1469 1341 1650 1390 Triboci
1664 1343 1809 1387 inesse
1828 1343 1929 1388 edd.
1950 1360 2103 1388 recen-

1204 1399 1397 1443 tioribus
1439 1400 1545 1446 inde
1587 1418 1612 1444 a
1650 1399 1884 1445 Rhenano.
1973 1401 2104 1449 Hanc

1204 1458 1476 1516 scripturam
1511 1473 1666 1502 veram
1705 1467 1901 1516 arguunt
1939 1458 2103 1504 inseri-

1205 1513 1396 1570 ptiones.
1457 1513 1518 1558 cf.
1551 1515 1832 1573 schoepflin.
1865 1515 2007 1561 Alsat.
2045 1517 2103 1559 il-

1202 1571 1328 1614 lustr.
1363 1571 1418 1614 T.
1445 1570 1481 1615 I.
1512 1588 1558 1631 p.
1583 1570 1682 1616 134.
1747 1573 1954 1617 Audiunt
1985 1573 2108 1616 Tri-

1205 1631 1342 1672 bachi
1374 1628 1492 1686 apud
1529 1629 1758 1682 Plinium,
1800 1631 2007 1674 Tribocca·
2031 1632 2108 1677 vel

1207 1687 1395 1729 Triboci
1411 1687 1529 1741 apud
1553 1686 1787 1732 Caesarem
1811 1687 1866 1732 B.
1889 1686 1948 1732 G.
1974 1690 2012 1737 1,
2031 1689 2102 1732 51.

1203 1745 1245 1794 4,
1290 1748 1382 1795 lO.,
1442 1740 1689 1801 Τριβόκκοι
1736 1745 1808 1791 νέΙ
1856 1742 2105 1804 Τριβόκχοι

1205 1802 1324 1859 apud
1379 1800 1596 1847 Graecos.
1693 1801 1850 1859 Quare
1906 1803 2103 1848 coniicio

1204 1860 1322 1929 apud
1357 1858 1566 1902 Taciturn
1602 1875 1783 1917 quoque
1814 1860 2105 1904 scribendum

1205 1917 1436 1959 21-1'bocci:
1467 1933 1573 1960 uam
1596 1917 1912 1976 inscriptiones
1931 1925 1974 1961 et
1993 1927 2105 1965 vett.

1205 1974 1308 2016 libri
1333 1974 1586 2030 saepissime
1608 1974 1961 2032 duplicationem
1983 1975 2104 2020 litte-

1203 2047 1355 2074 rarum
1378 2032 1628 2091 negligunt.
1926 2067 1928 2069 -
2035 2054 2037 2058 ¹
2120 2082 2126 2086 .

1261 2090 1500 2132 Nemetes.
1582 2089 1659 2135 Sic
1700 2087 1833 2138 libri,
1883 2101 2104 2150 quantum

1204 2154 1393 2196 constat,
1415 2162 1586 2198 omnes,
1621 2147 1819 2204 itemque
1832 2142 2103 2197 Caes.B;,G·

1205 2207 1244 2251 1,
1270 2206 1338 2246 51.
1378 2231 1437 2238 —-
1493 2204 1638 2248 Tacit.
1668 2204 1759 2248 An.
1790 2206 1859 2254 12,
1877 2207 1952 2252 27.
1973 2206 2106 2252 habet

1202 2263 1454 2318 Nemetas,
1485 2264 1561 2319 qui
1585 2271 1650 2305 est
1669 2263 1947 2307 accusativus
1966 2263 2104 2309 Grae-

1203 2334 1365 2363 corum
1386 2334 1513 2361 more
1534 2320 1777 2368 formatus,
1800 2321 1863 2363 uti
1885 2321 1935 2365 fit
1955 2320 2003 2365 in
2019 2331 2104 2369 no·

1202 2375 1401 2423 minibus
1438 2375 1644 2420 externis.
1685 2375 1817 2420 .Nam
1840 2377 2008 2422 ibidem
2031 2377 2104 2423 le-

1204 2435 1350 2492 gimus
1376 2433 1667 2486 Vangionas.
1729 2433 1815 2477 Vix
1837 2436 1972 2492 igitur
1999 2453 2101 2486 cro,-

1205 2493 1281 2534 das
1293 2490 1450 2533 Hessio
1462 2492 1690 2536 Nemetas
1704 2491 1732 2534 l.
1766 2524 1779 2536 .
1795 2493 2064 2539 descendere
2077 2511 2104 2541 a

1205 2548 1483 2591 nominativo
1499 2550 1748 2602 Νιτηέιαες
1789 2557 1831 2592 et
1845 2552 2107 2598 retractavit

1204 2605 1240 2648 is
1274 2604 1388 2648 hanc
1418 2606 1680 2657 sententiam
1716 2605 1762 2648 in
1797 2604 2105 2688 Corrigew.

1203 2662 1462 2707 Ptolemaeo
1495 2663 1709 2706 dicuntur
1732 2665 1953 2723 Νέμητες.
2047 2666 2059 2682 ·’

1260 2735 1319 2762 ne
1345 2720 1450 2761 Ubii
1467 2722 1668 2775 quidem.
1729 2719 1808 2765 Sic
1829 2739 1851 2764 e.
1874 2722 2101 2768 verissima

1205 2776 1388 2820 Gruteri
1423 2777 1739 2821 emendatione
1778 2779 1882 2824 edd.
1921 2778 2101 2829 Erflest.

1205 2834 1331 2876 Brot.
1360 2832 1520 2877 Oberl.
1546 2834 1729 2879 Passov.
1751 2851 1848 2908 sqq.
1884 2856 1939 2871 --
2076 2865 2102 2875 -

1205 2891 1271 2933 bii
1329 2894 1516 2947 quidem
1572 2891 1708 2936 MSS.
1761 2894 1934 2939 varice.
2030 2912 2099 2951 tu·-

1209 2948 1395 3006 Longol.
1454 2949 1686 2994 Hummel.
1741 2951 1842 2996 edd.
1900 2952 1932 2995 S
1966 2952 2103 3003 ireus.

1205 3006 1336 3049 Kath.
1393 3006 1526 3049 Rom.
1577 3007 1721 3066 Pogg.
1772 2970 1979 3054 Norimli.
2003 3035 2103 3057 av·-

1203 3065 1339 3105 nubiz‘
1371 3067 1450 3118 qui
1487 3064 1589 3107 MS.
1628 3066 1790 3123 Stuug.
1856 3091 1908 3100 —-
1993 3050 2107 3114 »flii

1204 3122 1391 3177 quidem.
1415 3122 1513 3165 edd.
1530 3121 1628 3164 Put.
1647 3121 1783 3166 Paris.
1809 3123 1935 3178 (haec
1957 3126 2099 3184 spatio

1205 3187 1305 3221 ante
1342 3179 1450 3221 Ubii
1487 3178 1666 3226 relicto)
1711 3181 1898 3224 Monac.
1939 3183 2103 3232 vienn.¹

1204 3236 1411 3278 Beroald.
1428 3237 1809 3296 Alo-,liluen.sqq.‚
1833 3255 1967 3296 quam
1992 3241 2100 3287 scri·

1203 3303 1381 3348 pturam
1429 3294 1744 3350 praeeuntibus
1783 3296 2020 3346 Salinerio.
2057 3306 2099 3342 et

1202 3349 1450 3408 Com-ingio
1483 3351 1644 3394 acriter
1683 3352 1884 3407 defendit
1917 3354 2010 3401 [aot
2077 3379 2134 3399 ex·

1202 3406 1310 3466 lius:
1342 3410 1415 3450 sed
1445 3408 1611 3451 nemini
1633 3411 1862 3466 persuasit.
1925 3409 2007 3472 Εἰς)

1203 3466 1476 3522 corrigebat:
1522 3468 1630 3510 Ubii
1658 3468 1990 3523 quidemf...³·
2033 3485 2096 3519 on

1199 3525 1490 3565 erubescunt.
1788 3528 1798 3534 “
1873 3527 1875 3530 ’
1984 3532 1985 3535 ’

1257 3588 1527 3624 meruerant.
1587 3577 1786 3625 efz-Hist,
1814 3581 1857 3631 4,
1878 3556 1950 3628 2⁸8.
