2150 4022
565 235 1097 321 DIALOGUS.
1182 233 1514 297 CA-P.19.

114 366 584 445 tinaquisquam
605 367 875 436 adsistat,
927 367 1074 444 quin
1102 367 1403 428 elementis
1431 365 1794 435 studiorum,

1833 237 1957 306 303

1882 366 1957 434 tsi

117 475 240 523 non
270 453 619 522 instructus,
669 464 728 509 at
754 464 906 510 certe
931 452 1191 510 imbutus
1217 453 1320 521 sit,
1374 452 1544 523 novis
1571 462 1628 518 et
1653 450 1854 529 exquis
1882 450 1956 512 tis

115 538 481 615 eloquentiae
521 539 832 596 itineribus
868 557 1015 612 opus
1058 548 1170 606 est,
1227 557 1331 610 per
1366 558 1514 614 quae
1551 538 1749 594 orator
1786 535 1956 610 ,fas-ti..-

113 625 277 681 d'ium
322 623 555 679 aurium
603 624 868 697 effugiat,
933 622 1136 697 utique
1185 622 1341 696 apud
1395 641 1495 688 eos,
1539 621 1790 690 iudices,
1847 617 1954 698 ‘qui

112 710 173 765 vi
242 721 298 765 et
361 719 641 782 potestate
658 754 673 777 ‚

108 925 297 970 sortasse
331 923 546 973 Farnes.,
594 923 648 965 de
690 939 779 980 quo
821 922 994 980 Lipsius

107 985 239 1039 tacet)
265 990 308 1025 et
337 981 434 1024 edd.
461 983 629 1038 priores
656 995 833 1031 omnes3
879 995 992 1037 quae

107 1041 326 1098 scriptura
354 1039 546 1085 multum
574 1039 738 1081 vexavit
771 1039 970 1094 interpre

106 1110 184 1144 teS.
267 1097 345 1139 Est
388 1105 535 1138 autem
582 1098 764 1137 cortina
813 1095 993 1152 proprie

107 1174 177 1199 vas
209 1153 455 1198 rotundum
490 1163 532 1195 et
562 1169 808 1196 concavum
837 1152 887 1193 ad
914 1168 992 1194 va-

105 1215 198 1256 rios
224 1228 328 1254 usus
351 1210 617 1253 destinatum
638 1243 649 1260 ,
678 1209 798 1266 quod
824 1225 903 1266 per
927 1209 989 1250 si-

104 1269 401 1315 militudinem
437 1268 490 1309 ad
523 1267 604 1310 alia
640 1282 819 1323 quoque
852 1274 991 1308 trans·

101 1330 300 1374 tulerunt
332 1333 509 1367 veteres.
570 1323 648 1367 Sic
669 1324 839 1367 Ennius
871 1323 987 1379 apud

104 1385 298 1428 Vari-on.
330 1382 379 1425 L.
410 1383 462 1425 L.
486 1383 526 1432 6,
547 1381 587 1424 3.
621 1396 826 1436 quaeque
848 1380 988 1436 freto

102 1458 217 1486 cava
237 1443 445 1483 coer-uteo
467 1441 650 1481 cortina
669 1446 875 1490 receptat
889 1471 900 1491 ,
933 1438 987 1479 ‹le

100 1499 241 1557 spatio
268 1498 400 1549 dixit,
440 1497 561 1554 quod
587 1505 648 1542 est
671 1496 787 1538 inter
808 1495 984 1538 coelum

101 1566 144 1600 et
174 1565 362 1606 terram3
405 1562 447 1596 et
477 1553 628 1596 Sever.
660 1555 801 1596 Aetna
827 1570 864 1594 v.
889 1553 986 1595 295.

102 1614 263 1668 magni
277 1615 460 1654 cor-tina
484 1613 661 1653 theatri
677 1610 909 1666 usurpavit
931 1611 985 1652 de

102 1672 200 1730 ipso
231 1685 338 1712 cavo
364 1669 534 1710 theatri.
598 1667 726 1722 Quae
748 1667 783 1709 si
807 1669 860 1709 ad
887 1668 932 1710 h.
955 1667 982 1709 Ι.

101 1726 408 1787 explicandum
455 1724 733 1774 adhibueris,
790 1725 981 1781 spatium

100 1783 416 1830 subselliorum
458 1783 702 1838 intelliges,
761 1797 878 1838 quo,
937 1791 984 1824 ut

100 1843 274 1902 Lipsius
303 1842 618 1896 interpretatus
652 1847 738 1887 est,
779 1855 872 1881 non
899 1840 983 1882 ad-

100 1900 246 1946 vocati
273 1899 417 1941 solum
434 1931 445 1949 ,
475 1897 551 1939 sed
575 1898 767 1948 scribae,
795 1912 978 1953 praeco·

100 1975 184 2001 nes·
210 1965 340 2012 atque
365 1955 408 1997 id
431 1970 570 2011 genus
594 1970 756 2011 operae
776 1953 982 1996 forenses

98 2013 415 2060 consistebant.
488 2011 632 2053 Nicol.
666 2010 847 2054 Loensis
881 2010 982 2068 Epi·

119 2060 234 2130 ,thl-
265 2071 341 2124 lx,
367 2071 406 2111 5.
436 2068 778 2125 interpretat-ur:
820 2067 867 2115 in
899 2068 981 2110 tri-

96 2089 272 2173 bunalis
323 2126 453 2170 clavo
505 2126 751 2182 hemicyclo
796 2126 983 2168 testudi-

99 2197 204 2230 nato
220 2219 229 2234 ‚
258 2201 310 2228 ac
333 2185 468 2241 inagis
490 2184 621 2226 etiam
647 2183 898 2239 quaesitum
920 2190 984 2225 est

97 2244 219 2302 quod
246 2241 443 2295 Scaliger
469 2241 521 2284 ad
548 2240 765 2284 Varronis
796 2240 826 2282 l.
854 2239 883 2282 l.
919 2256 984 2283 ex-

96 2301 260 2361 posuit.
323 2297 438 2341 Satis
468 2297 614 2354 placet
650 2298 846 2355 vulgatae
877 2297 983 2340 scri-

96 2367 252 2418 pturae
283 2355 378 2404 hic,
412 2356 580 2412 quippe
616 2370 728 2409 quae
757 2353 984 2398 diffieilior

96 2415 166 2464 sit,
189 2412 502 2472 praeferendae
524 2409 754 2467 explicatio
771 2411 984 2467 Lipsiana,

97 2488 208 2531 quae
241 2469 522 2513 Boettichero
559 2483 739 2524 quoque
766 2469 868 2512 Lex.
899 2468 981 2511 Ta·

94 2531 171 2576 cit.
205 2545 250 2586 p.
284 2525 382 2570 133.
404 2525 606 2584 'probata
646 2533 727 2568 est.
789 2524 980 2568 Seebod.

95 2583 272 2631 Dronk.
299 2582 472 2627 Osann.
505 2580 715 2637 [Bekker.
749 2591 792 2624 et
817 2582 980 2625 Boetti-

92 2645 230 2696 chen]
244 2658 340 2685 eam
354 2647 634 2683 revocarunt.
665 2638 752 2682 Sed
765 2640 873 2682 haec
886 2655 979 2682 non

91 2701 362 2746 suffecerunt
385 2696 503 2748 aliis,
535 2696 608 2754 qui
639 2696 791 2740 Ursini
818 2704 860 2740 et
877 2697 978 2738 Mu·

93 2757 176 2802 reti
200 2754 557 2800 emendationem
583 2755 630 2795 in
657 2769 830 2796 corona
855 2769 977 2810 prae-

90 2816 289 2859 tulerunt
318 2812 538 2869 probante
568 2809 771 2854 Gesnero
802 2812 848 2853 in
885 2810 975 2854 the-

93 2887 242 2915 sauro.
331 2869 504 2911 Horum
546 2869 592 2911 in
636 2884 828 2911 numero
872 2877 974 2911 sunt

93 2927 267 2973 Acidal.
295 2926 548 2969 Heumann.
580 2926 755 2969 Schulz.
790 2927 971 2983 Bipont.

90 2984 298 3028 Oberlin.
341 2982 486 3026 Orell.
528 2988 592 3035 [et
631 2983 853 3040 Rupert.].
925 2983 973 3024 ld

91 3042 199 3101 quid
222 3041 278 3084 sit
305 3042 346 3083 in
373 3042 605 3098 propatulo
630 3050 718 3087 est,
761 3043 836 3083 sed
874 3055 973 3082 eam

89 3100 231 3157 ipsam
258 3099 315 3140 ob
346 3113 523 3140 causam
555 3096 619 3138 vix
653 3097 761 3140 mihi
795 3113 971 3154 persua-

90 3158 196 3200 dere
220 3170 426 3214 possum,
475 3152 732 3197 facillimum
759 3155 867 3197 illud
894 3169 973 3197 co—

88 3228 207 3257 rona
226 3213 279 3255 ab
303 3211 493 3255 librariis
514 3210 742 3254 immutari
765 3211 973 3270 potuisse.

88 3342 277 3429 Εάἵέιςιι
282 3329 638 3440 gaedggztiisips.
652 3329 868 3427 ll'iillimltizii
873 3334 973 3439 nzlgt:

84 3438 968 3498 ger.G1-onov.Bipont.Seebod.Dr0nk.

87 3498 260 3545 Osann.
281 3499 361 3551 qui
378 3499 495 3539 elem
501 3525 627 3539 .....
651 3497 857 3546 illibatus
887 3497 962 3551 sit,

86 3554 165 3612 q'w‘
182 3554 226 3597 in
240 3554 337 3605 MS.
352 3552 488 3612 Neap.
515 3569 690 3611 quoque
713 3562 775 3603 est
790 3586 801 3606 ,
830 3553 965 3597 idem·

769 728 893 765 non
962 707 1091 764 iure
1162 717 1219 763 et
1281 706 1510 779 legibus
1577 713 1954 780 cognoscunt,

1067 937 1153 978 que
1189 927 1234 963 ct
1264 927 1386 963 certe
1415 922 1598 978 praebet
1630 938 1713 981 pro
1739 930 1791 965 at
1812 915 1952 979 certe.

1066 981 1150 1023 Sed
1187 977 1465 1021 desideratur
1496 978 1541 1020 in
1579 995 1626 1023 ea
1661 979 1853 1024 lectione
1880 997 1955 1023 ne·
1998 1000 2001 1002 ¹

1066 1034 1480 1094 gativa'partic'ula,
1523 1052 1652 1092 quatu
1687 1037 1804 1080 miro
1840 1052 1953 1094 quo·

1065 1096 1166 1136 dam
1193 1092 1382 1136 artificio
1407 1093 1602 1150 suppleri
1624 1109 1752 1150 posse
1774 1094 1952 1138 Dronk.

1064 1152 1343 1208 opinabatur.
1403 1149 1598 1193 Pichena
1621 1151 1755 1206 igitur
1775 1153 1951 1210 scripsit

1063 1211 1268 1250 imbutus·
1291 1221 1384 1249 non
1411 1210 1485 1249 sit.
1543 1207 1630 1250 Sed
1655 1207 1860 1251 faciliore
1885 1226 1950 1251 re-

1063 1266 1212 1308 medio
1238 1265 1438 1321 vulgatae
1462 1264 1780 1309 soloecismum
1806 1274 1949 1314 sustu·

1059 1324 1209 1366 lerunt
1235 1322 1487 1365 Heumann.
1509 1322 1852 1367 Schurzfleisch.
1872 1322 1951 1368 Et·-

1062 1388 1173 1426 nest.
1197 1380 1368 1422 Broter.
1392 1379 1567 1422 Schulz.
1584 1379 1792 1426 Oberlin.
1808 1378 1949 1424 Orell.

1062 1436 1271 1492 [Bekker.
1306 1435 1572 1480 Boetticher.
1599 1437 1809 1495 Rupert]
1843 1440 1950 1495 quin

1059 1494 1349 1551 corrigentes.
1430 1493 1657 1539 Sententia
1702 1495 1810 1541 haec
1860 1504 1948 1539 est:

1061 1550 1200 1606 Quod
1265 1550 1502 1594 intercedit
1565 1551 1811 1604 discrimen
1870 1553 1949 1596 in·-

1058 1618 1125 1651 ter
1158 1609 1308 1665 priora
1343 1607 1423 1650 ista
1461 1617 1504 1651 et
1540 1617 1697 1666 nostra
1727 1619 1947 1668 tempora,

1057 1667 1309 1708 declaratur
1355 1665 1574 1722 imprimis
1619 1665 1821 1724 ipsorum
1864 1685 1946 1711 au·

1056 1724 1252 1766 ditorum
1308 1721 1592 1775 diversita1e3
1652 1725 1823 1780 priores
1874 1726 1947 1772 isti

1056 1781 1188 1823 rudes
1214 1791 1340 1823 erant
1361 1788 1404 1822 et
1426 1780 1619 1833 indocti,
1659 1779 1812 1837 nostra
1837 1800 1947 1834 vero

1055 1845 1194 1881 aetate
1232 1838 1347 1879 inter
1382 1854 1539 1881 onmes
1574 1840 1835 1897 adsistentes
1872 1842 1944 1887 vix

1055 1910 1326 1952 quemquam
1365 1894 1592 1944 inveneris
1633 1912 1836 1953 prorsus.>
1863 1897 1943 1953 iin-

1055 1952 1267 2009 peritum.
1339 1954 1471 1998 Amat
1504 1951 1667 1996 Noster
1705 1953 1944 2011 particulas

1055 2012 1209 2054 sinon
1237 2041 1246 2050 .
1264 2041 1275 2052 .
1303 2017 1354 2051 at
1375 2017 1498 2051 certe
1520 2011 1805 2063 coniunctas,
1835 2028 1874 2056 e.
1899 2028 1941 2070 g.

1057 2083 1098 2110 c.
1123 2067 1193 2110 21.
1223 2068 1269 2110 si
1285 2082 1379 2108 non
1403 2068 1670 2120 um‘versae,
1710 2076 1761 2113 at
1778 2077 1944 2124 partes

1054 2140 1244 2178 earum,
1300 2124 1353 2167 de
1391 2123 1547 2167 Germ.
1585 2142 1623 2169 c.
1660 2125 1728 2170 33.
1774 2129 1817 2169 si
1851 2142 1946 2172 non

1055 2196 1195 2224 amor
1218 2182 1395 2236 nostri,
1439 2191 1490 2222 at
1516 2191 1635 2224 certe
1667 2185 1821 2226 odium
1852 2186 1940 2239 sui,

1057 2239 1145 2283 An.
1174 2239 1239 2290 12,
1263 2239 1335 2282 39.
1362 2240 1453 2281 etsi
1473 2255 1565 2281 non
1585 2244 1848 2297 proelium,
1891 2249 1944 2284 at

1056 2305 1178 2340 certe
1221 2298 1417 2351 bellum,
1480 2312 1593 2353 quae
1644 2298 1944 2355 praetermisit

1055 2354 1198 2398 lland.
1219 2353 1460 2396 Tursellin.
1490 2353 1593 2398 Vol.
1614 2355 1647 2399 l.
1682 2371 1726 2412 p.
1749 2356 1849 2408 445.
1918 2411 1924 2423 ¹

1109 2470 1393 2523 eloquentiae
1413 2469 1672 2511 itineribus.
1735 2468 1940 2528 Tropum

1052 2524 1391 2567 insolentiorem
1420 2526 1559 2578 visum
1587 2526 1813 2570 emendari
1840 2545 1941 2576 ma-

1054 2582 1133 2624 luit
1170 2582 1482 2635 tteumann.us;
1529 2584 1606 2626 sed
1653 2583 1713 2626 nil
1752 2592 1938 2634 mutan.-

1052 2640 1158 2682 dum
1183 2647 1265 2681 est.
1328 2639 1440 2688 Nam
1467 2640 1626 2697 eodem
1652 2641 1788 2684 modo
1817 2643 1934 2700 apud

1053 2695 1199 2739 Cicer.
1232 2697 1285 2738 de
1317 2705 1432 2740 orat.
1463 2697 1505 2752 2,
1540 2697 1608 2739 57.
1642 2697 1728 2741 234
1771 2701 1935 2754 itinen

1048 2755 1396 2806 disputationis,
1448 2754 1500 2797 de
1539 2754 1650 2811 legg.
1691 2758 1728 2806 1,
1765 2757 1830 2807 13,
1861 2756 1935 2802 37.

1049 2813 1138 2852 iter
1160 2813 1291 2853 huius
1310 2813 1543 2854 sermonis
1566 2813 1728 2856 dicitur
1742 2846 1754 2868 ‚
1789 2823 1831 2857 et
1857 2815 1936 2858 de·

1044 2867 1243 2910 fenditur
1266 2868 1530 2926 praecipue,
1571 2878 1617 2913 ut
1640 2871 1792 2922 docuit
1815 2868 1932 2915 Rau-

1046 2925 1290 2969 cheustein.
1332 2926 1448 2983 apud
1494 2926 1663 2975 Orell.,
1716 2937 1932 2986 sequente

1045 2984 1255 3037 effugiat,
1298 2991 1346 3024 ut
1371 2983 1488 3040 apud
1516 2983 1662 3037 Cicer.
1685 2995 1750 3029 est
1775 3001 1849 3044 ep.
1877 2989 1932 3035 ad

1043 3041 1148 3082 l'am.
1179 3043 1244 3090 11,
1277 3039 1341 3082 13.
1377 3042 1605 3087 Antonius
1640 3073 1653 3086 .
1676 3072 1690 3085 .
1716 3075 1726 3085 .
1755 3045 1932 3091 ,itinera

1044 3101 1191 3138 multo
1212 3099 1400 3140 maiora
1412 3098 1614 3153 fugiens.
1672 3098 1930 3150 Reiicienda

1045 3153 1180 3212 igitur
1223 3154 1450 3212 ingeniosa
1493 3155 1737 3200 Hofmann.
1771 3156 1930 3200 Peerl-

1045 3211 1193 3268 kamp.
1229 3213 1487 3265 coniectura
1522 3213 1809 3268 eloquentiae
1837 3215 1885 3256 V
1881 3230 1928 3257 e-

1045 3271 1232 3311 neribus
1256 3284 1368 3323 opus
1392 3276 1484 3324 est,
1522 3285 1606 3323 per
1639 3284 1782 3327 quas,
1823 3287 1929 3328 qua-

1048 3342 1152 3369 cum
1177 3325 1236 3369 cf.
1262 3325 1422 3382 Quint.
1447 3326 1551 3370 lust.
1583 3343 1650 3370 or.
1676 3329 1741 3378 10,
1767 3332 1804 3379 1,
1822 3328 1894 3373 78.

1097 3441 1142 3480 υἱ
1180 3447 1224 3481 ec
1266 3447 1516 3491 potestate.
1606 3439 1740 3490 MSS,
1786 3441 1924 3500 Neap-

1042 3497 1217 3551 [Fat·n.]
1244 3495 1419 3540 Vaticc.
1448 3497 1570 3539 1518.
1594 3507 1638 3541 et
1657 3497 1785 3543 4498.
1819 3499 1922 3543 edd.

1039 3562 1139 3597 ante
1162 3553 1357 3612 Lipsiurn
1381 3563 1422 3596 et
1447 3553 1678 3613 Pithoeus⁸
1719 3557 1838 3601 unde
1855 3573 1922 3600 re·
