2150 4022
264 297 392 363 272

746 287 868 358 DE
929 284 1603 359 ORATORIBUS‘

266 431 634 510 eloquentiae
662 448 803 486 usus
830 449 1033 486 recens
1060 440 1118 487 et
1144 451 1211 486 ex
1237 428 1409 484 malis
1431 420 1696 486 moribus
1718 432 1892 486 natus
1920 437 2112 505 atque,

266 531 334 577 ut
374 529 439 574 tu
482 517 715 573 dicebas
751 510 946 590 Aper,
1007 515 1071 571 in
1110 515 1309 572 locum
1347 511 1452 570 teli
1490 525 1773 590 repertu&

1857 524 2114 571 ceterum

266 603 405 661 felix
435 601 587 658 illud
617 612 705 669 et,
747 611 814 657 ut
840 621 1003 657 more
1029 611 1232 657 nostro
1256 599 1493 674 loquar,
1545 619 1790 666 aureum
1816 597 2113 656 saeculum

269 699 327 746 et
351 696 655 744 oratorum
679 686 736 742 et
759 686 1075 762 criminum
1099 685 1271 759 inops
1295 683 1482 758 poetis
1506 692 1563 740 et
1587 684 1820 742 vatibus
1846 684 2115 741 abunda-

267 774 397 842 bat,
440 771 543 848 qui
572 772 722 828 bene
747 772 894 827 facta
924 768 1231 838 canerent,
1275 788 1399 824 non
1427 767 1530 845 qui
1554 769 1707 826 male
1733 769 1985 826 admissa
2011 770 2115 826 de-

266 857 590 915 fenderent.
687 854 810 915 Nec
844 856 984 913 ullis
1034 866 1133 913 aut
1179 853 1365 928 gloria
1415 852 1605 910 maior
1655 865 1757 912 aut
1812 854 2116 929 augustior

268 939 490 1000 honor:
545 941 804 1018 primum
839 942 996 1018 apud
1029 942 1198 1010 deOS,

271 1163 573 1221 eloquenciae.
609 1161 687 1206 -Et
712 1160 800 1204 boc
825 1160 925 1205 loco
950 1159 1160 1217 antiquo-

269 1235 372 1266 rum
406 1220 627 1264 librorum
654 1218 919 1276 scripturam
951 1217 1161 1261 tuendam

272 1295 436 1323 censeo
464 1285 622 1322 contra
648 1276 979 1320 nonnullorum
1013 1274 1162 1319 conie-

271 1345 435 1381 cturas.
523 1334 851 1387 Sanguinante
899 1333 1163 1389 eloquentia

270 1394 464 1451 scriptor
494 1391 713 1450 significat
738 1406 862 1442 eam,
901 1407 1013 1449 quae
1046 1387 1164 1432 dela·

272 1450 472 1505 tionibus
504 1450 694 1494 aliorum
722 1448 958 1490 hominum
981 1447 1163 1491 caedem

272 1506 410 1553 efficit
463 1507 654 1564 ideoque
703 1505 917 1562 sanguine
960 1504 1007 1547 in
1052 1502 1164 1561 peri·

273 1563 430 1610 culum
479 1562 778 1607 adducto'rum
822 1562 946 1621 quasi
999 1568 1167 1604 manat.

272 1622 403 1667 lianc
436 1638 531 1665 esse
571 1621 838 1664 sententiam
879 1620 1069 1669 docent,
1119 1618 1163 1660 ni

271 1679 431 1732 fallor,
482 1679 618 1723 verba
654 1694 777 1736 seqq.
817 1679 867 1720 in
899 1681 1047 1721 locum
1086 1675 1170 1718 teli

272 1747 499 1792 repertus.
582 1735 781 1795 Lipsium
840 1736 893 1778 de
949 1734 1167 1777 latinitate

277 1796 554 1840 dubitantem
580 1802 624 1836 et
646 1793 954 1837 adfirmantem
981 1792 1166 1845 sangui-

235 1860 239 1865 '
274 1868 393 1897 nare
414 1860 588 1896 tantum
614 1868 732 1895 esse:
768 1851 970 1894 emittere
991 1846 1167 1906 sangui·

276 1927 408 1962 nem,
447 1908 659 1955 refutavit
692 1908 872 1952 Schulz.
903 1909 1014 1952 locis
1047 1905 1168 1949 adla—

275 1971 331 2012 tis
366 1968 590 2025 probans,
631 1966 677 2009 id
701 1969 889 2010 verbum
914 1964 1167 2022 significare

191 2037 195 2042 “
275 2039 488 2093 quoque:
530 2025 823 2082 sanguineum
856 2023 1056 2067 colorem
1091 2027 1166 2062 aut

276 2099 480 2126 animum
523 2097 629 2139 prae
672 2098 717 2124 se
764 2081 899 2123 ferre.
974 2078 1074 2121 Vid.
1115 2077 1168 2122 C.

273 2140 428 2183 Barth.
461 2139 649 2183 Advers.
687 2137 846 2181 XLlV.
886 2154 923 2180 c.
956 2136 1027 2180 25.
1098 2134 1166 2176 Li-

275 2198 398 2258 psius
424 2197 677 2241 coniecerat
697 2195 980 2251 saginantis,
1027 2200 1075 2236 ut
1107 2192 1168 2235 ita

277 2257 487 2299 ex‘more
511 2253 662 2296 Nostri
699 2267 952 2312 synonyma
985 2254 1170 2293 lucrosa

279 2320 327 2356 et
345 2313 567 2368 saginans
588 2311 905 2370 iungerentur3
938 2325 1040 2368 egre
1074 2308 1166 2350 ium

279 2369 327 2414 id
367 2378 410 2413 et
447 2370 495 2412 in
533 2376 650 2411 textu
689 2367 949 2426 ponendum
995 2325 1169 2408 viffetur

250 2468 253 2473 .
279 2427 478 2478 Orellio,
525 2425 600 2484 qui
632 2425 782 2469 hercle
807 2440 901 2467 non
930 2423 1169 2482 reputavit,

278 2484 544 2543 simpliciter
565 2484 629 2528 sic
650 2483 738 2527 dici
762 2498 854 2525 non
875 2497 1030 2540 posse;
1060 2480 1169 2538 quin

279 2559 332 2587 eo
354 2543 453 2601 ipso
479 2541 608 2592 loco,
654 2557 786 2598 quem
812 2539 980 2591 adfert,
1021 2537 1169 2582 Cicer.

279 2617 364 2659 pro
391 2601 504 2643 Sest.
537 2598 656 2653 578.
689 2598 914 2652 sanguine
942 2598 1172 2651 saginan-

280 2667 357 2701 tm·
389 2657 560 2702 dictum
595 2666 675 2700 est.
756 2654 977 2699 Salinerio
1016 2662 1061 2696 et
1089 2653 1172 2696 Bi-

280 2723 405 2775 pont.
430 2715 769 2769 sanguinariae
795 2712 1024 2769 placebat,
1055 2710 1172 2755 scili·

279 2783 351 2817 cet
396 2772 511 2830 apud
547 2772 665 2814 Plin.
701 2771 785 2828 Ep.
819 2771 861 2820 4,
894 2771 964 2820 22,
994 2770 1037 2812 6.
1085 2778 1173 2812 estz

278 2830 625 2882 sanguinariae
657 2832 874 2883 leguntur·
895 2828 1168 2881 sententiae,

208 2888 210 2890 ’
281 2895 324 2930 et
350 2886 403 2930 N.
427 2887 483 2931 H.
506 2887 572 2936 19,
597 2886 666 2929 53.
701 2885 1066 2939 sanguinarium
1092 2898 1172 2927 re-

277 2958 517 2997 sponsum.
570 2943 904 3001 Supervacuum
929 2940 1174 2984 estSchelii

278 3002 508 3055 sanguine
527 3003 781 3050 mananti&
802 3015 890 3057 quo
910 2998 1020 3041 nihil
1037 2998 1172 3055 signi-

279 3058 438 3102 ficatur
478 3058 621 3110 aliud,
671 3073 803 3116 quam
838 3056 959 3114 quod
993 3055 1170 3114 vulgata

279 3114 556 3173 exprimitur.
620 3115 712 3171 Qui
741 3130 822 3172 pro
846 3117 1057 3156 lucrosae
1081 3128 1172 3155 ma-

282 3172 448 3216 luerint
478 3175 740 3223 luctuosae,
783 3188 854 3214 me
885 3171 1024 3229 fugit,
1086 3185 1174 3212 nec

280 3230 372 3274 ulla
407 3230 700 3273 correctionis
735 3237 798 3272 est
834 3245 990 3278 causa,
1031 3243 1171 3285 quum

282 3289 372 3331 iam
394 3295 495 3331 ante
518 3286 638 3330 illam
663 3295 846 3330 aetatem
881 3288 1041 3338 lingua
1073 3299 1173 3327 esse

280 3346 482 3400 coeperit
507 3346 554 3387 in
577 3352 795 3400 quaestu,
828 3352 875 3386 ut
889 3342 1046 3399 Quint.
1064 3342 1173 3385 lust.

284 3419 352 3446 or.
376 3417 582 3459 prooem.
607 3401 727 3456 §¹13.
756 3402 918 3459 inquit.

342 3475 406 3502 ex
428 3460 569 3503 malis
592 3460 796 3501 moribus
821 3467 977 3503 natus.
1040 3458 1173 3500 Prae·

284 3515 555 3576 positionem
605 3515 742 3559 adieci
789 3533 811 3557 e
865 3517 962 3560 MS.
1010 3515 1171 3572 Neap.‚

284 3573 482 3634 quamvis
507 3573 730 3617 Goerenz.
764 3572 807 3616 in
839 3573 975 3616 lahnii
1005 3572 1173 3618 Annal.

287 3633 412 3692 paed.
443 3639 485 3677 et
517 3629 623 3690 phil.
654 3630 758 3676 vol.
788 3632 820 3675 Ι.
855 3648 899 3689 p.
926 3631 1028 3676 311.
1064 3645 1172 3674 con·

1223 1009 1225 1011 Ι
1252 958 1505 1017 quorum
1538 939 1800 1015 proferre
1835 949 2115 1018 responsa

1232 1155 1441 1208 tenderit,
1475 1156 1623 1201 verbis
1640 1160 1854 1206 nascendi
1873 1169 1917 1205 et
1937 1161 2118 1206 oriundi

1233 1230 1451 1272 nusquam
1497 1216 1708 1274 coniungi
1754 1232 1841 1274 ex,
1899 1221 1975 1264 sed
2023 1221 2119 1264 ubi-

1235 1288 1320 1330 que
1367 1288 1408 1315 e.
1479 1273 1587 1315 Eam
1633 1274 1895 1330 opinionem
1935 1276 2120 1320 Beierus

1233 1329 1444 1374 refutavit
1467 1331 1523 1373 ad'
1537 1330 1641 1375 Cic.
1665 1331 1788 1377 Lael.
1813 1349 1858 1392 p.
1883 1335 1980 1378 120.
2029 1333 2120 1376 Vo-

1237 1387 1384 1453 culam
1415 1396 1518 1445 post
1549 1390 1820 1447 praecedens
1860 1401 1905 1435 et
1944 1391 2120 1451 saepius

1235 1443 1389 1487 elisam
1431 1445 1760 1492 demonstravit
1791 1448 2024 1494 Drakenb.
2064 1450 2120 1494 ad

1232 1501 1333 1545 Liv.
1358 1502 1396 1552 5,
1420 1502 1490 1553 32,
1512 1505 1553 1544 4.
1627 1504 1783 1560 Quare
1813 1522 1909 1550 non
1937 1510 2121 1556 mirum·

1236 1575 1331 1625 eain
1392 1559 1437 1602 in
1497 1560 1678 1619 reliquis
1731 1561 1858 1608 libris
1908 1567 2121 1610 omnibus

1237 1632 1446 1660 omissam
1473 1634 1582 1661 esse.
1660 1621 1849 1672 [Aseivit
1884 1638 1985 1666 cum
2010 1623 2122 1668 Bek-

1238 1673 1332 1716 ker.
1366 1676 1553 1718 eandem
1590 1692 1614 1719 e
1643 1677 1778 1722 Farn.
1813 1680 1920 1724 cod.
1956 1681 2122 1726 Boetti·

1239 1731 1435 1786 cherus.]

1295 1818 1438 1872 inops.
1499 1817 1575 1886 Sic
1597 1819 1697 1863 MS.
1722 1820 1861 1880 Neap.
1886 1822 1984 1867 edd.
2001 1823 2122 1884 Lips.

1240 1883 1283 1918 et
1306 1891 1399 1942 sqq.
1434 1900 1487 1909 —
1522 1892 1569 1918 1n
1604 1877 1830 1934 prioribus
1865 1881 2033 1926 vitiose⁴
2056 1890 2126 1927 est

1238 1941 1454 1990 scriptum
1500 1936 1601 1988 ἴροε
1643 1936 1712 1979 vel
1758 1938 1924 1991 impos.
2006 1939 2125 1983 Vere

1237 1989 1325 2032 hoc
1348 1990 1529 2034 tradidit
1549 1991 1752 2044 Dronk.‚
1777 1996 1854 2038 sed
1877 1995 1925 2039 in
1951 2012 2006 2040 eo
2035 1997 2128 2043 fal-

1237 2062 1312 2089 sus
1346 2057 1434 2102 est,
1491 2049 1791 2105 quod-poetis
1822 2051 1873 2095 in
1905 2053 1977 2099 ed.
2003 2054 2125 2114 Spir-

1239 2104 1451 2148 excidisse
1479 2105 1604 2149 dicit.

1296 2191 1582 2234 abundabat.
1669 2190 1749 2237 Sic
1802 2191 1939 2239 MSS.
1983 2195 2125 2257 ‘Neap.

1242 2248 1420 2315 [Farn]
1453 2255 1494 2290 et
1518 2247 1687 2293 Vaticc.
1727 2257 1771 2292 et
1801 2251 1902 2297 edd.
1922 2263 2024 2312 post
2047 2255 2128 2299 Er-

1239 2316 1432 2349 nestium
1487 2320 1670 2357 omnes;
1728 2307 1850 2351 idem
1900 2310 2128 2368 Pithoeus,

1242 2362 1468 2406 Acidalius
1507 2372 1549 2405 et
1581 2363 1787 2408 Muretus
1828 2381 2128 2416 correxerant.

1240 2420 1392 2464 Recte.
1469 2419 1711 2478 perperam
1752 2431 1900 2468 autem
1940 2425 1988 2471 in
2025 2427 2128 2475 edd.

1240 2477 1435 2534 antiquis
1454 2485 1495 2521 et
1518 2478 1701 2534 reliquis
1720 2480 1775 2524 ad
1791 2480 1964 2530 Ernest.
1987 2500 2139 2546 usque

1240 2539 1450 2578 abundat
1471 2535 1714 2592 legebatur.

1300 2624 1423 2663 male
1457 2623 1685 2664 admissa.
1746 2621 1858 2668 Vide
1891 2626 2145 2676 Bubulcus<

1209 2696 1212 2697 ⁷
1243 2679 1296 2720 ad
1324 2679 1461 2723 Rutil.
1486 2678 1593 2736 Lup.
1620 2695 1664 2737 p.
1686 2678 1758 2724 83.
1785 2690 1827 2724 et
1850 2682 2046 2743 Herzog.
2073 2687 2129 2731 ad

1245 2735 1370 2779 Caes.
1386 2736 1495 2778 Bell.
1517 2735 1626 2778 Gall.
1647 2737 1686 2787 3,
1699 2737 1741 2780 9.
1802 2739 1867 2783 Ne
1894 2755 2007 2799 opus
2030 2745 2132 2802 qui·

1245 2794 1345 2836 dem
1384 2802 1476 2836 erat
1514 2793 1665 2836 addito
1701 2798 1852 2846 male,
1903 2798 2003 2855 quia
2041 2804 2131 2844 ad-

1246 2852 1441 2894 missum
1475 2850 1745 2906 simplicitur
1777 2853 1947 2898 dictum
1979 2866 2044 2901 est
2076 2859 2131 2903 de

1244 2925 1378 2969 pravo
1421 2909 1623 2950 facinore
1669 2909 1722 2951 ab
1757 2909 1977 2957 Cicerone
2018 2925 2132 2974 part.

1246 2974 1357 3010 orat.
1385 2982 1426 3008 c.
1452 2964 1520 3008 35.
1550 2965 1746 3010 et'l‘acit.
1761 2968 1850 3011 An.
1870 2971 1992 3019 ΗΑ.
2018 2973 2132 3017 aliis·

1245 3039 1346 3081 que,
1380 3023 1453 3066 sed
1481 3022 1600 3065 dedit
1622 3023 1664 3065 id
1692 3025 1886 3092 scriptor
1907 3030 2132 3074 membro·

1241 3097 1342 3124 rum
1373 3080 1687 3147 concinnitati,
1723 3097 1825 3140 quia
1856 3087 1970 3128 bene
1989 3080 2133 3142 facta

1242 3146 1496 3197 praecessu-

1300 3241 1379 3267 neo
1415 3227 1520 3269 ullis
1560 3235 1642 3268 aue
1681 3229 1834 3282 gloria
1863 3231 2019 3272 maior
2047 3239 2132 3275 aul

1243 3285 1486 3336 augustior
1511 3285 1674 3327 honor.
1733 3284 1994 3329 Lectionem
2017 3286 2133 3333 hanc

1244 3340 1346 3384 satis
1391 3342 1551 3383 bonam
1597 3341 1809 3385 debemus
1853 3343 1988 3401 Lipsii
2030 3360 2134 3389 acu·

1245 3397 1384 3444 mini,
1427 3399 1500 3455 qui
1525 3399 1705 3443 Farnes.
1729 3399 1828 3443 cod.
1863 3401 2133 3460 scripturam

1245 3463 1458 3512 sequutus
1492 3457 1688 3513 priorem
1719 3457 1820 3498 edd.
1855 3458 2133 3517 corruptelas

1245 3513 1516 3556 emendavit.
1588 3513 1688 3558 MS.
1722 3513 1864 3572 Neap.
1900 3515 2000 3559 dat:
2050 3529 2133 3559 neo

1245 3572 1326 3611 ull.
1352 3579 1435 3611 ane
1466 3572 1620 3623 gloria
1649 3572 1830 3613 maiore
1864 3579 1946 3614 aue
1979 3588 2135 3628 angu-

1242 3630 1357 3671 stim·
1389 3629 1551 3672 honor.
1585 3651 1638 3660 —
1676 3627 1812 3672 Farn.
1839 3629 1940 3673 cod.
1969 3646 2053 3673 nec
2085 3646 2147 3674 u..
