2150 4022
577 266 1100 328 DIALOGUS.
1186 264 1388 330 CAP.
1437 268 1536 329 10.

1853 266 1978 328 265

143 400 451 478 praecipue
506 397 736 455 laudari
788 391 846 454 et
891 417 1028 453 mox
1079 397 1349 453 omnium
1400 393 1770 453 sermonibus
1818 394 1982 456 ferri.

145 486 318 544 Tolle
341 485 520 559 igitur
545 483 759 560 quietis
781 494 837 539 et
859 481 1185 538 securitatis
1208 482 1636 538 excusationem
1653 525 1677 548 ,,
1712 500 1846 538 cum
1870 481 1984 539 tibi

145 589 338 628 sumas
371 569 773 626 adversarium
798 567 1179 642 superiorem.

1263 566 1438 621 nobis
1471 565 1608 622 satis
1635 565 1744 634 sit,
1780 567 1983 641 priva-

144 669 232 714 tas
269 666 328 712 et
362 653 552 710 nostri
585 653 801 709 saeculi
839 650 1264 708 controversias
1302 650 1482 719 tueri,
1535 650 1600 705 in
1635 650 1851 726 quibus
1884 672 1985 708 ex-

143 740 355 818 pressis
381 739 432 794 si
460 740 698 816 quando
729 757 960 793 necesse
996 736 1071 793 sit
1105 756 1211 810 pro
1247 734 1612 809 periclitante
1647 735 1837 792 amico
1872 740 1982 812 p'o-

143 825 464 884 tentiorum
486 844 656 882 aures
682 823 1010 892 offendere,
1049 832 1106 878 et
1128 820 1374 896 probata
1399 820 1474 876 sit
1494 819 1637 876 fides
1663 832 1720 879 et
1742 821 1982 893 libertas

146 920 429 967 excusata.

142 1130 394 1189 Depravata
423 1129 532 1171 haec
565 1128 835 1173 videbantur
866 1127 1029 1185 pleris-

147 1204 252 1245 que.
290 1186 515 1231 Gesnerus
537 1184 685 1243 itaque
709 1184 1032 1243 etWopkens.

145 1260 210 1288 ex
243 1246 311 1288 his
341 1254 555 1300 tanquam
591 1247 809 1300 glossema
845 1242 1033 1286 voculae

145 1305 250 1346 hinc
271 1300 537 1345 eiiciendum
561 1307 786 1357 putarunt,
817 1300 891 1342 sed
914 1309 1033 1343 recte

147 1369 197 1403 tu
231 1357 463 1402 miraberis
498 1357 783 1400 librariorum
822 1356 1035 1400 stolidita-

144 1424 239 1460 tem
261 1432 384 1467 eam,
414 1430 500 1472 qua
524 1414 733 1458 voculam
758 1414 1034 1467 tritissimam

147 1472 381 1531 explanare
447 1471 749 1515 necessarium
814 1470 1034 1514 duxerint.

145 1529 311 1575 Metius
341 1529 476 1588 igitur
507 1529 610 1573 loco
643 1527 920 1572 consuluisse
948 1545 1034 1586 pu·-

146 1588 310 1631 tandus
338 1596 404 1630 est
423 1586 658 1635 Muretus,
699 1587 775 1643 qui
808 1588 912 1628 hinc
942 1591 1033 1639 ing.

147 1647 352 1687 existere
374 1658 471 1687 ass.
497 1642 782 1686 scribendum
808 1644 1033 1690 suadebat,

147 1702 271 1760 quod
307 1700 481 1744 Actdat.
519 1698 726 1744 Gronov.
763 1709 804 1743 et
835 1700 1031 1743 Schurz-

147 1758 317 1804 sseisch.
353 1758 627 1816 probarunt,
672 1757 924 1800 Heumann.
951 1757 1035 1799 Bi-

146 1824 277 1877 pont.
305 1814 483 1860 Schulz.
522 1823 565 1857 et
595 1814 803 1858 Oberlin.
847 1830 1035 1871 recepe-

147 1883 269 1918 runt.
324 1897 378 1907 -
457 1873 660 1915 excitam·
691 1872 855 1916 Schelii
897 1873 1032 1915 menti

149 1931 438 1980 occurrebam
462 1932 567 1972 hine
588 1930 824 1984 ingentem
847 1944 946 1971 esse
966 1931 1036 1973 his

144 1991 228 2044 (sc.
261 1987 518 2043 tragoediis)
547 2001 795 2029 assensum
826 2003 849 2031 a
879 1987 1036 2029 Schul-

145 2046 287 2103 tingio
309 2043 575 2109 profectum,
595 2046 752 2088 excire
764 2044 815 2089 F.
828 2043 1035 2087 A.'Wol-
1063 2079 1066 2085 ,

145 2103 192 2146 fii
253 2108 560 2147 coniecturam
612 2100 805 2147 Belzker.
859 2100 1036 2145 Dronk.

148 2157 390 2211 [Boettich.
416 2166 458 2200 et
482 2158 687 2216 Rupert.]
721 2158 768 2200 in
799 2167 918 2202 textu
944 2157 1036 2200 col-

145 2219 368 2264 locarunt,
389 2231 501 2272 quae
522 2216 628 2259 mihi
651 2226 832 2274 quoque
853 2215 1035 2274 reliquis

149 2274 361 2317 omnibus
380 2275 651 2330 probabilior
664 2274 854 2319 videtur.
872 2296 927 2305 --
959 2274 1034 2316 Se·

148 2332 329 2389 quentia
354 2331 544 2386 denique
569 2331 780 2374 constitui
811 2347 862 2372 ex
885 2338 1036 2373 aucto·

148 2390 277 2432 ritate
290 2386 422 2430 MSS.
434 2387 570 2444 Neap.
580 2392 641 2439 [et
654 2388 821 2439 Farn.],
834 2388 908 2445 qui
923 2386 1034 2430 exhi-

148 2448 257 2490 bent
287 2447 403 2487 haec
435 2474 447 2487 .
473 2475 484 2486 .
511 2474 522 2484 .
554 2446 768 2495 laudari,
807 2454 855 2489 ut
879 2445 1034 2486 conie-

151 2512 278 2547 ctura
301 2501 471 2544 dudum
497 2501 769 2559 adsequutus
792 2510 886 2544 erat
910 2501 1032 2544 LFr.

152 2560 319 2610 Gron.‚
347 2574 481 2616 quem
504 2568 752 2616 sequuntur
765 2558 1032 2612 Heumann„

150 2615 420 2674 Wopkens.
455 2615 487 2659 l.
522 2615 552 2658 l.
595 2632 639 2675 p.
671 2616 796 2670 388.,
854 2616 1032 2658 Schulz.

151 2673 295 2718 Orell.
333 2671 540 2725 [Bekker.
576 2674 724 2716 Boett.
757 2673 918 2732 Rup.].
988 2672 1039 2714 ln

150 2731 338 2794 reliquis
370 2737 506 2773 exstat
540 2732 665 2786 hinc,
710 2731 756 2774 in
783 2732 920 2774 MSS.
944 2728 1037 2773 Va-

151 2789 260 2834 ticc.
294 2790 392 2843 hic,
447 2789 685 2832 manifesto
716 2789 945 2833 vitiosum.
981 2809 1041 2818 --

152 2846 331 2890 Adiicio
379 2846 427 2888 F.
469 2847 526 2888 A.
561 2845 736 2889 Wolfii
783 2847 919 2891 verba
961 2843 1040 2889 in:

156 2904 444 2946 Vermischte
496 2904 729 2958 Schriften
779 2906 878 2946 und
919 2901 1040 2957 Auf-

145 2965 288 3004 -siz‘tze
310 2977 355 3018 p.
383 2961 503 3004 164.=
549 2961 799 3012 „Ceterum
823 2968 943 3003 totus
968 2962 1040 3002 lo-

155 3033 258 3065 cus,
288 3017 475 3060 dubitari
501 3019 675 3066 licebit,
708 3035 763 3062 an
787 3019 918 3063 bodie
940 3017 1041 3059 satis

155 3074 327 3133 integer
353 3073 542 3132 legatur.
605 3075 783 3134 Quippe
805 3076 894 3119 hiat
923 3091 1039 3132 quo-

157 3132 399 3174 dammodo
420 3164 433 3183 ,
501 3134 623 3190 quod
674 3150 776 3176 mox
829 3138 1041 3196 sequitur,

155 3188 287 3230 Tolle
322 3190 478 3242 igitur.
550 3190 636 3234 Sed
671 3191 725 3234 de
760 3192 846 3234 hoc
882 3206 1041 3248 genere

156 3245 282 3303 plura
307 3246 458 3289 insunt
483 3246 662 3296 libello,
700 3248 766 3290 vix
788 3249 880 3291 sine
911 3249 1039 3290 locu-

144 3301 358 3358 pletioris
411 3303 580 3346 codicis
636 3321 722 3363 ope
778 3304 1042 3348 sanabilia.''

158 3360 384 3418 Supplevit
451 3361 587 3417 igitur
648 3363 754 3406 baec
811 3363 1042 3405 Broterius

158 3417 319 3459 Sentio
374 3421 482 3474 quid
541 3422 816 3474 responderi
868 3424 1041 3473 possit:

156 3473 342 3524 placere
362 3478 474 3518 haec
500 3485 778 3530 argumenta
793 3492 808 3519 :
845 3479 946 3519 hinc
969 3479 1039 3518 in-

159 3539 316 3584 gentes
351 3548 415 3574 ex
449 3534 520 3575 lais
553 3548 806 3585 assensus;
855 3536 958 3575 ltine
999 3536 1045 3574 in

161 3588 268 3642 ipsis
289 3591 533 3634 auditoriis
562 3591 808 3645 praecipue
844 3592 1045 3640 caudari,

1103 1132 1148 1167 et
1170 1138 1289 1166 mox
1311 1123 1523 1167 omnium
1545 1123 1990 1180 sermom‘busserri.

1101 1182 1290 1226 Fateor.
1347 1182 1412 1224 At
1433 1189 1607 1237 quanto
1622 1183 1730 1235 plus
1751 1183 1990 1226 celebrita-

1104 1241 1161 1282 tis
1178 1272 1189 1290 ‚
1245 1245 1382 1280 tanto
1418 1241 1524 1292 plus
1568 1240 1768 1293 offensae
1783 1253 1798 1289 ,·
1854 1246 1990 1282 tanto

1103 1299 1242 1340 ruina
1285 1298 1465 1338 certior.
1543 1296 1675 1338 Tolle
1714 1296 1855 1350 igitur
1878 1296 1992 1348 etc..

1105 1369 1217 1412 quae
1239 1355 1420 1410 quidem
1443 1356 1590 1397 omnia
1606 1353 1865 1398 Erotes-iana
1885 1361 1992 1397 sunt

1105 1411 1245 1469 magis
1272 1426 1404 1468 quam
1430 1409 1649 1454 Tacitina.

1150 1470 1290 1525 ferri.
1351 1467 1434 1511 Ed.
1461 1468 1581 1525 Spir.
1591 1467 1717 1523 fieri.

1164 1528 1323 1581 quietis
1350 1533 1394 1567 et
1424 1526 1700 1569 securitatis.
1761 1523 1876 1571 Ptin.
1905 1525 1993 1585 Ep.

1105 1584 1147 1632 6,
1169 1585 1210 1631 8,
1233 1584 1274 1626 2.
1307 1598 1452 1639 quarn
1485 1585 1544 1625 sit
1571 1583 1695 1624 milti
1719 1597 1858 1624 curae
1884 1599 1995 1626 mo-

1105 1643 1257 1683 destia
1270 1672 1283 1695 ,
1337 1642 1484 1695 quies,
1526 1642 1751 1683 securitas
1785 1641 1900 1684 eius.
1934 1668 1997 1679 --

1107 1700 1189 1740 tibi
1219 1712 1408 1747 sumas,
1437 1696 1682 1744 ,audaciam
1710 1706 1753 1739 et
1783 1712 1997 1756 arrogan-

1106 1757 1214 1799 tiam
1237 1754 1430 1809 indicat,
1465 1770 1548 1810 qua
1575 1754 1722 1811 ipsum
1747 1753 1996 1813 principem

1107 1812 1334 1856 offendere
1355 1828 1447 1854 non
1469 1820 1673 1861 veretur,
1730 1810 1844 1853 Vide
1866 1813 1996 1871 Spal-

1107 1871 1226 1927 ding.
1259 1876 1356 1911 not.
1393 1869 1492 1913 erit.
1526 1869 1580 1912 ad
1606 1866 1768 1925 Quint.
1791 1868 1901 1914 lust.
1925 1886 1996 1917 or.

1109 1930 1177 1978 12,
1199 1927 1241 1977 6,
1267 1928 1310 1970 5.

1163 1987 1281 2027 satis
1306 1985 1383 2025 sit.
1443 1981 1528 2026 Ed.
1553 1983 1668 2025 lunt.
1697 1987 1819 2026 satis
1838 1988 1920 2032 sic.

1163 2046 1211 2085 z'n
1251 2042 1410 2097 quibus
1444 2043 1699 2095 expresses.
1772 2042 1850 2087 Sic
1891 2043 1996 2088 libri

1107 2114 1292 2151 omnes;
1313 2106 1446 2147 recte,
1467 2097 1717 2142 dummodo
1736 2100 1850 2144 hene
1865 2102 1998 2160 expli·

1109 2165 1269 2200 centur
1287 2155 1394 2199 haec
1414 2157 1562 2198 vei-ba.
1621 2156 1708 2199 Sed
1733 2159 1778 2200 in
1801 2158 1999 2204 diversas

1107 2222 1254 2272 partes
1299 2214 1563 2270 interpretes
1606 2214 1825 2258 abierunt.
1893 2216 1999 2266 Alii,

1105 2281 1155 2314 ut
1186 2270 1423 2320 oberlin„
1448 2326 1453 2328 „
1478 2274 1715 2322 eccpressis
1750 2274 1999 2329 explicant=

1106 2330 1338 2387 expositis3
1382 2326 1720 2374 Nvottmannus
1750 2330 1997 2375 vernaculo

1105 2402 1315 2429 sermone
1327 2403 1338 2427 =
1364 2387 1435 2427 bei
1444 2385 1721 2441 Darlegung
1730 2391 1998 2440 derselben3

1106 2441 1358 2486 Drtmkius:
1390 2442 1437 2484 in
1460 2442 1628 2497 causis,
1665 2459 1772 2501 quas
1795 2461 1888 2488 non
1910 2444 1997 2489 ele-

1108 2500 1280 2558 gimus,
1331 2500 1406 2542 sed
1443 2499 1602 2556 pietate
1637 2503 1707 2545 vet
1746 2500 1886 2546 officii
1921 2503 1997 2549 vel

1107 2556 1450 2600 necessitudinis
1510 2557 1734 2602 iniunctas
1792 2560 1995 2618 suscepi-

1111 2629 1238 2666 mus;
1264 2613 1494 2670 [Rupert.:
1526 2631 1622 2663 „an
1642 2630 1870 2670 expressa
1893 2627 1999 2662 sunt

1111 2670 1343 2729 perspicua
1375 2677 1418 2712 et
1458 2672 1789 2726 xna1nifesta?'’;
1829 2673 1999 2719 Boetti-

1113 2729 1258 2772 chen:
1300 2733 1568 2780 „expressis
1591 2730 1708 2776 idem
1734 2730 1851 2776 duco
1873 2734 1997 2790 quod

1111 2786 1432 2841 expromptis:
1473 2801 1613 2828 wetm
1649 2804 1765 2833 man
1799 2790 1996 2848 είηηιαΙ,

1111 2845 1261 2886 damit
1278 2846 1646 2897 'nervom-aena,
1667 2849 1828 2901 nothig
1839 2849 1921 2890 hat
1933 2849 2001 2906 ’'J.

1112 2901 1334 2958 Equidem
1392 2910 1502 2958 puto
1565 2918 1787 2960 expressas
1848 2921 2002 2950 causas

1111 2959 1314 3014 sumptis,
1345 2974 1452 3015 quas
1476 2975 1607 3016 supra
1630 2963 2001 3007 commemoravit

1112 3016 1318 3071 Tacitus,
1353 3017 1576 3072 oppositas
1602 3032 1720 3068 esse,
1752 3036 1912 3079 easque
1935 3019 2002 3063 in·

1114 3073 1278 3124 dicari,
1319 3075 1371 3115 ad
1398 3089 1515 3131 quas.
1531 3076 1722 3131 agendas
1752 3078 2001 3121 necessitu-

1114 3130 1218 3172 dine
1242 3131 1386 3187 aliqua
1412 3147 1642 3189 cogamur.
1719 3134 1838 3179 Nihil
1863 3135 2001 3193 igitur

1114 3203 1226 3245 opus
1248 3200 1325 3239 est,
1349 3198 1395 3231 ut
1410 3191 1547 3232 verba
1562 3191 1860 3249 corrigantur.
1893 3208 1999 3236 nam

1112 3246 1233 3301 quod
1250 3242 1421 3303 Lipsius
1435 3247 1554 3290 dedit
1570 3258 1612 3290 et
1625 3249 1824 3292 Schelius
1843 3251 2002 3310 proba·

1113 3305 1202 3346 vitt
1237 3306 1284 3344 in
1311 3305 1472 3359 quibus
1494 3308 1727 3359 expressit
1749 3308 1794 3347 si
1817 3312 2002 3361 quondo

1113 3362 1379 3411 necessitas,
1400 3361 1456 3404 ob
1480 3363 1719 3405 verborum
1742 3363 2002 3408 collocatio·

1116 3433 1218 3459 nem
1255 3418 1400 3460 miuus
1434 3419 1667 3478 probabile
1701 3425 1792 3471 es't;
1832 3419 1999 3465 Schul-

1115 3474 1253 3533 ting.:
1314 3475 1362 3516 in
1409 3479 1567 3530 quibus
1614 3482 1658 3518 et
1696 3476 1920 3530 professis
1960 3481 2006 3524 si

1117 3534 1305 3587 quando
1345 3540 1456 3582 etc.;
1504 3533 1573 3574 De
1613 3533 1652 3574 la
1685 3533 1923 3594 Monuoye
1958 3546 2002 3581 et

1116 3588 1357 3635 Lamanius
1418 3599 1675 3649 proponunt
1732 3595 2002 3645 expressius
