2150 4022
218 227 342 290 258
692 222 838 289 'DE
897 223 1551 314 oRA'romssus
1578 276 1587 288 ,

220 359 488 437 pervenit
539 359 793 432 frugem:
860 375 970 416 nec
1019 372 1121 419 aut
1168 349 1509 420 amicitiam-
1547 364 1689 421 inde
1738 363 1931 422 refert-
1969 377 2073 424 aut

226 446 557 522 clientelam
596 456 698 501 aut
731 464 1075 501 mansurum
1110 446 1177 502 in
1217 447 1420 504 animo
1465 448 1809 525 cuiusquam
1849 444 2074 508 benefi-

227 532 415 599 cium,
466 531 567 586 sed
585 582 587 584 .
605 531 921 586 clamorem
951 551 1163 605 vagum
1193 543 1249 587 et
1275 552 1448 588 voces
1473 532 1678 590 inanes
1707 546 1766 591 et
1789 535 2072 607 gaudium

214 617 479 672 volucre.
603 613 1004 672 Laudavimus
1058 636 1250 690 nuper
1299 628 1368 673 ut
1421 618 1633 675 miram
1688 630 1745 676 et
1797 620 2070 677 eximiam

221 699 571 776 Vespasiani
596 700 1007 774 liberalitatem
1023 746 1038 770 ‚
1078 702 1237 777 quod
1263 702 1586 776 quingenta
1612 701 1871 761 sestertia
1886 703 2069 763 Basso

221 787 511 845 donasset.
596 781 910 861 pulchrum
947 786 1010 841 id
1048 786 1323 862 quidem,
1378 787 1807 862 indulgentiam
1845 790 2071 864 princi-

222 871 315 946 pis
344 869 581 944 ingenio
617 871 856 927 mereri:
916 883 1134 947 quanto
1163 883 1360 928 tamen
1386 869 1721 947 pulchriu5,
1773 874 1824 930 si
1857 875 1936 932 ita
1976 895 2069 931 res

224 955 533 1013 familiaris
565 955 784 1030 exigat,
834 975 894 1012 se
936 956 1130 1031 ipsum
1154 956 1386 1027 colere,
1441 977 1614 1016 suum
1653 958 1894 1033 genium
1927 980 2069 1037 pro-

219 1158 375 1207 cerpca
399 1149 610 1210 legentis,
631 1149 752 1209 quod
777 1150 892 1207 apud
909 1150 1106 1194 Plinium
1177 1150 1383 1196 Tom.11.
1409 1167 1454 1210 p.
1472 1152 1541 1195 84.
1568 1150 1671 1195 coll.
1684 1150 1819 1197 Tom.
1831 1153 1888 1199 V.
1908 1169 1951 1213 p.
1967 1153 2062 1198 195.

215 1210 438 1268 reperitur
458 1209 595 1266 Epist.
621 1210 660 1259 5,
674 1209 796 1256 QQS.
819 1223 879 1250 ne
899 1212 1106 1263 gratiam
1180 1212 1373 1255 Clamor
1426 1210 1547 1252 enim
1611 1210 1925 1266 plaudentium
1987 1221 2067 1257 est.

217 1267 438 1311 novitatis
470 1274 512 1308 et
529 1265 708 1320 florem
740 1295 753 1307 .
777 1297 788 1308 .
809 1295 822 1308 .
846 1297 855 1307 .
882 1269 1108 1321 epistolae
1235 1269 1570 1321 indulgenciam
1604 1296 1617 1309 .
1642 1298 1654 1310 .
1678 1299 1689 1310 .
1718 1271 1904 1312 mereri.
1962 1285 2063 1314 me-

218 1324 502 1380 loquacitate
543 1337 851 1377 praecerpam
866 1339 881 1373 ;
939 1323 1104 1380 Paneg.
1177 1326 1280 1368 reri
1350 1341 1432 1392 pro
1506 1325 1827 1381 consequendo
1893 1326 2063 1370 dictum

214 1383 284 1430 58,
310 1380 349 1424 5.
377 1388 700 1434 praeeat-ptum
727 1379 1102 1435 praefloratam-
1174 1382 1383 1440 exemplis
1409 1381 1663 1425 docuerunt
1688 1382 1865 1426 Dronk.
1889 1384 1943 1427 ad
1969 1385 2008 1429 b.
2032 1383 2064 1427 l.

216 1454 326 1499 que,·
357 1438 518 1494 Quint.
541 1437 648 1480 Inst.
672 1453 743 1480 or.
763 1436 804 1487 4,
826 1439 866 1487 5,
886 1439 928 1481 4.
955 1440 1104 1480 omnis
1175 1447 1216 1481 et
1241 1439 1469 1498 Spalding.
1506 1439 1558 1481 ad
1586 1438 1747 1493 Quint.
1779 1440 1888 1484 Inst.
1923 1457 1990 1484 or.
2020 1444 2062 1490 4,

254 1532 265 1543 .
308 1496 463 1552 gratia
504 1495 726 1537 novitatis
768 1495 1105 1548 praecerpitur.
1173 1496 1294 1547 239.
1317 1497 1663 1551 Indulgeneiam
1684 1495 1881 1554 intellige
1896 1497 2060 1542 Caesa-

213 1560 276 1603 At
301 1551 520 1598 sententia
548 1551 808 1609 neutiquam
833 1553 1000 1596 diversa
1038 1561 1100 1595 est

212 1616 267 1659 ab
298 1629 372 1661 ea,
418 1625 531 1666 quae
563 1609 698 1652 codd.
732 1609 922 1652 lectione
958 1609 1100 1654 conti·

210 1680 358 1716 netur.
428 1666 553 1710 Idem
586 1666 813 1711 contendo
852 1666 1001 1711 valere
1047 1669 1099 1710 de

210 1727 472 1773 coniectura
529 1723 772 1767 Hofmann.
821 1723 1096 1782 Peerlkamp.

210 1790 492 1836 intercepta,·
513 1782 806 1837 intercipitur
821 1781 953 1831 enim,
974 1782 1099 1839 quod

206 1846 257 1887 in
292 1840 445 1886 medio
481 1840 656 1895 eapitur
687 1854 771 1881 nec
802 1841 1010 1897 pervenit
1044 1839 1099 1883 ad

209 1902 236 1945 d
267 1900 476 1943 stinatum
512 1895 597 1939 sibi
633 1896 800 1939 locum.
872 1896 931 1940 cf.
963 1896 1098 1940 Ovid.

206 1917 395 2002 lvletam.
415 1955 456 2004 8,
478 1954 577 1996 292.
609 1953 676 2002 15,
701 1953 799 1997 113.
858 1953 1099 1997 Ruhnken.

209 2015 316 2059 dict.
338 2013 384 2055 in
407 2011 591 2054 Terent.
613 2026 657 2068 p.
676 2011 746 2053 92.
770 2035 829 2043 -
871 2011 931 2052 In
954 2013 1097 2053 herba

209 2075 285 2115 vel
300 2070 428 2127 flore
455 2082 553 2111 esse
584 2068 809 2126 proverbii
835 2068 879 2110 in
906 2068 1093 2110 modum

207 2129 372 2173 dicitur
405 2140 520 2185 pro:
575 2126 783 2168 nondum
819 2142 887 2168 res
922 2133 1094 2167 matura

205 2195 297 2239 esu
337 2184 535 2228 dictione
567 2198 591 2225 a
630 2182 868 2226 frumentis
903 2190 1096 2240 sumpta,

238 2260 319 2288 uae
368 2241 571 2301 germina
611 2239 806 2283 mittere*
830 2248 1093 2296 coeperunt.

205 2260 508 2356 gudendorp.
543 2297 598 2340 ad
635 2296 761 2341 Caes.
794 2297 845 2341 B.
881 2298 931 2341 C.
957 2300 995 2351 1,
1021 2297 1093 2339 48.

206 2359 416 2403 Gronov.
453 2355 505 2398 ad
541 2353 635 2397 Liv.
670 2355 739 2407 25,
769 2354 839 2398 15.
899 2356 1093 2412 Interpr.

206 2416 339 2461 Ovid.
353 2413 458 2456 Her.
477 2410 653 2463 17‚263.

262 2479 346 2516 aut
389 2471 668 2518 clientelam.
748 2477 834 2512 aut
879 2483 972 2511 om.
1018 2467 1091 2512 ed.

204 2534 353 2583 Iunt.;
408 2543 491 2587 pro
535 2529 721 2570 volucre
757 2526 967 2578 ed.,Put.
1008 2540 1090 2566 υο-

205 2593 357 2640 luere;
410 2600 494 2644 pro
541 2586 759 2627 sestertia
810 2584 910 2627 MS.
952 2583 1090 2641 Neap.

202 2644 437 2690 sextertia
462 2645 530 2698 (ut
551 2641 619 2686 ed.
640 2641 778 2698 Spir.)
808 2657 998 2697 semper.

260 2714 553 2745 mansurum.
649 2698 887 2756 Participia
949 2697 1088 2739 futuri

201 2759 334 2805 activ.
369 2756 690 2802 adiectis-orum
726 2755 828 2799 loco
863 2771 1080 2838 usurpan-

199 2827 299 2867 tur,
328 2824 378 2859 ut
399 2815 489 2857 An.
506 2814 548 2862 4,
567 2813 638 2856 38.
657 2814 1004 2866 pulcherrimae
1025 2812 1087 2866 ᾧ

187 2876 329 2931 figies
368 2880 412 2914 et
450 2880 736 2921 mansurae;
790 2870 904 2913 Hist.
942 2871 979 2920 1,
1015 2870 1084 2913 78.

197 2946 321 2974 nova
360 2930 470 2971 iura
510 2930 719 2970 ostentui
755 2929 906 2981 magis
943 2942 1085 2982 quam

198 3001 459 3034 mansura,
500 2984 607 3028 ibid.
642 2986 683 3034 2,
715 2985 784 3027 49.
819 2987 1085 3038 sepulcrum

197 3051 490 3090 exstructum
504 3048 571 3083 est
587 3045 818 3084 modicum
835 3050 877 3084 et
890 3055 1081 3084 mansu-

196 3118 324 3146 rum.
381 3099 458 3144 Sic
487 3098 604 3141 infra
637 3114 675 3140 c.
698 3101 769 3142 2⁶2.
800 3100 978 3155 firmus
998 3113 1083 3150 pa·

195 3162 286 3203 ries
307 3166 351 3202 et
373 3159 655 3207 duraturus,
683 3172 723 3199 c.
742 3157 811 3199 34.
837 3172 1012 3212 magna
1037 3163 1081 3198 ct

193 3222 425 3260 duratura
447 3212 733 3267 eloquentiae
746 3215 906 3269 sama.

250 3276 505 3316 clamorem
533 3283 716 3323 vagum.
786 3269 888 3312 Vid.
918 3268 1078 3325 Quint.

192 3332 301 3375 Inst.
327 3345 394 3372 or.
420 3330 487 3384 10,
516 3327 554 3375 1,
579 3326 646 3369 17.
680 3327 729 3367 in
753 3329 947 3369 lectione
971 3340 1076 3368 cer-

190 3391 280 3431 tius
303 3386 547 3439 iudicium,
589 3386 712 3439 quod
735 3385 948 3426 audienti
965 3382 1074 3439 sre-

189 3452 384 3501 quenter
427 3450 512 3485 aut
563 3454 675 3484 suns
720 3441 886 3495 cuique
924 3442 1073 3496 favor

185 3510 272 3543 aut
295 3503 371 3543 ille
393 3499 686 3542 laudantium
709 3499 888 3539 clamor
910 3505 1070 3540 extor-

187 3568 306 3614 quet.
397 3556 466 3600 Cf.
507 3554 739 3614 Spalding.
784 3554 838 3597 ad
882 3554 909 3597 l.
945 3555 976 3599 Ι.
1024 3564 1065 3599 et

1153 1555 1232 1597 -ris
1265 1553 1449 1610 gratiam
1485 1562 1524 1595 et
1557 1553 1784 1605 favorem3
1825 1557 1884 1598 ita
1910 1556 2061 1598 indul·

1170 1611 1464 1666 gentissimus
1483 1611 1746 1663 imperator
1761 1611 1924 1655 dicitur
1940 1612 2061 1670 apud

1173 1669 1290 1711 Plin.
1325 1668 1486 1724 paneg.
1522 1683 1561 1710 c.
1592 1667 1662 1718 90,
1688 1668 1730 1711 4.
1766 1667 2062 1728 pluribusque

1172 1726 1369 1769 eiusdem
1398 1723 1696 1781 Epistolarum
1721 1725 1832 1769 locis
1854 1742 1878 1768 a
1900 1726 2060 1770 Dron-

1171 1782 1245 1826 kio
1267 1783 1490 1837 collectis,
1525 1783 1684 1839 quibus
1705 1783 1818 1826 adde
1838 1782 1976 1843 Epist.
1991 1787 2060 1840 10,

1169 1841 1238 1892 21,
1269 1842 1332 1892 l.;
1363 1839 1430 1891 56,
1451 1836 1518 1891 3.;
1551 1840 1621 1882 92.
1847 1852 1849 1855 ’

1226 1900 1270 1941 si
1318 1899 1385 1940 ita
1439 1908 1517 1939 res
1561 1897 1830 1952 familiare&
1879 1902 2059 1956 exigat.

1172 1953 1285 1997 Vide
1316 1954 1473 2009 Quint.
1501 1954 1607 1998 lnst.
1632 1970 1698 1997 or.
1727 1955 1790 2007 12,
1812 1957 1853 2004 7,
1879 1957 1922 2001 9.
1948 1965 2001 2000 at
2018 1960 2063 2002 si

1167 2027 1244 2054 res
1265 2012 1528 2068 familiaris
1560 2013 1765 2064 amplius
1789 2014 1969 2071 aliquid
1993 2019 2058 2058 ad

1167 2084 1276 2111 usus
1298 2070 1583 2110 necessarios
1607 2070 1760 2122 exiget
1773 2102 1787 2125 ,
1820 2100 1859 2116 ..
1872 2100 1886 2116 .
1904 2073 2055 2128 patie-

1167 2135 1246 2169 tur
1267 2127 1351 2169 sibi
1371 2127 1580 2178 gratiam
1600 2126 1784 2181 referri.

1220 2198 1359 2226 suum
1387 2185 1572 2235 genium
1601 2183 1875 2237 propiciare.
1932 2183 2055 2230 Haec

1170 2243 1306 2285 verba
1340 2256 1432 2282 non
1469 2240 1754 2296 reperiuntur
1778 2241 1826 2285 in
1848 2241 1951 2286 edd.
1979 2258 2053 2287 an·

1164 2297 1300 2356 liquis
1322 2329 1334 2348 ,
1401 2297 1455 2339 de
1501 2298 1763 2354 glossemate
1815 2298 1949 2356 igitur
2000 2315 2053 2343 ea

1164 2362 1368 2413 suspecta
1419 2354 1570 2397 habuit
1617 2355 1868 2405 Brona-ius,
1927 2356 2051 2415 quasi

1163 2413 1266 2455 talia
1282 2427 1477 2469 unquam
1493 2411 1715 2468 proficisci
1733 2414 1980 2471 potuissent
1994 2413 2049 2457 ab

1163 2468 1370 2519 librariis,
1395 2467 1466 2510 ine
1504 2469 1556 2511 tis
1574 2469 1836 2528 plerumque
1858 2469 2049 2514 homun-

1164 2526 1386 2570 cionibus.
1455 2485 1575 2568 tiene
1606 2526 1742 2583 igitur
1770 2527 1939 2572 sactum
1969 2535 2049 2580 est,

1162 2593 1212 2627 ut
1251 2600 1299 2626 ex
1342 2582 1476 2626 codd.
1510 2583 1783 2627 adderentur
1816 2601 1889 2634 ea,
1934 2601 2047 2644 quae

1162 2641 1354 2684 orationi
1376 2648 1606 2698 poetarum
1633 2641 1677 2683 in
1699 2656 1871 2685 rnorem
1891 2641 2047 2700 ampli-

1160 2698 1313 2742 ficatae
1350 2696 1517 2754 optime
1555 2698 1847 2744 conveniunt.
1906 2699 2043 2744 MSS.

1159 2755 1293 2797 Farn.
1307 2755 1432 2808 (teste
1447 2754 1492 2796 Li
1502 2754 1612 2811 psio)
1626 2764 1668 2796 et
1682 2754 1818 2813 Neap.
1830 2758 2045 2814 praebent

1157 2827 1294 2854 suum
1328 2813 1561 2865 ingenium
1593 2813 1876 2864 propitiare,
1921 2812 2043 2857 idem

1157 2867 1352 2927 repperit
1373 2868 1548 2910 Broter.
1573 2867 1618 2910 in
1642 2867 1906 2915 MssNau.
1920 2870 2045 2916 1862.

1157 2935 1199 2969 et
1234 2925 1358 2967 1518.
1389 2953 1447 2962 ..-
1480 2926 1571 2967 sive
1605 2927 1844 2978 ingenium
1864 2930 2043 2983 propa·-

1157 2983 1280 3024 tiare
1305 2979 1405 3026 MS.
1434 2981 1530 3025 Vat.
1552 2982 1709 3035 4498.;
1747 2985 1868 3041 quod
1901 2986 2041 3044 negli—

1154 3055 1258 3098 gere
1291 3039 1538 3090 Seebodi0,
1579 3039 1754 3084 Dronk.
1789 3050 1834 3084 et
1863 3041 2040 3089 Osann.

1155 3096 1277 3139 nefas
1311 3096 1555 3139 videbatur.
1615 3096 1730 3146 Sed,
1769 3114 1871 3143 vere
1892 3097 2040 3145 Orell.

1151 3153 1321 3211 inquit,
1354 3153 1398 3194 in
1434 3161 1577 3195 ratum
1605 3153 1694 3198 boc
1716 3163 1760 3198 et
1778 3164 1927 3212 aperte
1949 3157 2038 3202 sal-

1149 3225 1247 3252 sum
1274 3218 1372 3268 post
1395 3211 1406 3252 i
1431 3212 1494 3253 la:
1537 3211 1879 3265 indulgentiam
1903 3217 2037 3269 prin-

1147 3269 1261 3321 cipis
1294 3269 1470 3321 ingenio
1504 3270 1706 3319 mereri;
1743 3285 1882 3328 aeque
1915 3272 2033 3315 enim

1147 3324 1206 3375 is,
1237 3323 1313 3391 qui
1335 3324 1516 3382 ingenio
1541 3341 1623 3368 suo
1644 3325 1858 3385 principis
1879 3327 2034 3374 indul-

1146 3389 1337 3439 gentiam
1362 3381 1546 3426 meritus
1574 3391 1711 3434 esset,
1749 3383 1835 3429 dici
1861 3394 2033 3444 poterat

1142 3454 1274 3482 suum
1318 3437 1548 3494 ingenium
1585 3454 1670 3497 pro
1705 3438 1868 3485 itiasse.
1938 3442 2030 3488 Re-

1140 3494 1416 3541 currendum
1450 3505 1515 3539 est
1536 3497 1590 3540 ad
1617 3512 1668 3554 pa
1689 3498 1870 3542 mariam
1893 3498 2030 3558 Lipsii

1138 3551 1518 3603 emendationem,
1538 3570 1561 3597 a
1580 3555 1802 3613 plerisque
1818 3555 2030 3615 interprr.
