2150 4022
196 295 277 355 72

560 293 628 352 c,
672 231 1237 374 CORNELIUS!
1271 274 1725 354 TA‘CITUS‘

196 423 265 479 in
316 438 668 481 eonsensum
703 423 912 494 vertit,
971 434 1041 482 ut
1077 423 1339 500 primum
1365 423 1772 495 adoleverint,
1815 423 2059 481 'crinem

198 508 565 584 barbamque
592 507 966 580 submittere,
1006 529 1115 566 nec
1139 508 1257 565 nisi
1280 503 1449 565 hoste
1475 526 1876 566 caesoexuere
1905 507 2065 566 voti-

199 596 347 650 irum
372 593 815 671 obligatumque
834 594 1045 652 virtuti
1070 594 1192 650 oris
1215 588 1508 653 habitum.
1596 591 1790 668 Super
1828 593 2067 667 sangui-

203 697 341 735 nem
368 689 425 734 et
457 679 644 753 spolia
679 680 944 736 revelant
973 679 1263 748 frontem,
1306 696 1484 755 seque
1511 687 1640 735 tum
1665 679 1902 736 demum
1928 696 2066 754 pre-

205 763 290 820 tia
338 763 621 820 nascendi
663 765 973 838 rettulisse>
999 765 1328 843 dignosque
1371 763 1562 838 patria
1602 782 1670 820 ac
1721 763 2067 839 parentibus

205 848 426 912 ferunt.

511 849 738 924 ignavis
773 861 830 907 et
862 845 1204 906 imbellibus
1228 859 1428 905 manet
1450 847 1710 925 squalor.
1790 845 2070 905 Fortissi-

204 952 338 989 mus
362 933 610 1011 quisque
632 935 890 992 ferreum
913 936 1157 1010 insuper
1176 933 1465 990 annulum
1490 930 1979 1011 (ignominiosum
2004 931 2069 988 id
2148 925 2150 929 ’

205 1014 393 1097 genti)
417 1020 581 1078 velut
608 1019 917 1077 vinculum
944 1030 1156 1093 gestat,
1211 1016 1400 1076 donee
1439 1037 1499 1075 se
1535 1019 1708 1075 caede
1738 1014 1926 1075 hostis
1963 1018 2071 1074 ab-

205 1104 413 1164 solvat.

498 1103 782 1162 Plurimis
802 1104 1110 1163 Cattorum
1134 1099 1232 1160 hic
1259 1103 1452 1178 placet
1481 1097 1739 1162 habituS.

1824 1100 2069 1180 Iamque

207 1199 423 1246 canent
474 1190 763 1264 insigneS‚
828 1202 885 1249 et
927 1186 1200 1248 hostibus
1243 1188 1421 1246 simul
1464 1188 1702 1266 suisque
1743 1187 2071 1247 monstrati.

207 1450 324 1480 rara
358 1444 403 1480 et
429 1437 623 1492 priuata
655 1439 870 1494 cuiusque
896 1438 1108 1489 audatia,

207 1496 336 1549 apud
368 1493 530 1538 Cattos
563 1495 613 1538 in
647 1510 923 1538 consensum
955 1496 1110 1548 vertit,

209 1558 264 1593 ut
277 1553 486 1606 primum
513 1560 600 1598 ete.
658 1551 861 1595 Eandem
884 1553 1110 1597 rationem

206 1611 363 1652 tenent
386 1609 486 1652 edd.
505 1608 715 1656 Norimb.
731 1610 837 1654 Ald.
851 1610 967 1668 Lips.
980 1609 1108 1654 Pich.

207 1681 258 1722 sq
298 1699 306 1708 .
346 1690 408 1700 —
474 1667 754 1726 Scriptus-am
802 1683 916 1710 raro
955 1666 1112 1711 serunt

209 1682 348 1767 MSS.
384 1723 496 1767 Tur.
529 1723 700 1769 Vatiee.
742 1726 866 1769 1518.
905 1733 948 1768 et
982 1725 1112 1768 2964.

210 1781 312 1824 edd.
334 1780 456 1840 Spir.
477 1781 609 1825 Kath.
631 1783 766 1826 Rom.
787 1790 840 1827 et
852 1799 996 1841 nuper
1008 1783 1111 1826 See-

209 1838 319 1882 bod.
366 1863 425 1872 -
484 1854 600 1882 rara
632 1840 767 1884 MSS.
800 1841 946 1883 Vatic.
979 1839 1109 1882 4498.

212 1895 381 1955 Stuttg.
416 1896 518 1940 edd.
549 1897 651 1940 Put.
678 1915 778 1957 sqq.
839 1898 1110 1941 praeferen-

213 1952 324 1997 dum
349 1954 453 1997 duxi
480 1968 621 1998 raro:
658 1971 764 1998 nam
795 1955 854 1999 ita
885 1955 976 1999 duo
1005 1971 1106 1997 mo-

213 2018 393 2063 menta,
433 2027 545 2068 quae
568 2013 918 2065 verbis‘insunt,
949 2011 1110 2056 melius

213 2068 551 2114 discernuntur.
608 2070 927 2114 DicitTaeitus
949 2079 991 2113 et
1015 2069 1112 2113 aliis

214 2123 548 2170 Germanorum
569 2128 749 2185 populis
767 2128 811 2170 id
834 2136 1113 2186 usurpatum,

213 2199 372 2226 verum
417 2198 532 2227 raro
576 2193 621 2227 et
657 2187 852 2240 privata
899 2187 1114 2242 cuiusque

214 2244 455 2285 audentia.

273 2300 512 2343 audentia.
584 2298 646 2343 cf.
692 2299 782 2343 An.
829 2300 894 2351 15,
939 2297 1010 2343 53.
1063 2306 1115 2341 ut

217 2357 407 2412 quisque
428 2358 682 2400 audentiae
701 2359 952 2401 habuisset.
1012 2356 1115 2401 MS.

216 2413 384 2471 stuttg.
422 2415 469 2457 in
509 2424 718 2459 contextu
753 2417 1021 2466 audientia,
1065 2416 1114 2458 in

218 2486 362 2528 marg.
388 2474 631 2516 audemia.

277 2530 326 2570 in
386 2544 681 2574 consensum.
770 2529 923 2575 Codex
984 2538 1115 2578 vetus

220 2583 447 2629 Groslotii
480 2589 527 2629 in
556 2597 846 2631 conventum.
908 2588 967 2632 ef.
999 2589 1115 2632 Hist.

218 2644 261 2691 4,
281 2643 353 2686 46.
377 2659 631 2689 consensus
651 2647 981 2689 multitudinis.

277 2702 434 2755 vertit.
492 2702 552 2746 cf.
573 2718 630 2746 ne
652 2706 880 2746 memoria
903 2706 1118 2759 Augusti,

221 2774 280 2802 ne
300 2773 474 2801 nomen
499 2760 757 2804 Caesarum
776 2764 823 2805 in
845 2764 1050 2804 ludibria
1071 2769 1117 2804 et

223 2818 533 2860 contumelias
596 2828 845 2862 verterent.
941 2819 1116 2863 Similia

222 2881 329 2919 sunt
349 2873 443 2918 An.
471 2876 537 2926 11,
557 2876 630 2921 28.
681 2878 792 2921 Hist.
815 2879 856 2926 4,
880 2871 954 2920 27.
998 2875 1116 2919 Sue·

224 2941 326 2975 ton.
352 2930 458 2974 Oet.
486 2949 525 2976 c.
546 2934 617 2976 23.
647 2943 688 2977 et
714 2936 834 2979 alibi.
896 2934 967 2977 De
990 2933 1115 2978 verbi

225 2990 367 3032 vertit
387 3005 467 3032 usu
493 2989 554 3033 cf.
568 2992 710 3035 Kritz.
725 2994 779 3036 ad
791 2993 971 3036 Sallust.
986 2989 1116 3037 Catil.

227 3063 276 3106 p·
300 3046 370 3089 37.
396 3054 438 3090 et
459 3047 644 3094 Passov.
669 3052 720 3092 ad
750 3051 792 3094 h.
818 3052 848 3094 l.

282 3107 415 3148 hoste
453 3118 606 3149 caesa.
688 3108 791 3152 MS.
831 3108 941 3150 Tur.
985 3109 1120 3149 hoste

226 3177 342 3208 ceso.
401 3162 790 3221 Edd.Spir.Kath.
814 3168 944 3207 hoste
962 3178 1092 3207 exs0.

280 3235 426 3277 super·
444 3223 721 3277 sanguinem
743 3230 786 3265 et
806 3224 971 3277 spolia.
1014 3221 1068 3263 H.
1087 3235 1123 3263 e.

225 3279 344 3323 inter
364 3279 624 3336 sanguinein
657 3281 875 3334 (eaedem)
901 3288 943 3321 et
967 3278 1123 3336 spolia.

229 3338 291 3381 cf.
316 3345 412 3380 not.
439 3337 494 3380 ad
515 3337 607 3381 An.
633 3335 673 3388 3,
693 3339 759 3381 17.
785 3338 867 3379 sub
893 3353 960 3380 vv·
980 3349 1122 3391 super

225 3398 354 3438 haec.

272 3452 507 3507 frontem.
568 3451 646 3496 Sic
682 3450 782 3494 MS.
815 3450 979 3508 stuttg.
1018 3450 1119 3494 edd.

230 3509 368 3553 Paris.
390 3509 600 3553 Norimb.
622 3510 758 3553 Rom.
780 3509 926 3553 Rhen.
955 3508 1120 3561 (1533.)

229 3566 336 3610 Ald.
381 3582 478 3625 sqq.
520 3595 577 3604 --
633 3567 823 3625 frontes
869 3566 970 3609 MS.
1014 3566 1123 3609 Tur.

227 3624 329 3668 edd.
364 3623 481 3683 spir.
515 3625 646 3670 Rath.
678 3626 780 3668 Put.
807 3624 873 3668 M.
899 3633 941 3667 et
965 3624 1015 3666 V.
1042 3623 1122 3667 Be·

1178 1437 1330 1483 roald.
1380 1436 1484 1482 Alc.
1535 1436 1600 1494 (in
1657 1452 1755 1480 mar
1787 1468 1799 1480 .
1834 1435 2075 1492 frontem)

1178 1494 1327 1539 Rben.
1370 1494 1554 1552 (1519.).
1622 1494 1694 1538 De
1782 1494 1863 1539 SS.
1896 1493 2073 1538 Vatiae.

1179 1551 1406 1597 silentium
1439 1560 1520 1596 est.
1587 1553 1692 1597 MS.
1719 1551 1909 1612 Longol.
1938 1565 2073 1595 reve-

1179 1611 1284 1652 lant
1335 1611 1518 1652 vultum
1558 1611 1801 1668 frontem,
1877 1608 2076 1654 admixto

1181 1667 1463 1727 glossemate.

1241 1752 1485 1794 nascendi.
1545 1749 1662 1795 Edd.
1682 1749 1890 1800 Norimb.
1913 1747 2078 1795 vienn.

1181 1809 1417 1852 noscendi.

1241 1899 1421 1936 manet·
1496 1889 1600 1935 MS·
1641 1862 1784 1939 vatic·
1826 1891 1958 1937 2964·
1998 1905 2077 1936 re-

1179 1957 1360 1995 manet.
1830 1990 1831 1993 ,

1239 2035 1487 2076 annulum.
1563 2033 1647 2078 Ed.
1696 2031 1814 2094 Spir.
1863 2035 2078 2078 anulum.

1184 2092 1245 2137 cf.
1270 2100 1370 2135 not.
1396 2092 1450 2135 ad
1475 2091 1566 2136 An.
1585 2092 1628 2144 2,
1649 2091 1691 2134 2.

1243 2163 1610 2219 ignominiosum
1653 2163 1704 2204 id
1736 2162 1877 2217 genti.
1947 2161 2081 2205 Prae-

1187 2222 1392 2265 euntibus
1413 2220 1617 2264 Bekkero
1641 2219 1825 2277 aliisque
1847 2217 2080 2277 parenthe-

1185 2278 1268 2321 sim
1292 2278 1492 2327 restitui,
1522 2294 1655 2337 quam
1677 2277 1966 2320 aboleverant
1978 2275 2082 2319 Pas·

1185 2336 1365 2388 sovius,
1405 2335 1531 2378 Hess.
1558 2335 1649 2379 alii.
1688 2358 1748 2366 —
1805 2334 1890 2377 Ed.
1918 2333 2079 2380 Vienn.

1183 2395 1540 2448 ignominosum.
1600 2390 1810 2435 Herelius
1844 2393 1978 2447 (ilber
2011 2393 2099 2434 eei-¹

1164 2452 1292 2504 ‘nige
1305 2451 1482 2494 Stellen
1502 2452 1549 2492 in
1564 2451 1676 2493 Tac.
1691 2447 1873 2498 Germ..
1892 2448 2079 2505 Erfurt.

1188 2509 1332 2565 1796.)
1360 2508 1669 2552 coniectabat:
1708 2507 1772 2550 sit
1793 2508 2082 2550 ominosum.

1153 2586 1167 2594 “
1186 2565 1451 2611 Giinther-us
1471 2565 1593 2609 adh.
1613 2566 1644 2608 l.
1669 2565 2022 2619 ignominiosum
2044 2565 2090 2607 ei

1186 2625 1331 2679 genti.
1390 2623 1477 2666 Sed
1504 2622 1606 2666 talia
1638 2621 1806 2665 frustra
1837 2629 2083 2674 tentantur,

1189 2698 1329 2739 quum
1353 2680 1480 2723 locus
1500 2679 1814 2723 emendatione
1832 2695 1926 2723 non
1945 2686 2083 2736 egeat.

1190 2740 1250 2783 cf.
1276 2740 1341 2782 lo.
1356 2737 1634 2780 Beekmann.
1666 2737 1886 2780 observo.
1910 2739 2084 2781 minor.
2148 2744 2150 2747 ’

1189 2797 1280 2898 IL,3
1275 2797 1341 2898 134.
1355 2812 1400 2854 p.
1415 2794 1515 2839 300.
1529 2803 1570 2839 et
1582 2794 1709 2839 Hess.
1728 2793 1863 2838 Vax-r.
1875 2793 2084 2847 Leett.1.,

1187 2871 1230 2913 p.
1312 2887 1323 2899 .

1244 2929 1431 2983 iamque
1465 2934 1647 2980 canent·
1660 2924 1888 2978 insignes.
1946 2922 2002 2968 H.
2040 2939 2080 2967 e.

1185 2987 1270 3029 iarn
1306 2991 1496 3035 canent,
1551 3000 1655 3028 cum
1691 2982 1837 3026 adhuc
1867 2997 1920 3024 eo
1954 2981 2082 3039 signo

1189 3051 1378 3086 utuntur
1421 3057 1569 3099 eoque
1611 3041 1813 3084 hostibus
1857 3038 1994 3082 simul
2041 3046 2085 3082 et

1191 3100 1280 3144 suis
1305 3107 1407 3142 sunt
1431 3098 1679 3158 conspicui.
1737 3097 1796 3141 cf.
1814 3095 1927 3140 Hist.
1953 3097 1991 3147 1,
2014 3095 2085 3140 88.

1191 3166 1370 3201 vetusto
1413 3159 1604 3200 nomine
1646 3162 1691 3198 et
1736 3154 2087 3210 propinquitate

1195 3218 1376 3259 Galbae
1434 3220 1838 3257 monstratus.
1940 3212 2085 3255 Fuere

1192 3274 1268 3332 qui
1294 3273 1462 3330 aliquid
1483 3272 1556 3316 hic
1585 3269 1919 3314 emendandum
1951 3276 2083 3336 puta-

1192 3339 1309 3374 rent.
1381 3331 1416 3372 Ι.
1450 3330 1523 3373 Fr.
1557 3326 1822 3373 Gronovius
1861 3333 2085 3371 comecia-

1190 3390 1289 3432 bat:
1331 3387 1517 3444 iamque
1547 3393 1716 3430 canent
1743 3385 1995 3440 insignibus
2017 3384 2088 3426 his

1192 3448 1397 3489 hostibus
1430 3447 1573 3488 simul
1602 3445 1790 3499 suisque
1819 3442 2086 3486 monstrati.

1192 3502 1445 3547 Ernestius:
1497 3505 1654 3559 itaque
1688 3507 1856 3544 canent
1889 3500 2087 3552 insignes

1191 3570 1235 3604 et
1257 3564 1376 3604 host.
1398 3570 1483 3605 cic.
1510 3561 1582 3606 vel
1609 3561 1761 3615 itaque
1786 3563 1979 3601 manent
1999 3563 2083 3598 etc.

1195 3619 1313 3663 lllud
1351 3621 1505 3674 itaque
1539 3617 1684 3676 piacet
1718 3614 1943 3670 Bal-kero,
1991 3628 2084 3657 non
