2150 4022
212 287 338 347 232

689 282 813 343 DE
872 244 1556 348 oRA‘roRiBUs'

209 417 363 482 tium
397 417 806 492 importasseS‚
858 412 1191 473 Domitium
1229 426 1286 473 et
1307 414 1626 487 Catonem,
1681 416 1743 474 id
1780 427 1892 487 est,
1945 435 2057 474 no-

209 513 357 560 stras
381 519 616 579 quoque
639 495 919 558 historias
953 512 1010 559 et
1033 499 1310 559 Romana
1346 501 1595 558 nomina
1624 499 2057 560 Graeculorum

203 587 425 647 'fabulis
450 588 812 660 adgregareS.

374 694 481 757 IV.
524 692 607 752 Et
634 693 946 752 Maternus
961 739 1000 774 ³„
1031 695 1410 770 perturbarer
1446 689 1556 751 hac
1594 705 1695 751 tua
1733 695 2058 764 severitate,

203 781 323 839 nisi
356 782 638 859 frequens
677 792 735 838 et
770 780 1019 837 adsidua
1058 779 1234 837 nobis
1274 779 1576 837 contentio
1614 779 1733 836 iam
1771 801 1955 857 prope
1994 781 2059 836 in

204 866 695 925 consuetudinem
721 866 1005 924 vertisset.

199 1086 298 1130 fere
333 1086 543 1130 omnium
573 1084 876 1144 scripturam;
926 1083 1005 1127 sed
1046 1084 1095 1127 in

200 1143 336 1189 codd.
360 1143 501 1203 Neap.
530 1144 713 1197 [Farn.]
736 1151 779 1187 et
791 1141 965 1187 Vaticc.
988 1140 1096 1187 scri·

197 1211 330 1261 ptum
366 1209 433 1245 est
465 1201 727 1257 suffeceris,
769 1200 892 1257 quod
925 1200 1095 1257 proba-

198 1269 298 1302 tum
334 1267 400 1303 est
432 1260 486 1303 ab
516 1257 699 1303 Dronk.
734 1257 910 1302 Osann.
931 1257 1098 1307 Orell.,

197 1317 362 1376 quibus
389 1317 436 1360 id
460 1316 705 1368 modestius
729 1332 823 1359 esse
845 1314 1098 1365 videbatur,

198 1389 336 1431 quam
382 1375 504 1432 quod
555 1372 691 1430 vulgo
740 1372 960 1430 scriptum
1013 1381 1093 1415 est.

196 1432 363 1476 Nescio
403 1447 494 1490 quo
535 1431 675 1474 modo
709 1431 756 1473 id
795 1430 893 1473 fieri
934 1429 1092 1488 possit.

199 1488 410 1542 [Bekken
445 1488 633 1533 retinuit
662 1488 930 1545 vulgatam].
998 1486 1093 1529 Pro

196 1548 510 1602 impar-casses
551 1544 755 1590 Acidalio
799 1545 846 1588 in
891 1553 1093 1587 mentem

194 1614 381 1649 venerat
419 1604 646 1648 correctio
687 1603 991 1658 imposuisses
1024 1600 1093 1643 vel

194 1663 501 1717 imperasses,
552 1677 644 1719 quo
680 1676 778 1704 non
811 1677 940 1719 opus.
1008 1658 1093 1702 cfr.

193 1719 302 1767 Liv.
327 1719 397 1773 24,
422 1721 494 1764 22.
530 1720 764 1762 discordia
798 1720 946 1760 civilis
977 1730 1094 1774 quas

195 1779 420 1832 importet
466 1780 650 1825 clades,
706 1776 768 1819 id.
807 1775 877 1826 39,
916 1775 989 1818 14.
1032 1788 1092 1816 ne

193 1836 304 1892 quid
326 1850 410 1878 eae
431 1836 774 1881 coniurationes
787 1833 988 1888 fraudis
1013 1847 1093 1875 oo-

192 1895 346 1937 cultae
390 1900 476 1936 aut
519 1893 722 1948 periculi
763 1892 1092 1946 importarent,

193 1966 307 2008 quos
331 1951 461 1995 locos
486 1950 646 1994 adtulit
668 1947 948 1995 Gronovius.

252 2037 599 2081 Graeculorum
608 2035 807 2092 fabulis.
867 2034 944 2078 Sic
956 2031 1096 2077 MSS.

189 2094 331 2153 Neap.
359 2102 402 2138 et
423 2094 625 2143 Vaticc.,
666 2093 787 2136 unde
820 2099 1092 2150 receperunt

192 2151 364 2197 Osann.
403 2161 450 2195 set
486 2150 708 2196 Orellius.
780 2149 927 2193 Aeute
969 2148 1089 2191 enim

189 2210 413 2270 perspexit
426 2209 515 2261 ille,
537 2208 718 2266 Aprum
741 2206 831 2253 levi
853 2205 1000 2264 aliqua
1018 2221 1089 2249 ca·

187 2267 416 2311 villatione
450 2266 562 2310 haec
595 2264 782 2320 dixisse,
826 2263 1090 2323 praesertim

189 2341 331 2384 quum
351 2333 513 2369 contra
531 2323 808 2366 maiestatem
828 2321 986 2380 populi
1001 2320 1090 2362 Ro-

187 2382 315 2426 mani
342 2381 580 2426 Maternus
605 2379 892 2424 Graecorum
926 2378 1091 2421 fabulis

185 2441 395 2487 Romana
427 2454 609 2498 quoque
644 2438 831 2481 nomina
866 2444 909 2479 et
943 2435 1089 2478 histo-

185 2497 594 2566 riaspdgregaret.
653 2494 771 2562 Narn
801 2500 1090 2560 contemptus

184 2551 1090 2669 ffatisssslz‘ingssno13...‘¹E.¹..{¹.‘²}¹.¹.¹¹1¹›¹1¹‡‡J.‘1

187 2686 230 2714 c.
247 2670 319 2713 29.
354 2669 562 2713 Macrob.
581 2668 624 2719 2,
639 2667 683 2712 4.
714 2665 912 2709 Iuvenal.
929 2664 970 2717 6,
988 2664 1087 2708 185.

183 2726 307 2772 Plin.
334 2726 502 2783 Paneg.
527 2742 567 2770 c.
590 2725 658 2769 13.
690 2723 817 2768 Flor.
839 2723 882 2776 2,
906 2724 947 2775 7,
971 2723 1014 2767 9.
1046 2723 1089 2771 4,

184 2786 227 2834 2,
252 2785 323 2828 24.
382 2784 599 2841 Reliquae
624 2782 729 2826 edd.
755 2796 914 2825 omnes
939 2780 1088 2825 Grae-

188 2857 349 2886 corum
359 2842 546 2898 fabulis
571 2848 743 2885 tenent.

241 2930 552 2983 adgregares.
615 2926 673 2970 Se
710 2941 796 2979 nor
826 2925 911 2970 hac
942 2925 990 2969 in
1016 2925 1086 2969 le-

184 2986 337 3032 ctione
369 2983 505 3026 fidem
537 2983 672 3027 codd.
739 2999 834 3042 eap.
879 2985 943 3039 [et
975 2983 1085 3026 Far-

183 3044 331 3098 nes.],
369 3040 641 3099 quibuscum
667 3041 962 3085 consentiunt
982 3040 1086 3083 edd.

183 3103 214 3145 S
249 3098 431 3144 iraePut.
456 3097 663 3142 Beroald.
688 3098 802 3146 Riv.
825 3098 947 3143 lunt.
987 3098 1083 3141 Alc.

182 3159 224 3202 R
258 3173 328 3202 en.
357 3155 463 3201 Ald.
491 3155 616 3213 Lips.
643 3155 823 3200 Pithoe.
857 3164 901 3200 et
930 3156 1085 3198 omnes

183 3214 461 3317 stth.binter
483 3219 673 3313 recgng’
692 3213 885 3314 Seebod.
901 3210 1084 3314 Drotnk.

183 3290 207 3318 e
335 3287 466 3316 sann.
599 3285 620 3312 e
726 3286 776 3314 so
798 3287 906 3316 oeca
971 3286 991 3314 s
1014 3285 1087 3313 ru-

184 3339 315 3376 ctura
364 3327 462 3375 visa
514 3335 581 3370 est
634 3326 824 3371 Pithoeo
881 3336 924 3372 et
974 3328 1085 3370 Mu-

184 3397 314 3438 reto,
365 3386 445 3445 qui
486 3398 746 3443 aggregare
783 3385 1087 3443 corrigebant,

189 3452 425 3545 &ceptum
444 3441 638 3544 ¹illtli3dkzli<
665 3441 1086 3544 SchulzhOberan.

190 3503 582 3618 Hiemi-quain&
603 3508 797 3615 prii-est?t
814 3501 1088 3602 mffffflfin'ss

194 3616 278 3664 tivi
299 3633 350 3661 ex
370 3615 613 3671 negotium
629 3614 768 3659 subst.
781 3614 869 3674 apti
890 3614 1089 3674 exempla

1090 885 1230 922 nam
1263 885 1371 922 nec
1400 876 1467 922 tu
1496 863 1714 938 agitare
1741 877 1798 923 et
1826 866 2059 943 insequi

1166 1100 1262 1128 non
1305 1084 1491 1137 desunt,
1550 1085 1628 1128 sed
1678 1083 1883 1142 praefero
1923 1085 2062 1130 codd.

1166 1141 1428 1187 lectionem.
1509 1141 1640 1185 Levis
1691 1148 1760 1185 est
1805 1141 2062 1187 Heumanni

1166 1200 1422 1244 emendatio
1448 1213 1728 1256 aggregans.

1227 1282 1396 1328 CAP.4.
1427 1282 1490 1327 Et
1510 1282 1776 1328 Maternus.
1832 1284 2061 1330 Heuman-

1168 1357 1253 1384 nus
1274 1341 1540 1386 coniiciebat
1557 1349 1608 1383 at
1620 1341 1756 1397 Mac„
1785 1358 1946 1390 verum
1963 1359 2061 1387 non

1166 1400 1448 1445 adversativa
1500 1397 1778 1457 desideratur
1827 1401 2062 1458 particula,

1164 1457 1244 1500 sed
1286 1454 1570 1515 copulativa,
1619 1471 1759 1514 quum
1804 1458 1943 1504 verba
1984 1475 2059 1504 se-

1167 1514 1348 1582 quentia
1389 1511 1588 1557 Materni
1635 1513 1908 1559 continuent
1944 1516 2062 1575 Apri

1167 1582 1440 1617 orationem.

1209 1654 1441 1711 frequens
1456 1660 1502 1696 et
1516 1654 1740 1698 adsidua.
1773 1654 1895 1700 Haec
1920 1663 1985 1700 est
1999 1656 2061 1702 le·

1166 1715 1256 1759 ctio
1273 1712 1374 1755 MS.
1388 1711 1479 1754 Nea
1517 1743 1529 1756 .
1549 1714 1613 1763 [et
1625 1711 1779 1764 Farn„
1802 1714 1923 1757 unde
1938 1730 2062 1760 rece·

1163 1772 1230 1831 pit
1245 1785 1352 1814 cum
1366 1769 1398 1813 1.
1411 1727 1600 1813 Beli'ker.
1614 1768 1798 1823 Boett.]‚
1809 1786 1896 1829 qua
1914 1787 2061 1829 gram-

1163 1829 1436 1872 maticorum
1457 1834 1694 1884 praecepta
1715 1826 1770 1870 de
1789 1830 2062 1886 copulativis

1164 1885 1394 1946 particulis
1425 1884 1680 1928 firmantur.
1751 1886 1902 1945 Vulgo
1937 1888 2063 1932 enim

1163 1944 1383 2002 scriptum
1401 1950 1465 1985 est
1473 1941 1602 1999 freq.
1617 1945 1898 2001 acas-sidua,
1923 1946 2062 2004 quod,

1164 2001 1271 2059 qu-ia
1294 2016 1349 2042 ac
1369 2000 1575 2057 sequenti
1604 1999 1752 2044 vocali
1786 2000 1857 2043 vel
1886 2006 1918 2045 la
1949 2003 2062 2061 poni

1163 2060 1217 2103 ab
1260 2058 1455 2114 antiquis
1503 2055 1803 2114 scriptoribus
1854 2060 2061 2104 certatim

1163 2125 1387 2173 negarunt
1421 2113 1591 2164 critici,
1631 2114 1757 2160 velut
1788 2116 1969 2161 Ruhnk.
2003 2118 2061 2162 ad

1162 2173 1334 2216 Muret.
1357 2171 1410 2216 T.
1435 2172 1470 2215 Ι.
1501 2186 1546 2228 p.
1568 2171 1640 2227 9.‚
1678 2171 1843 2217 Wolf.
1865 2175 1922 2218 ad
1941 2175 2057 2219 Sue-

1161 2241 1259 2275 ton.
1286 2229 1411 2272 Caes.
1444 2245 1484 2273 c.
1509 2229 1584 2273 26.
1620 2238 1664 2273 et
1693 2229 1741 2272 in
1767 2231 1974 2278 Analect.
2002 2233 2060 2277 Π.

1162 2306 1207 2348 p.
1235 2287 1334 2330 288.
1367 2286 1681 2345 imprimisque
1716 2287 1972 2335 Frotscher.
2010 2289 2060 2334 in

1163 2361 1335 2390 excurs.
1358 2345 1413 2387 V.
1442 2343 1495 2387 ad
1519 2343 1682 2399 Quint.
1705 2345 1761 2390 X.
1791 2362 1837 2405 p.
1858 2347 1962 2391 257.
1989 2349 2062 2403 (ut

1162 2418 1332 2462 paucos
1369 2402 1570 2445 adferam
1615 2402 1670 2445 de
1709 2401 2060 2449 innumerabili-

1162 2464 1291 2517 bus),
1335 2460 1564 2502 ferri-non
1593 2475 1727 2518 posse
1760 2463 2060 2520 opinabantur

1161 2519 1277 2562 haud
1307 2517 1465 2575 pauci3
1502 2517 1676 2575 primus
1707 2517 1944 2564 Ernestius
1978 2528 2060 2564 at-

1162 2592 1248 2633 que
1283 2576 1491 2618 adsidua
1526 2574 1746 2627 correxit,
1801 2592 1890 2635 qua
1924 2576 1974 2620 in
2008 2595 2059 2623 re

1162 2631 1404 2691 obsequuti
1473 2639 1578 2674 sunt
1644 2631 1710 2675 illi
1769 2635 2053 2680 Liinemann.

1159 2691 1341 2735 Dronk.
1380 2689 1555 2735 Osann.
1598 2697 1642 2732 et
1679 2689 1898 2735 Orellius.
1965 2692 2055 2738 Sed

1161 2762 1421 2808 perperam,
1454 2761 1713 2806 quanquam
1736 2747 1849 2791 illud
1867 2764 2056 2807 praece-

1159 2816 1289 2867 ptum
1331 2819 1486 2848 carere
1533 2804 1896 2862 exceptionibus,
1963 2806 2056 2852 iam

1159 2880 1258 2909 eam
1310 2863 1369 2906 ob
1414 2876 1594 2905 causam
1642 2878 1785 2920 nego,
1841 2865 1965 2922 quod
2005 2866 2055 2909 in

1158 2923 1247 2967 hoc
1285 2922 1383 2979 ipso
1428 2918 1608 2978 dialogo
1653 2935 1754 2980 cap.
1795 2921 1870 2966 39.
1916 2923 2055 2981 vulgo

1159 2978 1373 3025 scribitur
1393 2991 1448 3019 ac
1468 2978 1605 3029 alter,
1634 2993 1719 3036 pro
1737 2993 1830 3036 quo
1851 2979 1900 3023 in
1921 2981 2057 3026 codd.

1159 3043 1382 3082 exaratum
1406 3041 1472 3077 est
1494 3042 1582 3076 aut
1603 3038 1756 3087 alter,
1788 3044 1833 3080 et
1854 3052 1956 3098 cap.
1977 3038 2057 3083 40.

1156 3110 1213 3140 aa
1265 3095 1432 3143 ullius,
1498 3106 1584 3149 pro
1634 3108 1725 3151 quo
1777 3103 1864 3139 aut
1913 3097 2057 3140 ultius

1158 3150 1449 3199 scribendum
1494 3159 1585 3201 est;
1643 3160 1734 3195 tres
1774 3151 1913 3211 igitur
1949 3153 2055 3206 loci,

1159 3210 1235 3270 qui
1251 3216 1408 3253 contra
1422 3217 1580 3275 praece
1614 3217 1709 3254 tum
1723 3208 1838 3254 illud
1853 3225 2055 3270 pugnare

1160 3268 1395 3315 videntur,
1425 3281 1474 3309 ιο
1503 3225 1758 3335 quibusque
1783 3282 1840 3311 ae
1863 3282 2052 3314 servan-

1160 3327 1269 3371 dum
1295 3331 1454 3382 putant
1487 3324 1699 3368 nonnulli
1726 3324 1871 3381 [velut
1892 3325 1992 3386 Pop
2024 3344 2053 3372 o

1157 3385 1207 3428 in
1280 3381 1451 3440 ephem.
1528 3382 1734 3426 scholast.
1798 3382 1926 3428 1881.
1988 3342 2051 3431 sl.

1159 3457 1230 3485 nr.
1255 3440 1371 3498 131]
1403 3456 1455 3483 ex
1487 3440 1719 3484 codicibus
1747 3440 1914 3500 corrigi
1943 3456 2052 3500 pos-

1160 3506 1265 3543 sunt
1285 3497 1478 3556 egregie.
1511 3497 1930 3554 Transposltionem
1954 3515 2051 3546 ver·

1160 3558 1328 3600 borum
1350 3554 1603 3598 tentavitV.
1623 3554 1682 3599 D.
1710 3555 1757 3597 in
1782 3556 1958 3613 ephem.
1983 3558 2052 3604 lit.

1161 3612 1260 3659 Hal.
1309 3613 1531 3670 supplem.
1574 3627 1615 3657 a.
1663 3612 1789 3656 1829.
1839 3628 1909 3660 nr.
1949 3616 2048 3660 121.
