2150 4022
199 221 320 301 158

465 210 737 306 'iuml
782 236 1106 302 Acme.

1147 240 1386 304 VITA
1439 245 1633 310 CAP.
1660 251 1765 314 21.

365 369 533 432 XXI.
577 370 844 448 Sequens
869 365 1057 428 hiems
1080 373 1486 433 saluberrimis
1520 379 1784 438 consiliis
1809 382 2048 442 absum-

193 468 313 533 pta.
399 476 688 532 namque,
731 467 800 513 ut
834 451 1108 514 homines
1145 459 1396 534 dispersi
1432 482 1498 518 ac
1534 466 1711 522 rudes
1755 487 1942 545 eoque
1978 471 2047 527 in

195 543 351 599 bella
395 541 595 597 faciles
636 541 834 617 quieti,
857 553 914 599 et
949 542 1069 600 otio
1106 563 1213 618 per
1247 545 1578 621 voluptates
1619 552 2071 625 adsuescerent,-

194 624 423 686 hortari
457 626 767 702 privatim,
831 627 1111 684 adiuvare
1148 630 1416 702 publice,
1484 643 1551 689 ut
1586 637 1836 711 templa,
1897 639 2046 709 fora,

191 715 403 770 domus
445 723 837 781 exstruerent,
898 713 1198 795 langlando
1248 728 1555 791 promptos
1602 730 1658 777 et
1705 722 2041 798 castigando

193 796 412 872 segneS.

518 797 597 854 ita
653 793 899 855 honoris
950 799 1265 857 aemulatio
1319 821 1428 876 pro
1496 805 1850 864 necessitate·
1899 821 2043 871 erat.

149 918 153 923 =
187 884 306 941 iam
330 903 469 940 vero
500 882 840 961 principum
874 883 1029 941 filios
1053 884 1400 943 liberalibus
1426 888 1652 946 artibus
1679 892 1942 965 erudire,
1985 906 2043 953 et

182 1108 481 1163 kerschaflen
496 1138 509 1160 ,
564 1107 734 1149 welche
778 1107 930 1151 bislzer
970 1107 1076 1148 ihre

187 1164 597 1218 Unabhangigkeit
621 1165 869 1218 behauptet
894 1165 1072 1218 hatten,

185 1225 376 1270 Geiseln
401 1224 613 1278 lieferten
636 1225 731 1263 und
755 1223 904 1263 ihrem
918 1223 1076 1264 Zorne

184 1289 455 1337 entsagten;
497 1282 593 1320 und
622 1279 710 1321 mit
741 1280 1076 1332 Besatzungen

181 1345 277 1385 und
310 1341 503 1392 Bur-gen
538 1339 738 1378 werden
771 1337 842 1379 sie
881 1352 933 1379 so
974 1339 1076 1378 ein-

181 1399 416 1444 sichlsvoll
449 1395 545 1437 und
577 1408 793 1447 Sorgsam
832 1397 1071 1448 umgeben‚

180 1454 290 1514 dass
318 1455 420 1497 lxein
450 1450 620 1506 jizngst
658 1449 908 1510 umsosster
941 1451 1079 1494 Thea

181 1515 492 1560 Britannicas
537 1508 934 1551 zuuorlwmmencl
976 1512 1075 1551 und

180 1572 482 1627 ungehz'ndert
498 1567 706 1623 abfallen
720 1567 909 1610 konnte.
942 1565 1072 1608 Rick-

180 1630 302 1675 lefs.=
341 1626 451 1685 dass
481 1625 586 1668 luein
616 1639 762 1666 neuer
793 1623 931 1666 'l'heil
951 1625 1072 1666 ,Bri-

131 1720 133 1723 -
182 1687 401 1732 tanniens
436 1697 583 1726 zuvor
613 1696 665 1726 so
698 1682 1070 1735 unangefoclzten

181 1748 532 1799 ilbergegangen
585 1741 648 1783 ist
669 1773 681 1791 ,
746 1739 953 1796 intelligit
1010 1741 1068 1784 is:

176 1805 224 1850 in
260 1801 532 1846 deditionem
558 1799 824 1842 Romanam.
887 1798 1070 1841 strom-

178 1860 335 1906 beck:
386 1855 493 1914 dass
533 1858 612 1900 nie
649 1858 721 1898 ein
757 1871 845 1898 neu
879 1858 1070 1899 crober-

180 1928 255 1963 ter
274 1918 414 1961 leez'l
434 1915 750 1958 Britannicus
773 1927 828 1955 so
853 1915 964 1956 sehr
984 1929 1069 1956 un·

175 1977 444 2033 angefallen
465 1973 696 2027 gehlieben
725 1972 798 2015 ist.

235 2091 348 2136 CAP.
371 2091 442 2134 21.
473 2089 521 2130 in
542 2089 666 2130 bella
673 2086 868 2140 faciles.
927 2086 1066 2132 MSS.

176 2150 350 2196 Vaticc.
387 2156 429 2191 et
460 2146 566 2189 edd.
593 2145 799 2202 antiquae
827 2153 927 2188 ante
952 2144 1066 2189 Rhe·

173 2219 346 2253 nanum
367 2219 512 2261 eoque
534 2205 583 2245 in
603 2204 720 2244 bello
732 2202 917 2258 faciles.
951 2203 1064 2246 Rhe·

173 2284 282 2311 nau.
309 2265 357 2308 in
389 2263 604 2318 castigatt.
644 2259 842 2304 coniecit
873 2259 947 2305 vel
979 2276 1062 2303 eo-

170 2340 258 2380 que
294 2324 412 2365 bello
433 2319 538 2374 fac.
562 2316 631 2360 vel
657 2332 798 2371 eoque
818 2318 866 2358 in
891 2320 1063 2362 bellum

159 2385 294 2442 fac.‚
348 2388 391 2424 et
431 2376 545 2420 illud
577 2375 692 2433 Lips.
725 2374 929 2418 Gronov.
961 2392 1011 2434 sq
1048 2408 1059 2420 .

168 2443 449 2499 receperunt.
481 2436 690 2479 Attamen
705 2432 884 2490 Bipont.
899 2393 1061 2478 Obeiil.

168 2509 211 2543 et
266 2497 310 2540 ui
334 2495 437 2538 illos
461 2498 711 2549 sequuntur
735 2500 777 2532 et
799 2505 943 2548 nuper
956 2491 1059 2534 See-

169 2558 228 2600 lio
267 2589 278 2600 .
322 2559 381 2609 (a.
416 2551 559 2606 1812.)
595 2546 827 2591 Dronkius
863 2549 912 2590 in
941 2551 1060 2591 bello

165 2613 425 2661 restituere,
472 2605 806 2651 adversantibus
842 2605 1060 2658 Beckero3

163 2669 368 2715 Hertelio
413 2674 454 2710 et
494 2664 779 2722 potissimum
819 2662 1060 2715 Walchio,

166 2728 244 2788 qui
280 2726 363 2784 legi
400 2724 561 2769 volunt
600 2723 737 2765 bello.
805 2719 1060 2764 Walchius

166 2785 402 2840 utriusque
424 2787 673 2824 structurae
697 2779 941 2822 discrimen
966 2795 1058 2822 esse

171 2842 381 2902 opinatus
408 2840 528 2894 (nam
542 2837 702 2893 facilis
718 2838 765 2878 in
785 2837 942 2891 aliquo
963 2837 1058 2880 sive

166 2901 322 2956 aliquo
348 2911 441 2940 esse
467 2896 616 2945 mitis,
657 2896 798 2948 lenis,
843 2896 1056 2937 exorabi-

166 2960 248 3011 lis-3
265 2955 422 3012 facilis
443 2953 603 3006 alicui,
631 2955 696 2993 ad
715 2952 895 3007 aliquid
918 2950 1054 3008 signi—

165 3016 302 3059 ficare
331 3016 600 3065 promptus,
654 3010 871 3063 idoneus,
919 3017 1057 3062 uptus

167 3069 426 3122 contendit)
475 3069 594 3109 bello
638 3066 838 3110 dativum
880 3074 1056 3109 tantum

165 3129 348 3189 probat.
417 3124 505 3168 Sed
546 3122 667 3180 prius
707 3123 927 3166 refutatur
961 3122 1052 3165 Te-

164 3195 282 3232 rent.
307 3181 496 3240 Adelph.
524 3182 564 3228 5,
584 3181 623 3229 7,
647 3181 722 3223 29.
755 3188 799 3223 te
830 3181 1052 3237 istisn-

167 3247 301 3290 cilem
335 3249 382 3285 et
408 3241 635 3296 festivum
667 3245 863 3293 paean&
914 3237 1051 3281 Ovid.

165 3301 352 3346 Hei-oid.
378 3298 444 3349 16,
465 3297 566 3339 285.
596 3296 661 3338 sic
689 3298 864 3338 habeas
879 3295 1054 3350 faciles

167 3363 215 3403 in
245 3367 332 3401 tua
366 3362 476 3399 vota
513 3357 640 3397 deos.
712 3352 1054 3419 Duplex-enim

149 3417 316 3475 facilis
357 3408 600 3471 (εὐχερής)
635 3410 839 3452 vocabuli
877 3426 938 3453 vis
977 3418 1054 3461 est,

165 3474 366 3533 passiva,
417 3470 538 3529 quod
577 3467 627 3512 fit
666 3467 759 3510 sine
794 3465 946 3509 labore
977 3474 1053 3511 aut

163 3530 366 3575 molestia
412 3530 635 3583 (nostrum
681 3526 931 3590 thunlich»
996 3524 1051 3588 de

161 3588 345 3632 homine
369 3585 464 3630 miti
488 3600 541 3630 ac
561 3583 674 3635 leni;
712 3581 878 3634 activa,
907 3597 943 3624 is
974 3597 1050 3638 qui

1148 1103 1483 1150 difficultatibus
1517 1123 1608 1151 non
1638 1109 1909 1178 impeditur,
1950 1113 2040 1172 agi·

1147 1162 1226 1213 lis,
1257 1162 1403 1214 celer,
1431 1164 1570 1209 veluti
1599 1166 1895 1226 Virgnlianum
1917 1170 2038 1216 Aen.

1147 1220 1297 1272 8,310.
1313 1222 1483 1278 faciles
1498 1226 1639 1275 oculi;
1659 1224 1784 1269 Suet.
1798 1225 1902 1270 Tib.
1915 1229 2039 1273 c.71.

1145 1293 1363 1322 sermone
1376 1280 1558 1323 Graeco
1568 1291 1888 1338 —promptus
1903 1292 1948 1328 et
1950 1286 2038 1341 fa-

1146 1338 1272 1388 cilis;
1290 1336 1350 1380 id.
1364 1336 1451 1381 Tit.
1469 1354 1506 1381 c.
1522 1338 1563 1381 3.
1582 1339 1749 1383 Latine
1765 1341 2035 1399 Graeceque

1146 1397 1220 1436 vel
1241 1395 1291 1436 in
1312 1399 1495 1437 orando
1517 1398 1591 1438 vel
1606 1398 1653 1439 in
1664 1399 1907 1453 fingendis
1923 1416 2034 1456 poe·

1144 1453 1345 1494 motibus
1365 1462 1614 1507 promptus
1641 1463 1686 1498 et
1705 1456 1883 1512 facilis.
1940 1458 2034 1502 lam

1144 1524 1254 1551 vero
1291 1509 1355 1552 nil
1393 1510 1605 1568 impedit,
1641 1529 1732 1571 quo
1767 1513 1915 1558 minus
1948 1515 2034 1558 ho-

1145 1565 1288 1609 mines
1304 1565 1695 1623 dicatum-faciles
1716 1572 1766 1613 in
1780 1572 1913 1624 bello,
1935 1572 1978 1616 b.
1993 1589 2032 1616 e.

1145 1623 1276 1666 facile
1355 1626 1563 1676 arabiles,
1617 1627 1772 1685 agiles,
1827 1629 2032 1688 expediti,

1145 1683 1220 1740 qui
1244 1698 1293 1724 ex
1319 1639 1438 1724 limiti
1471 1683 1590 1726 bello
1618 1685 1883 1752 funguntur.
1941 1686 2035 1731 Sed

1145 1755 1284 1797 quum
1305 1750 1694 1785 commemoretur
1716 1759 1761 1784 m
1785 1759 1882 1803 sqq.
1903 1744 2030 1804 Agri·

1143 1798 1268 1841 colae
1291 1798 1514 1850 studium,
1543 1808 1593 1842 ut
1613 1801 1819 1856 quietiet
1842 1805 1935 1845 otio
1957 1803 2031 1847 ad-

1140 1863 1399 1899 suescerent
1425 1855 1479 1906 ei,
1510 1858 2032 1904 accommodatissimum

1141 1919 1255 1956 esset
1278 1912 1473 1955 scribere
1498 1915 1564 1957 vel
1592 1917 1712 1958 bello
1743 1918 1814 1960 vel
1843 1919 1895 1960 in
1926 1920 2029 1960 bel-

1140 1973 1238 2012 lum
1261 1970 1435 2024 faciles
1471 1970 1515 2015 h.
1544 1987 1582 2014 e.
1619 1971 1673 2015 ad
1707 1975 2027 2030 capessendum

1140 2028 1303 2071 bellum
1349 2028 1506 2085 proni,
1555 2045 1752 2085 quorum
1795 2032 1933 2076 animi
1969 2032 2028 2076 ad

1135 2085 1310 2127 bellum
1356 2085 1485 2129 facile
1530 2086 1776 2131 incitantur
1819 2089 2030 2149 (Rumpf-

1137 2143 1305 2197 lustig,
1354 2145 1489 2185 leiche
1515 2160 1622 2185 zum
1645 2146 1820 2200 Kriege
1850 2163 1911 2190 zu
1941 2150 2025 2191 be-

1136 2203 1316 2254 wegen)
1330 2233 1342 2255 ,
1368 2200 1456 2244 nisi
1478 2203 1785 2246 adversaretur
1802 2204 2027 2251 librorum

1135 2266 1340 2302 veterum
1384 2274 1627 2302 consensus
1668 2262 1714 2302 in
1751 2262 1866 2305 bello
1898 2263 2024 2307 exhi-

1134 2314 1351 2359 bentium.
1422 2316 1575 2371 Quare
1612 2317 1765 2360 malim
1798 2319 1935 2364 scribi
1973 2323 2024 2365 in

1132 2376 1281 2427 bella,
1336 2388 1468 2429 quam
1513 2376 1822 2420 coniecturam
1868 2379 2023 2424 nescio

1131 2446 1223 2487 quo
1275 2429 1373 2473 iure
1414 2431 1632 2474 Rhenano
1689 2432 2024 2493 adscripserunt

1130 2487 1361 2531 Broterius
1392 2499 1434 2531 et
1461 2489 1665 2547 Bipont.,
1704 2490 1841 2534 Bosio
1873 2491 2018 2539 vindi·

1131 2545 1254 2591 cavit
1279 2544 1546 2591 Walchius.
1605 2548 1690 2600 [lta
1714 2547 1885 2593 editum
1910 2561 1976 2596 est
1995 2569 2021 2596 a

1133 2604 1166 2646 1.
1183 2602 1384 2646 Beldoero
1409 2612 1448 2646 et
1464 2604 1746 2648 Boettichero
1760 2605 1861 2649 Lex.
1874 2608 2020 2654 Tanit.

1165 2692 1175 2703 .
1193 2661 1311 2714 192]
1374 2661 1633 2705 Rectissime
1654 2670 1829 2706 vertunt
1843 2665 2017 2710 Strom.

1130 2677 1261 2762 Eeck.
1290 2725 1332 2762 et
1357 2717 1656 2764 Boeuiehem
1705 2735 1816 2763 zum
1841 2722 2018 2778 Kriege

1129 2778 1338 2830 geneigt5
1385 2790 1620 2834 perperam
1658 2775 1898 2823 Richtefs.:
1950 2784 2016 2824 im

1132 2834 1306 2887 Kriege
1323 2836 1456 2877 lezeht
1478 2834 1741 2890 ausgeregt.
1772 2834 1868 2881 Nec
1887 2854 2016 2897 opus.

1129 2899 1178 2934 ut
1202 2894 1324 2935 bella
1346 2891 1641 2948 intelligamus
1658 2895 1856 2947 proelia.

1183 3003 1330 3060 quieti
1357 3011 1402 3046 et
1435 3005 1541 3047 otio.
1608 3002 1874 3064 Synonyma
1906 3003 2017 3050 haec
2049 3035 2054 3041 =

1127 3061 1366 3106 coniuncta
1404 3069 1578 3119 praeter
1609 3061 1736 3105 locos
1768 3062 1823 3105 ad
1846 3078 1944 3122 cap.
1967 3063 2013 3107 6.

1125 3120 1293 3164 adlatos
1336 3118 1427 3162 vid.
1460 3117 1564 3162 dial.
1598 3117 1653 3161 de
1692 3125 1827 3165 oratt.
1868 3135 1909 3165 c.
1942 3119 2014 3164 88.

1125 3180 1271 3230 longa
1308 3183 1570 3231 temporum
1610 3176 1742 3232 quies
1778 3185 1825 3220 et
1861 3180 2012 3220 eonti-

1122 3249 1274 3276 nuum
1294 3236 1456 3287 populi
1473 3236 1616 3276 otium
1640 3241 1686 3275 et
1705 3234 1911 3278 adnidua
1933 3249 2011 3277 se-

1124 3299 1270 3334 natus
1316 3293 1661 3347 tranquillitas3
1712 3289 1810 3335 Cic.
1851 3291 1907 3336 de
1942 3307 2010 3336 se·

1126 3355 1242 3393 nect.
1275 3347 1346 3397 ΞΒ,
1376 3349 1446 3392 82.
1486 3349 1686 3391 otiosam
1714 3355 1925 3392 aetatem
1963 3357 2009 3392 et

1124 3408 1345 3464 quietam.
1425 3406 1483 3449 cf.
1555 3404 1842 3449 Doederlein.
1909 3405 2007 3451 Lat.

1124 3465 1271 3518 Etym.
1301 3478 1346 3506 u.
1375 3462 1554 3522 Synon.
1589 3463 1621 3506 Ι.
1659 3477 1702 3520 p.
1737 3461 1809 3506 79.
1843 3478 1908 3521 sq.
1949 3486 2008 3498 -·

1122 3522 1216 3564 Pro
1269 3522 1460 3564 hortari
1504 3523 1551 3565 in
1606 3521 1675 3564 ed.
1724 3519 1828 3565 Alc.
1889 3524 2008 3565 hor-

1123 3588 1241 3623 tare.
