2150 4022
192 259 318 343 244

709 251 830 316 DE
884 216 1524 318 dnm-onmes

193 410 314 446 non
343 389 389 444 si
399 407 473 443 ne
500 386 696 462 aliqua
726 384 1115 460 trepidatione
1140 383 1325 441 animi
1350 384 1656 456 adtulerit3
1716 384 1841 465 ipsa
1870 383 2039 465 solli»,-

169 476 392 531 ‘citndo
447 468 818 528 commendat
871 482 1143 533 eventum
1198 482 1253 526 et
1303 470 1677 527 lenocinatur
1729 468 2039 544 voluptati.

191 560 309 618 Sed
347 556 759 630 extemporalis
797 555 1073 612 audaciae
1115 565 1288 630 atque
1337 555 1518 630 ipsius
1566 555 1906 612 temeritatis
1946 553 2040 611 vel

190 643 503 719 praecipua
524 641 872 713 iucunditas
885 652 988 700 est.

1074 659 1212 694 nam
1239 640 1303 694 in
1325 641 1562 714 ingenio
1587 660 1850 718 quoque,
1892 639 2041 697 sicut

194 731 257 784 in
297 747 467 801 agro,
521 746 882 804 quamquam
920 725 1035 782 alia
1074 724 1180 780 diu
1216 737 1484 782 serantur
1523 737 1696 803 atque
1733 726 2042 783 elaboren-

193 826 322 885 tur,
367 812 623 887 gratiora
654 823 883 883 tamen,
925 829 1074 889 quae
1106 822 1445 887 sua-sponte
1475 821 1816 871 nascuntur.

191 1058 458 1120 significatio
504 1056 612 1102 insit
656 1056 823 1102 laboris
868 1063 913 1100 et
951 1055 1083 1098 indu-

192 1120 324 1163 striae
350 1115 585 1162 cuiusdam
604 1116 657 1159 ab
674 1115 763 1160 boc
787 1114 906 1163 loco.
929 1112 1006 1156 ubi
1030 1112 1086 1156 de

190 1176 333 1221 subita
346 1174 550 1229 oratione
563 1189 711 1217 sermo
725 1173 796 1220 sit.
808 1171 964 1216 aliena.
976 1170 1086 1214 Cor·

193 1235 295 1292 rigit
311 1233 347 1276 is
363 1231 512 1289 igitur,
534 1245 703 1274 curam
726 1230 886 1278 deleto,
907 1241 1087 1271 novam

194 1300 239 1334 et
263 1297 500 1334 recentem
534 1302 620 1331 nec
653 1295 943 1330 accuratam.
1003 1285 1084 1327 lis·

194 1350 295 1393 dem
327 1343 602 1414 argumentis
636 1345 798 1387 ductus
823 1350 889 1386 est
907 1342 1085 1399 Ernest.

195 1408 252 1451 ad
293 1412 506 1449 cennech:
558 1417 733 1446 novam
773 1409 818 1444 et
853 1407 1088 1455 repentem

195 1477 381 1512 curam,
415 1468 461 1502 ut
487 1460 658 1511 subita,
689 1456 923 1516 repentina
948 1455 1090 1499 intel-

195 1520 384 1578 ligatur,
436 1517 642 1575 opposita
681 1532 732 1558 ea
767 1523 1000 1559 accuratae
1046 1519 1091 1555 et

196 1575 458 1625 meditatae3
531 1582 574 1616 et
628 1572 878 1616 Hofmann.
929 1570 1092 1616 Peerl-

199 1635 347 1692 kamp.
390 1632 447 1675 ad
487 1633 732 1678 verborum
770 1628 1092 1687 transpositio-

200 1708 305 1735 nem
330 1691 471 1734 hane:
511 1691 604 1732 sive
634 1695 913 1732 accuratam
942 1687 1093 1729 medi-

59 1758 61 1762 ‘
126 1777 134 1783 r
202 1757 446 1804 latamque
476 1747 616 1802 affert
646 1759 839 1799 curam,
882 1745 979 1786 sive
1002 1758 1090 1786 no-

201 1822 315 1848 vam
386 1813 432 1847 et
505 1813 738 1847 recentem
812 1804 1093 1845 orationem.

201 1865 360 1906 Persto
393 1861 439 1903 in
468 1862 689 1906 librorum
716 1860 953 1918 scriptura.
1003 1874 1093 1900 no-

203 1935 290 1964 vus
315 1929 358 1963 et
381 1934 542 1962 recens
564 1917 808 1962 coniuncta
843 1923 946 1959 sunt
980 1916 1096 1960 infra

205 1995 247 2022 c.
279 1980 322 2020 8.
362 1985 404 2019 et
441 1976 559 2019 Hist.
591 1977 635 2024 4,
671 1977 744 2018 65.
787 1989 914 2015 noua
948 1982 993 2016 et
1020 1988 1096 2016 re-

205 2037 384 2085 canno,-
434 2034 638 2080 luvenal.
681 2042 762 2075 sat.
797 2033 839 2082 2,
880 2032 977 2075 102.
1020 2045 1098 2074 res

206 2095 516 2136 memoranda
536 2092 667 2132 novis
689 2090 939 2132 annalibus
958 2095 1098 2144 atque

207 2151 389 2193 recenti
429 2149 636 2191 historia.
717 2146 834 2190 Cum
879 2145 1099 2188 sententia

210 2205 513 2264 comparanda
538 2214 668 2255 sunt,
697 2219 810 2262 quae
838 2203 892 2246 de
918 2202 980 2259 Q.
1006 2202 1098 2245 Ha-

210 2264 326 2307 terio
349 2263 532 2307 Tacitus
561 2268 713 2305 narrat
734 2263 825 2304 An.
845 2261 888 2312 4,
910 2261 981 2303 61.
1005 2260 1098 2302 sci·

208 2323 313 2364 licet
344 2322 521 2375 impetu
547 2319 699 2373 magis
721 2333 864 2374 quam
888 2332 1006 2360 cura
1029 2317 1099 2359 vi-

209 2380 376 2434 gebat:
425 2385 569 2434 utque
606 2377 812 2418 aliorum
851 2375 1101 2417 meditatio

210 2444 256 2479 et
279 2437 414 2480 labor
437 2437 486 2478 in
507 2441 748 2490 posterum
771 2433 980 2476 vanescit
994 2466 1008 2486 ,
1039 2433 1105 2474 sie

210 2494 403 2536 Haterii
418 2507 643 2536 canorum
664 2493 781 2533 illud
804 2498 847 2532 et
862 2489 1106 2546 profluens

213 2567 319 2595 cum
340 2552 442 2607 ipso
463 2551 608 2594 simut
628 2549 914 2592 exstinctum
937 2554 1020 2592 est.

270 2666 371 2709 sine
396 2696 409 2710 .
424 2696 463 2714 ..
488 2665 802 2720 trepidatione
832 2662 986 2706 animi
1012 2665 1106 2705 ad—

218 2725 391 2767 tulerit.
449 2722 586 2766 MSS.
611 2723 753 2780 Neap.
791 2722 948 2776 [Fam.
983 2716 1105 2763 Bekss-

216 2779 325 2823 kero
351 2785 483 2834 teste]
505 2779 679 2825 Vaticc.
704 2789 747 2823 et
771 2778 872 2822 edd.
900 2778 1105 2834 antiquae

217 2853 375 2880 omnes
391 2838 596 2880 exhibent
617 2837 829 2890 animus,
856 2835 977 2893 quod
997 2834 1104 2878 ferri

216 2894 398 2948 nequit,
448 2911 552 2938 cum
599 2903 752 2938 orator
791 2891 1107 2951 intelligendus

217 2952 273 2995 sit
303 2950 553 2995 necessario
582 2952 635 2994 ad
661 2953 904 2994 adtulerit.
962 2949 1109 2993 Com-

216 3009 343 3052 muni
375 3008 514 3064 igitur
545 3010 750 3052 omnium
781 3007 995 3065 adplausu
1029 3023 1100 3050 ex-

218 3074 346 3124 cepta
362 3074 426 3108 est
439 3065 657 3110 Pichenae
673 3065 925 3109 emendatio
939 3065 1105 3121 animi,

219 3124 294 3169 cui
313 3138 429 3167 unus
443 3122 618 3166 Dronk.
642 3123 829 3181 obloqui
849 3138 980 3166 ausus
1001 3129 1081 3168 est.

274 3240 614 3294 extemporalis·
685 3239 932 3282 audaciae.
1034 3234 1107 3280 Cf.

220 3296 381 3352 Quint.
406 3297 511 3339 lnst.
533 3313 601 3338 or.
631 3296 694 3346 10,
713 3295 755 3343 6,
778 3297 820 3338 6.
844 3295 1021 3352 alioqui
1038 3296 1110 3336 vel

218 3357 593 3404 extemporalem
619 3354 938 3396 temeritatem
963 3355 1106 3406 molo,

221 3411 280 3453 id.
322 3415 387 3462 10,
418 3412 457 3462 7,
497 3415 531 3456 1.
567 3411 810 3452 mamimus
848 3413 1109 3454 studiorum

207 3468 396 3522 fructus
430 3478 475 3511 et
509 3471 628 3511 velut
654 3467 923 3522 praemium
956 3470 1106 3524 quod-

217 3530 336 3567 dam
380 3529 720 3580 amplissimum
769 3525 901 3576 longi
939 3526 1110 3568 laboris

219 3598 282 3632 ex
309 3591 513 3637 tempore
536 3582 968 3640 dt‘cendl'sacullas;
993 3581 1108 3626 ‘ibid-

1155 1060 1196 1112 §.
1220 1055 1288 1102 18.
1306 1054 1590 1112 frequenter
1620 1055 1812 1112 accidit,
1852 1065 1905 1100 ut
1937 1071 2045 1099 suc-

1155 1129 1337 1158 cessum
1360 1116 1738 1166 extemporalem
1759 1129 1874 1158 cura
1898 1130 2046 1159 conso·

1157 1173 1236 1228 qui
1263 1187 1360 1214 non
1387 1173 1557 1225 possit.

1216 1254 1266 1298 in
1308 1255 1502 1307 ingenio.
1574 1253 1960 1313 praepositionem
1999 1259 2048 1300 in

1158 1314 1372 1357 omittunt
1401 1312 1501 1355 MS.
1530 1310 1671 1371 Neap.
1710 1320 1754 1356 et
1788 1313 1890 1358 edd.
1927 1317 2048 1359 anti-

1159 1387 1300 1428 quae3
1339 1369 1632 1413 inseruerunt
1655 1386 1751 1414 eam
1770 1370 1982 1416 Pithoeus
2007 1380 2052 1416 et

1160 1427 1393 1473 Acidalius
1407 1459 1419 1475 ,
1460 1442 1576 1486 quos
1596 1429 1774 1486 sequuti
1797 1439 1903 1475 sunt
1925 1431 2051 1475 dein·

1162 1501 1268 1546 ceps
1294 1500 1471 1528 omnes.

1220 1583 1507 1625 quamquam
1529 1569 1628 1611 alia
1642 1569 1726 1612 diu
1741 1579 1964 1615 serantur
1983 1580 2054 1616 ae·
2083 1620 2099 1626 ae

1165 1642 1250 1682 que
1295 1627 1610 1669 elaberentur.
1691 1630 1792 1671 alia
1835 1630 2054 1674 omissum

1164 1693 1230 1727 est
1251 1683 1298 1726 in
1323 1682 1461 1726 MSS.
1483 1681 1620 1743 Neap.
1655 1688 1719 1737 [et
1741 1686 1924 1733 Fames.
1946 1697 2056 1733 teste

1166 1740 1393 1795 Bekker.].
1424 1739 1611 1800 Reliqua
1631 1758 1727 1786 non
1750 1760 1853 1790 sana
1875 1747 2057 1804 putabat

1165 1799 1422 1850 Ernestius,
1473 1807 1516 1840 et
1553 1807 1602 1841 ut
1633 1801 1771 1859 magis
1799 1806 2056 1862 responde·-

1167 1866 1270 1901 rent
1303 1855 1590 1912 sequentibus
1622 1859 1840 1911 gratiora
1876 1868 2039 1909 tamen

1169 1913 1438 1959 coniiciebat
1489 1928 1762 1969 quanquam
1809 1921 1943 1961 utilia
1988 1899 2057 1969 ivel

1171 1974 1388 2024 utiliora,
1431 1986 1548 2025 quae
1580 1980 1819 2019 serantur.
1879 1976 2059 2024 Proba-

1168 2046 1291 2079 rem,
1330 2028 1363 2070 si
1392 2027 1522 2070 codd.
1548 2029 1811 2074 auctoritate
1838 2025 2058 2082 niteretur

1169 2084 1441 2130 emendatio.
1485 2101 1607 2127 nunc
1636 2087 1874 2144 acquiesco
1895 2092 1942 2136 in
1967 2094 2059 2138 vul·

1170 2152 1266 2203 gata
1289 2142 1497 2190 lectione,
1524 2158 1657 2199 quam
1681 2144 1878 2191 editores
1899 2165 2059 2197 omnes

1169 2202 1477 2249 retinuerunt,
1500 2208 1541 2242 et
1565 2201 1677 2243 bene
1698 2202 1898 2250 defendit
1911 2206 1968 2253 G.
1982 2211 2058 2254 la-

1171 2259 1272 2303 cob.
1294 2259 1341 2300 in
1366 2257 1576 2301 Addend.
1602 2258 1672 2302 ed.
1700 2259 1876 2306 Dronk.
1902 2281 1947 2323 p.
1960 2265 2061 2326 245,

1171 2317 1260 2367 Ea,
1297 2315 1467 2372 inquit,
1507 2314 1790 2370 indicantur,
1820 2326 1933 2377 quae
1956 2333 2062 2369 sunt

1171 2375 1306 2430 longe
1347 2371 1460 2416 alius
1506 2372 1709 2428 generis,
1763 2391 1900 2434 quam
1947 2387 2062 2441 quad

1173 2438 1332 2490 sponte
1351 2439 1613 2473 nascuntur.
1659 2430 1779 2477 Nihil
1796 2434 1932 2494 igitur
1948 2457 2062 2499 opus

1174 2497 1241 2532 est
1275 2487 1588 2530 emendatione
1620 2487 1864 2539 Hofmann.
1901 2496 2060 2542 Peerl-

1174 2545 1350 2602 kamp.:
1402 2558 1517 2587 nam
1559 2547 1609 2587 in
1650 2546 1830 2602 ingenio
1873 2569 2064 2612 quoque,

1173 2606 1286 2647 sicut
1305 2603 1354 2644 in
1376 2616 1515 2657 agra,
1545 2617 1816 2660 quanquam
1836 2612 2064 2657 solidiora

1174 2667 1406 2704 serantur
1489 2661 1662 2714 diuque
1742 2666 2062 2718 alahor-entur.

1174 2716 1387 2761 Eiusdem
1428 2716 1714 2774 metaphorae
1752 2736 1803 2764 ex
1838 2726 2065 2783 agricola..

1175 2791 1278 2818 rum
1335 2773 1567 2818 laboribus
1619 2776 1781 2833 petitae
1832 2790 1938 2827 sunt
1986 2783 2063 2832 itta

1178 2848 1277 2891 cap.
1303 2833 1344 2876 9.
1376 2833 1572 2885 dignum
1605 2835 1783 2889 aliquid
1813 2841 2064 2886 elaborare

1178 2898 1221 2933 et
1247 2905 1287 2932 c.
1314 2888 1383 2932 34.
1409 2891 1518 2931 inde
1550 2890 1814 2945 quinimmo
1845 2907 2063 2943 constan-

1178 2949 1272 2990 tius
1297 2961 1483 2997 surgere
1497 2979 1509 3001 ,
1546 2949 1610 2990 ibi
1620 2950 1818 3003 fidelius
1842 2959 2067 3001 corroba-

1178 3004 1297 3047 rari.
1356 3002 1428 3047 Cf.
1464 3004 1518 3047 de
1551 3004 1639 3048 hoc
1674 3009 1900 3055 vocabulo
1935 3012 2065 3059 Doe-

1179 3060 1367 3106 derlein.
1398 3060 1497 3104 Lat.
1522 3061 1634 3120 Syn.
1659 3071 1702 3107 et
1722 3065 1874 3125 Etym.
1901 3068 2005 3118 Vol.
2027 3073 2066 3120 Ι.

1176 3136 1220 3178 p.
1249 3118 1345 3161 116.
1404 3118 1631 3164 Sententia
1662 3138 1778 3167 vero
1803 3134 1894 3172 est:
1935 3138 1985 3173 ut
2015 3130 2064 3174 in

1177 3193 1284 3236 agro
1306 3176 1499 3234 gratiora
1523 3185 1650 3231 sunt,
1677 3196 1790 3280 quae
1807 3199 1886 3227 sua
1906 3196 2067 3244 sponte

1177 3243 1447 3299 naseuntur,
1495 3249 1628 3291 quam
1665 3238 1773 3290 aia,
1822 3240 1870 3284 in
1903 3243 2066 3300 quibus

1178 3292 1375 3336 serendis
1429 3299 1471 3334 et
1513 3292 1795 3340 elaborandis
1839 3299 2067 3347 sudaveris

1179 3348 1375 3392 multum
1417 3349 1608 3407 diuque,
1654 3352 1714 3395 ita
1754 3360 2068 3414 extemporalis

1179 3407 1252 3451 illa
1286 3407 1541 3463 eloquentia
1573 3423 1621 3449 ex
1654 3409 1833 3469 ingenio
1872 3414 2068 3460 oriunda

1180 3463 1389 3508 meliores
1415 3463 1502 3507 sert
1523 3465 1719 3518 fructus,
1749 3471 1977 3528 acceptior
2000 3481 2067 3518 est

1179 3522 1348 3573 mutto,
1380 3537 1513 3578 quam
1542 3524 1682 3566 oratio
1708 3525 1892 3578 adsidua
1917 3530 2065 3575 medi·
2131 3537 2133 3539 ’

1178 3579 1344 3624 tatione
1368 3589 1410 3623 et
1435 3594 1538 3625 cura
1563 3582 1826 3638 composita.
