2150 4022
42 2295 46 2299 -
107 2266 247 2314 vius).

482 255 605 315 DE
661 252 1194 315 GERMANIA
1257 251 1592 319 CAP.42.

870 382 995 442 Nee
1022 381 1252 440 Narisci
1278 382 1550 457 Quadive
1588 386 1962 460 degenerant.

113 390 306 460 Boiis,
346 386 565 445 virtute
601 396 786 461 parta.

1878 258 1961 319 93

109 474 315 552 anue
351 471 708 530 Germaniae
761 469 923 527 velut
963 470 1129 524 frons
1184 480 1298 537 est,
1356 482 1644 546 quatenus
1681 471 1963 530 Danubio

109 559 449 637 porrigitur.

544 555 946 613 Marcomanis
981 553 1324 629 Quadisque
1363 575 1549 632 usque
1587 559 1661 614 ad
1700 570 1965 615 nostram

109 644 456 702 memoriam
504 661 667 715 reges
702 651 1050 697 manserunt*
1085 659 1152 694 ex
1192 650 1360 712 gente
1398 641 1693 715 ipsorum,
1763 644 1978 700 nobilev

110 728 473 787 Marobodui
512 740 568 785 et
593 725 789 783 Tudri
827 744 1034 799 genus:

1078 724 1197 779 iam
1237 734 1294 780 et
1331 735 1598 784 externos
1638 729 1964 804 patiuntur.

111 814 229 874 Sed
289 814 379 871 vis
418 811 491 870 'et
536 811 802 888 potentia
857 810 1094 884 regibus
1154 829 1221 865 ex
1276 811 1620 871 auctoritate
1673 812 1964 876 Romana.

110 1032 113 1033 ⁷
170 1059 327 1103 Botis.
385 1055 500 1100 Edd.
526 1055 647 1114 spir.
671 1055 775 1098 Put.
800 1055 868 1099 M.
893 1053 1003 1098 etv,

111 1116 325 1160 Norir'nb.
382 1114 526 1158 Paris.
575 1114 740 1156 Vienn.
788 1111 1003 1155 Beroald.

111 1175 213 1218 Ale.
242 1173 388 1217 Rhen.
411 1172 578 1227 (1519.)
608 1171 743 1213 Bois.
824 1169 914 1212 Sed
945 1168 1005 1212 cf.

113 1239 210 1275 not.
235 1231 290 1274 ad
314 1247 352 1275 c.
372 1230 445 1272 28.
515 1227 573 1271 cf.
597 1226 653 1270 G.
676 1228 762 1270 Th.
787 1226 1004 1274 Rudhart,

112 1292 225 1331 ither
272 1291 362 1330 den
416 1285 724 1331 Unterschied
776 1285 1005 1326 zwischen

114 1346 286 1388 Kelten
327 1346 426 1386 und
460 1343 761 1394 Germanen,
805 1341 1004 1399 (Erlang.

112 1404 262 1457 1826.)
302 1417 347 1460 p.
366 1401 439 1444 90.
461 1416 561 1460 sqq.

163 1460 439 1515 porrigitur.
525 1457 604 1501 Sic
641 1456 743 1500 edd.
782 1455 924 1499 Paris.
960 1461 1005 1498 et

109 1515 475 1617 Quperlxvalleh'
511 1514 726 1615 sqzdenltccie
759 1513 917 1580 Hessio
933 1512 1003 1613 [ip

154 1592 238 1620 arr.
338 1604 350 1617 .
405 1605 442 1624 .,
504 1605 516 1616 .
600 1604 610 1615 .
723 1588 793 1614 em
819 1587 905 1614 iam
969 1586 1005 1611 ι-

140 1633 229 1676 sius
255 1588 547 1677 divinavegit.
572 1654 627 1664 -
665 1630 881 1682 pergitur
903 1627 1002 1671 edd.

107 1650 212 1734 But.
236 1688 304 1732 M.
328 1697 373 1730 et
395 1686 453 1730 V.
479 1687 643 1730 Vienn.
665 1686 877 1728 Beroald.
901 1683 1002 1727 Alc.

109 1747 313 1791 Rhenan.
336 1744 443 1789 Ald.
465 1743 642 1801 Micyll.
664 1743 853 1786 Pichen.
886 1742 1001 1784 Ber-

108 1820 239 1863 negg.
281 1818 386 1862 sqq.
428 1809 471 1844 et
509 1817 656 1858 nuper
691 1799 905 1843 Haekius.
946 1823 1002 1834 —

105 1862 349 1918 peragitur
402 1857 539 1902 MSS.
589 1858 699 1901 Tur.
760 1857 1001 1914 Bamberg.

108 1920 339 1976 stuttgart.
365 1915 557 1974 Longol.
589 1916 686 1959 edd.
716 1915 835 1972 Spir.
866 1914 1001 1957 Kath.

109 1976 393 2031 Norimberg.
428 1973 561 2016 Rom.
597 1973 784 2015 Monac.
812 1971 1000 2015 Passov.

107 2034 232 2078 Hess.
259 2032 350 2076 alii.
377 2055 433 2063 —
490 2031 758 2085 protegitur
785 2028 888 2072 edd.
917 2028 998 2070 Bi-

108 2098 235 2150 pont.
261 2088 420 2133 Oberl.
443 2087 634 2131 Bekker.
668 2103 691 2130 e
721 2087 998 2130 coniectura.

107 2178 167 2187 ...
193 2147 500 2204 praetexitur
535 2145 634 2188 edd.
665 2143 783 2203 Lips.
810 2143 998 2204 Gruter.

108 2209 220 2263 (non
255 2205 489 2252 Rhenan„
533 2202 598 2245 uti
628 2203 800 2246 rettulit
835 2202 998 2245 Passo—

335 2260 588 2305 Bredovius
622 2260 817 2304 coniecit
850 2269 1006 2314 prae—0

111 2322 339 2370 tenditur‚·
348 2318 528 2362 Hessius
537 2325 828 2373 peragratur
838 2335 853 2370 ,·
865 2316 999 2359 Hein-

108 2379 198 2422 sius
223 2378 495 2431 perrigatur
523 2376 591 2418 vel
621 2380 831 2430 tergitur.
904 2373 1001 2428 Qui

109 2435 350 2479 admittunt
379 2432 652 2488 peragitur,
701 2433 824 2478 varie
857 2431 998 2490 expli-

110 2500 229 2537 cant.
314 2489 530 2535 Passovio
567 2489 621 2531 ad
646 2490 898 2544 peragitur
927 2489 998 2530 in-

108 2548 324 2608 telligitur
368 2549 490 2602 iter,
558 2555 608 2589 ut
658 2546 874 2589 sententia
920 2545 1000 2587 sit:

108 2605 309 2651 Danubii
372 2613 567 2648 tractum
630 2603 833 2661 sequenti
892 2602 1001 2645 haec

109 2662 381 2718 Germaniae
416 2659 543 2720 quasi
578 2660 706 2703 frons
742 2669 823 2703 est.
888 2659 1000 2702 Pro-

108 2729 244 2768 vocat
291 2720 350 2763 ad
394 2735 527 2762 usum
568 2717 872 2766 Graecorum,
923 2717 998 2774 qui

109 2780 296 2823 eandem
329 2776 523 2835 ellipsim
547 2775 789 2820 admittunt
821 2775 866 2817 in
890 2791 1000 2817 ver-

108 2837 178 2879 bis
226 2836 373 2879 τελεῖν
404 2842 447 2877 et
479 2829 654 2877 ἀνύειν.
744 2832 833 2876 Sed
880 2832 996 2891 apud

108 2893 339 2937 Romanos
361 2892 406 2935 in
431 2892 572 2935 verbo
597 2905 828 2946 peragere
860 2906 908 2933 ea
938 2889 996 2931 el·

112 2949 234 3008 lipsis
282 2958 349 2994 est
396 2948 611 2992 inaudita.
693 2946 891 3004 Dilthejo
941 2946 995 2990 ad

109 3008 294 3050 verbum
314 3008 560 3062 peragitur
580 3004 846 3063 intelligitur
854 3002 998 3060 frons

107 3065 295 3120 (soweie
335 3064 411 3106 die
450 3063 754 3106 Vorderseite
788 3062 994 3105 Germa-

108 3125 242 3164 niens
269 3122 417 3163 durch
449 3121 526 3163 die
547 3120 727 3163 Don'au
763 3122 996 3162 vollendet

107 3179 264 3235 wird).
322 3177 408 3222 Sed
434 3193 484 3220 ea
509 3176 636 3220 frons
659 3193 754 3220 non
779 3185 844 3220 est
869 3193 997 3235 opuS,

109 3236 230 3294 quod
251 3235 401 3293 peragi
428 3234 518 3278 diei
543 3243 713 3292 potest:
743 3233 880 3293 igitur
904 3235 995 3278 Ta-

109 3295 199 3338 cito
237 3308 332 3335 non
374 3290 477 3334 satis
520 3292 653 3350 digna
694 3300 760 3335 est
805 3291 994 3336 locutio·

107 3350 288 3394 Hessius
312 3349 447 3392 verbo
467 3363 701 3403 peragere
727 3348 883 3392 tribuit
915 3364 993 3393 no-

109 3408 277 3451 tionem
314 3407 610 3461 peragrandi
637 3406 825 3460 (soweit
871 3407 992 3448 Ger-

111 3466 302 3507 manien
347 3478 436 3506 von
479 3467 563 3505 der
602 3462 784 3505 Danau
823 3466 993 3506 durch-

109 3524 319 3564 wandert
369 3544 426 3555 —
475 3522 783 3576 durelalausen
826 3522 946 3563 wird
962 3523 992 3575 ).

109 3576 296 3622 Utinam
322 3578 528 3635 exemplis
555 3577 776 3621 docuisset
811 3586 990 3621 terram

1075 1056 1283 1111 aliquam
1319 1067 1554 1108 peragere
1594 1070 1648 1098 eo
1684 1072 1819 1099 sensu
1856 1056 1964 1100 diei.

1080 1113 1160 1155 Vir
1187 1112 1332 1154 dietus
1358 1112 1407 1154 in
1421 1111 1610 1170 Ephem.
1636 1112 1703 1156 lit.
1729 1115 1818 1157 len.
1839 1115 1964 1157 1818.

1075 1185 1231 1212 mense
1268 1167 1523 1213 Novembr.
1572 1186 1653 1228 per
1703 1170 1966 1229 hypallagen

1077 1226 1286 1284 explieat:
1330 1234 1563 1281 quatenus
1585 1227 1837 1270 Danubius
1861 1230 1964 1282 agi-

1076 1293 1158 1326 tur
1184 1297 1272 1338 per
1304 1283 1633 1328 Germaniam.
1704 1284 1824 1328 Mira
1860 1300 1968 1328 sane

1073 1339 1322 1400 hypallage.
1381 1341 1473 1386 Alii
1498 1342 1595 1385 viro
1625 1342 1842 1396 doetoffin
1867 1342 1967 1385 See·
2027 1353 2030 1356 '

1074 1399 1182 1443 bod.
1205 1398 1323 1442 Bibl.
1350 1400 1449 1442 crit.
1475 1399 1601 1443 1825.
1636 1415 1679 1458 p.
1701 1398 1970 1456 215.frons

1075 1466 1142 1500 est
1164 1456 1314 1509 limes,
1342 1456 1419 1514 qui
1441 1464 1491 1499 ut
1516 1473 1555 1500 c.
1575 1458 1649 1501 29.
1677 1459 1861 1513 agitur,
1895 1457 1970 1502 hic

1070 1522 1331 1569 peragatur
1373 1514 1516 1568 (Dies
1548 1516 1607 1557 ist
1647 1517 1724 1558 die
1773 1517 1971 1558 vordere

1077 1573 1263 1615 Grenze
1298 1571 1638 1628 Germanicas,
1699 1575 1863 1615 soweit
1901 1575 1968 1620 sie

1074 1631 1216 1672 durch
1240 1629 1312 1670 die
1328 1628 1508 1671 Donau
1525 1642 1729 1686 gezogen
1753 1633 1847 1687 ist).
1905 1630 1969 1674 At

1060 1688 1210 1743 srons
1243 1686 1435 1728 multum
1465 1687 1613 1731 differt
1638 1703 1662 1730 a
1684 1688 1852 1739 limite,
1883 1703 1971 1731 nec

1074 1744 1266 1787 alterum
1288 1751 1387 1800 apte
1407 1759 1490 1800 pro
1513 1744 1655 1788 altero
1685 1745 1774 1789 dici
1805 1753 1970 1804 potest.

1074 1801 1212 1845 Nullo
1246 1800 1384 1843 modo
1417 1808 1565 1845 autem
1598 1803 1788 1849 verbum
1821 1817 1971 1858 pera·-

1073 1862 1198 1915 gitur
1242 1857 1462 1900 vocabulo
1500 1859 1684 1914 frontis
1736 1860 1967 1904 convenit.

1072 1918 1166 1960 lam
1204 1931 1315 1960 vero
1348 1917 1614 1970 porrigitur
1656 1917 1705 1960 in
1744 1934 1791 1960 se
1835 1917 1973 1961 habet

1073 1972 1227 2017 omnia
1251 1988 1364 2031 quae
1388 1972 1514 2016 locus
1540 1976 1702 2032 poscit.
1761 1975 1840 2019 Est
1874 1993 1968 2019 ven-

1071 2033 1181 2076 bum
1227 2031 1281 2073 de
1323 2029 1399 2095 tali
1437 2047 1488 2075 re
1522 2032 1680 2076 Tacito
1727 2033 1965 2077 usitatissi-

1071 2105 1213 2131 mum.
1276 2086 1338 2131 ef.
1362 2089 1452 2132 An.
1479 2093 1515 2141 1,
1535 2090 1607 2133 64.
1627 2091 1966 2144 porrigebatur

1066 2147 1291 2207 planities
1303 2163 1319 2197 ;
1359 2147 1402 2201 2,
1428 2147 1499 2188 56.
1531 2162 1650 2202 gens
1683 2180 1695 2193 .
1712 2178 1725 2191 .
1741 2178 1753 2191 .
1773 2151 1966 2203 penitus

1068 2207 1136 2246 ad
1157 2204 1319 2246 Medos
1341 2204 1632 2260 porrigitur}
1671 2205 1737 2256 13,
1760 2205 1830 2250 38.
1850 2222 1971 2261 pars

1072 2265 1120 2305 in
1139 2262 1388 2314 planitiem
1409 2266 1762 2318 porrigebatur.
1821 2264 1966 2322 Supra

1071 2335 1110 2364 c.
1123 2321 1192 2362 41.
1211 2321 1475 2374 porrigitur
1491 2336 1614 2376 pars
1634 2321 1897 2364 Suevorum
1920 2324 1968 2366 in

1070 2378 1330 2420 secretiora
1353 2377 1655 2420 Germaniae.
1713 2379 1966 2424 Ovid..Me-

1069 2444 1178 2477 tam.
1202 2434 1244 2488 4,
1273 2433 1368 2477 526.
1394 2438 1612 2490 scopulus
1618 2435 1841 2491 frontem
1856 2452 1966 2491 por-

1071 2493 1180 2546 rigit
1203 2493 1252 2533 in
1271 2506 1467 2547 aequor.
1531 2492 1721 2536 Dativus
1739 2493 1966 2539 Danubio

1069 2558 1119 2591 ut
1150 2549 1406 2606 saepissime
1441 2550 1557 2607 apud
1582 2549 1799 2593 Nostrum
1832 2553 1965 2610 poni·

1068 2615 1143 2649 tur
1167 2621 1251 2663 pro
1278 2609 1344 2647 ad
1368 2606 1441 2651 vel
1464 2610 1524 2660 {in
1552 2623 1657 2651 cum
1680 2623 1831 2653 accus.
1900 2610 1963 2655 cf.

1069 2672 1165 2706 not.
1188 2664 1242 2705 ad
1267 2663 1358 2705 An.
1385 2664 1425 2712 1,
1450 2665 1519 2707 19.
1545 2665 1627 2707 sub
1653 2681 1697 2711 v.
1714 2669 1912 2720 pectori.

1129 2720 1412 2777 Quadisque.
1460 2721 1538 2765 Sic
1550 2723 1684 2767 MSS.
1698 2722 1807 2767 Tur.
1823 2727 1962 2768 Stu'tt-

1070 2787 1183 2835 gart.
1227 2777 1326 2820 edd.
1361 2776 1573 2824 Norimb.
1604 2779 1740 2823 Rom.
1771 2780 1960 2828 Piehen.

1069 2839 1288 2893 ssernegg.
1318 2851 1416 2893 sqq.
1455 2858 1516 2870 ·-
1586 2838 1825 2896 Quadisve
1860 2841 1961 2886 edd.

1066 2891 1099 2934 S
1133 2892 1184 2935 ir.
1212 2891 1345 2935 Rath.
1366 2895 1468 2937 Put.
1500 2894 1569 2938 M.
1596 2905 1639 2939 et
1663 2894 1722 2939 V.
1747 2897 1961 2943 Beroald.

1066 2909 1169 2994 Alie.
1200 2965 1296 3007 sqq.
1331 2953 1385 2995 ad
1410 2951 1669 2997 Pichenam.
1732 2954 1789 2998 cf.
1815 2954 1962 2999 Geru-

1067 3007 1176 3051 hard
1203 3009 1256 3050 ad
1282 3007 1376 3052 Cic.
1401 3009 1580 3054 Senect.
1613 3027 1658 3068 p.
1685 3014 1784 3055 110.

1125 3074 1415 3109 manserunt.
1477 3063 1578 3111 MS.
1603 3069 1832 3113 Hummel.
1853 3071 1956 3114 edd.

1067 3121 1278 3165 Non-imb.
1302 3121 1466 3168 Vienn.
1491 3140 1727 3171 mansere.

1125 3179 1290 3224 Tudri.
1348 3179 1425 3226 Sic
1452 3183 1588 3226 MSS.
1621 3182 1790 3228 Vatiee.
1828 3184 1953 3229 1518.

1068 3244 1110 3279 et
1150 3236 1276 3280 4498.
1317 3237 1429 3283 Tur.
1469 3239 1635 3298 Stuttg.
1689 3242 1791 3285 edd.
1824 3241 1990 3301 ‘Spin‘

1065 3292 1197 3336 Kath.
1225 3293 1325 3339 Pu't.
1354 3296 1421 3338 M.
1449 3305 1491 3365 et
1513 3296 1571 3340 V.
1604 3298 1796 3365 Beroald
1820 3301 1952 3352 5A10.

1064 3366 1254 3465 a...]
1488 3354 1794 3400 M*

1062 3464 1260 3566 aik'tunde
1293 3467 1348 3544 de
1372 3467 1460 3514 hoc
1483 3485 1643 3526 genere
1675 3469 1783 3515 nihil
1813 3472 1951 3515 inno-

1121 3552 1357 3625 est-ternos.
1417 3583 1475 3627 cf.
1500 3584 1586 3629 An.
1610 3583 1652 3632 2,
1669 3584 1743 3628 62.
1769 3594 1811 3628 et
1833 3587 1904 3630 63.
