2150 4022
229 230 355 295 320

707 224 832 286 DE
891 222 951 285 O
966 223 1095 286 ΒΑ
1114 222 1318 290 TOR
1331 224 1554 289 mus
1576 269 1591 283 .,

147 384 153 401 ²
227 363 464 424 foedam
490 369 549 417 et
574 355 862 414 insulsam
884 354 1355 428 scurrilitatem„
1377 355 1566 416 variet
1589 368 1849 436 compom'
1832 357 2076 436 ‘ti-ng„
2120 430 2134 441 ⁸

229 469 337 508 nec
366 462 573 505 omnes
599 441 890 500 clausulas
914 461 1038 499 uno
1062 451 1120 499 et
1144 441 1354 503 eodem
1372 442 1551 500 modo
1583 444 1951 508 determinet,
2028 491 2034 501 ,

367 552 625 641 XXIII.
681 577 834 636 Nolo
882 569 1158 636 inridere
1192 557 1435 648 „rotam
1474 578 1786 641 fortunae-'⁹
1830 561 1889 641 e‘t‘
1935 558 2079 655 ,ius

228 669 535 730 verrinum
550 664 576 686 ”
611 675 668 722 et
700 664 852 721 illud
871 664 1052 724 ⁴tertio
1081 683 1317 742 quoque
1344 682 1519 723 sensu
1542 664 1609 723 in
1638 665 1915 727 omnibus
1942 687 2079 726 ora·-

229 753 494 814 tionibus
533 770 642 829 pro
677 750 984 808 sententia*
1004 749 1266 826 positum
1308 767 1476 820 „esse
1515 749 1806 814 videatur.

231 973 308 1024 sis,
330 981 382 1018 ut
405 988 502 1031 cap.
518 971 585 1016 17.
609 973 835 1017 vocitetis.
898 971 999 1016 Alia
1023 970 1123 1016 vide

230 1030 351 1090 apud
373 1029 644 1075 Boetticher.
665 1031 770 1075 Lex.
793 1029 936 1074 Tacit.
959 1029 1123 1073 Prole·-

260 1105 352 1140 om.
376 1087 546 1147 p.L1x.
571 1111 629 1124 —
645 1089 802 1145 fugiet
825 1095 889 1131 est
909 1087 957 1130 in
980 1086 1122 1132 MSS.

226 1104 366 1205 fleat).
411 1146 585 1202 [Fara]
627 1154 671 1189 et
714 1146 816 1190 MS.
849 1145 948 1189 vat.
983 1144 1125 1198 1518„

233 1203 485 1264 quod‘edd.
508 1210 750 1254 mutarunt,
781 1202 834 1246 ad
857 1202 1122 1246 sententiam

229 1262 415 1323 quidem
438 1260 577 1312 bene,
605 1261 651 1303 in
663 1261 826 1316 fugiat
847 1259 1002 1318 [idque
1021 1259 1122 1303 reti·

229 1319 331 1365 nuit
353 1319 568 1378 Rupert.,
603 1317 773 1362 Vaticc.
796 1317 896 1360 libr.
921 1317 1122 1375 seriptu-

228 1394 329 1422 ram
351 1375 543 1436 glossam
566 1376 773 1419 redolere
797 1373 1086 1433 suspicatus}

288 1478 520 1523 insulsam
573 1477 916 1519 scurrilitatem.
1009 1475 1122 1518 Edd.

233 1535 340 1580 Put.
356 1533 461 1580 Riv.
483 1535 692 1577 insulam
705 1551 722 1586 ;
751 1532 849 1577 MS.
870 1533 1010 1592 Neap.
1027 1548 1124 1576 scu-

230 1595 477 1639 rilitatem.

289 1677 527 1721 clausulas
549 1705 564 1719 .
587 1707 599 1720 .
624 1677 916 1720 determinet.
980 1675 1125 1719 Clau-

230 1737 340 1784 sula
369 1733 477 1791 quid
510 1732 566 1776 sit
590 1732 821 1790 Spalding.
846 1732 901 1776 ad
928 1732 1124 1789 Quintil.

198 1787 200 1790 ’
231 1795 291 1840 Τ.
326 1791 386 1837 11.
426 1790 607 1849 p.-264.
641 1807 711 1848 sq.
746 1790 962 1849 exposuit.
1022 1790 1123 1833 De-

232 1850 453 1897 terminet
482 1847 729 1892 stabilitum
760 1858 825 1891 est
857 1848 1125 1892 testimoniis

229 1908 366 1955 MSS.
402 1907 578 1962 [Farn.]
626 1913 668 1947 et
703 1905 877 1950 Vaticc.
924 1906 1124 1964 itemque

231 1967 336 2012 edd.
360 1964 670 2021 antiquarum,
710 1979 760 2005 ex
795 1963 956 2019 quibus
989 1980 1122 2006 revo-

230 2023 346 2071 cavit
366 2020 568 2071 Osann„
607 2035 692 2063 nec
716 2020 988 2078 improbavit
1011 2021 1123 2064 See-

228 2080 411 2128 hodius.
483 2077 540 2130 [1.
573 2076 761 2121 Bekker.
802 2079 847 2119 in
888 2086 1009 2120 textu
1046 2094 1125 2136 po·

231 2139 359 2191 suin]
415 2135 503 2180 Sed
526 2134 721 2194 Lipsius,
754 2133 965 2178 Pithoeus
987 2144 1030 2179 et
1059 2151 1127 2178 re-

231 2198 345 2256 liqui
397 2192 707 2263 praeferebant
747 2194 992 2241 terminet,
1051 2193 1124 2236 cui

233 2254 419 2300 lectioni
465 2254 523 2293 de
569 2267 618 2293 ex
659 2249 945 2307 praecedenti
986 2253 1126 2293 modo

233 2310 481 2357 adhaesisse
502 2306 706 2352 Orellius
730 2307 958 2366 opinatur.

291 2413 406 2459 CM).
427 2409 501 2454 23.
562 2416 722 2452 rotam
736 2406 968 2464 fortunae
990 2415 1035 2450 et
1057 2407 1130 2449 ius

234 2472 498 2517 verrinum.
521 2509 524 2512 ,
555 2466 625 2512 Cf.
641 2464 737 2510 Cic.
761 2467 809 2509 in
823 2465 977 2509 Pison.
1001 2481 1040 2509 c.
1062 2467 1128 2508 10.

234 2532 267 2590 ς
289 2530 361 2573 22.
385 2539 613 2583 quumque
637 2525 732 2576 ipse
757 2527 913 2566 nudus
942 2524 992 2565 in
1025 2538 1127 2566 con-

232 2589 353 2633 vivio
375 2587 603 2628 saltaret:
634 2583 683 2623 in
707 2597 796 2638 quo
819 2595 877 2623 ne
900 2588 1000 2623 tum
1024 2581 1129 2636 qui-

231 2650 371 2700 dem,
413 2656 556 2698 quum
588 2640 722 2681 illum
754 2654 895 2681 suum
921 2640 1128 2681 saltato-

233 2706 361 2749 rium
406 2705 620 2742 versaret
665 2698 850 2745 orbem,
894 2695 1129 2752 fortunae

230 2769 396 2806 rotam
435 2756 815 2812 pertimescebat,
867 2753 989 2811 quod
1031 2754 1128 2811 qui·

231 2820 357 2868 dem,
387 2830 481 2858 non
503 2813 562 2856 ita
583 2813 774 2854 multum
800 2811 1128 2869 reprehenden-

233 2877 342 2920 dum
357 2904 371 2923 ,
400 2871 475 2915 alii
498 2885 680 2941 quoque
701 2869 940 2927 scriptores
967 2868 1127 2912 imitati

236 2939 368 2981 sunt,
406 2938 454 2972 ut
486 2928 653 2971 'libulh
691 2928 728 2977 l,
759 2928 800 2976 6,
833 2927 904 2970 70.
944 2934 987 2969 et
1021 2927 1127 2969 Am·

235 2989 375 3035 mian.
405 2985 550 3028 Marc.
579 2985 650 3035 26,
680 2984 751 3030 25.
810 2982 1016 3027 Alterum
1055 2984 1127 3027 de·

143 3080 146 3085 >
266 3043 528 3090 rehenditur
562 3051 647 3087 act.
674 3041 727 3084 11.
764 3041 810 3084 iu
844 3040 1032 3084 Verrem
1068 3040 1128 3084 li-

232 3065 321 3149 Kro
353 3101 504 3162 primo
535 3116 576 3144 c.
605 3100 700 3143 46.:
742 3100 850 3142 hinc
879 3099 950 3141 illi
976 3099 1126 3141 homa·-

234 3176 318 3206 nes
341 3165 501 3210 erant,
531 3158 611 3213 qui
630 3159 776 3200 etiam
797 3156 984 3198 ridiculi
1004 3157 1127 3198 inve-

233 3213 486 3265 niebantur
507 3228 571 3259 ex
590 3217 762 3257 dolore.
809 3228 1011 3269 quorum
1033 3215 1128 3265 alii,

236 3285 287 3321 ut
317 3273 543 3324 audistis,
588 3272 821 3326 negabant
852 3273 1127 3313 mirandum

183 3324 190 3335 ⁹
235 3349 337 3378 esse
354 3366 366 3389 ,
411 3333 484 3374 ius
508 3339 609 3373 tam
631 3342 838 3384 nequam
861 3342 961 3370 esse
989 3329 1126 3370 verri·

234 3406 366 3436 num.
459 3387 547 3432 Sed
597 3387 732 3431 verba
777 3384 1010 3429 Ciceronis
1064 3401 1129 3428 se·

235 3447 421 3508 quentia
453 3447 616 3501 (neque
649 3444 774 3486 enim
801 3442 1034 3497 perfacete
1062 3443 1128 3485 di-

235 3509 349 3560 cta,
388 3519 538 3558 neque
569 3515 716 3556 porro
752 3502 843 3541 hae
879 3500 1128 3542 severitate

235 3565 383 3618 digna
405 3562 531 3615 sunt)
558 3567 600 3601 et
623 3558 836 3602 disertum
857 3555 1128 3613 Quintiliani

1925 750 2079 812 Nam

1193 970 1413 1017 iudicium
1427 969 1534 1017 lust.
1556 987 1627 1023 or.
1647 973 1692 1024 6,
1709 972 1752 1027 8,
1769 974 1812 1020 4.
1832 975 1939 1030 (illa
1961 975 2083 1031 ipsa,

1195 1044 1313 1086 quae
1343 1037 1456 1073 sunt
1487 1030 1535 1073 in
1568 1031 1768 1076 Verrem
1798 1034 1926 1078 dicta
1945 1032 2084 1090 sn‘gi-

1192 1090 1324 1142 dius,
1355 1087 1466 1130 aliis
1484 1089 1750 1143 adsignavit
1771 1097 1818 1133 et
1835 1092 2090 1135 testamenii

1193 1146 1293 1188 loco
1311 1145 1485 1200 posuit)
1514 1147 1619 1190 satis
1638 1146 1972 1197 demonstrant,
2007 1162 2082 1194 eas

1194 1202 1267 1246 ine
1302 1202 1382 1246 tias
1415 1201 1626 1247 Ciceroni
1658 1201 1822 1250 iniuria
1853 1205 2082 1265 imputari.

1192 1260 1270 1305 Ma
1294 1259 1338 1302 ui
1379 1273 1491 1304 vero
1531 1261 1787 1306 minuscula
1821 1261 1967 1308 littera
2010 1264 2085 1309 ius

1191 1317 1427 1361 verrinum
1463 1317 1690 1370 exhibere,
1735 1326 1786 1362 ut
1810 1319 2085 1378 ambiguitas

1192 1391 1263 1419 ma
1295 1375 1333 1418 is
1365 1375 1606 1429 sentiatur,
1646 1377 1909 1434 praesertim
1941 1394 2086 1448 quum

1194 1432 1241 1476 in
1308 1431 1418 1475 erris
1443 1433 1629 1476 nomine
1650 1434 1908 1492 saepissime
1921 1436 2083 1481 Cicero

1195 1488 1373 1541 luserit,
1428 1496 1479 1532 ut
1518 1490 1567 1533 in
1608 1504 1727 1545 apro
1765 1491 2085 1549 Erymanthio,

1195 1563 1332 1606 quem
1357 1548 1459 1590 Act.
1486 1546 1546 1591 11.
1572 1546 1691 1591 libro
1713 1549 1914 1594 secundo
1946 1568 1988 1596 c.
2009 1552 2084 1598 43.

1196 1613 1304 1648 extr.
1355 1605 1741 1649 commemoravit.
1828 1607 1910 1652 De*
1948 1609 2085 1654 tertio

1198 1676 1295 1705 esse
1318 1663 1530 1704 videatur
1549 1661 1679 1706 adeas
1699 1661 1862 1718 Quint.
1883 1664 1995 1712 lust.
2016 1682 2086 1711 or.

1197 1722 1265 1768 10,
1288 1719 1330 1771 2,
1353 1719 1420 1762 18.
1436 1751 1450 1771 ,
1475 1732 1706 1764 noveram
1727 1725 1981 1777 quosdam,
2011 1726 2093 1782 qui

1194 1792 1244 1822 se
1268 1779 1463 1833 pulchre
1493 1777 1782 1831 expressisse
1801 1793 1949 1834 genus
1967 1782 2091 1825 illud

1195 1837 1404 1879 eoelestis
1423 1834 1564 1878 huius
1589 1835 1639 1877 in
1660 1837 1854 1880 dicendo
1884 1839 1980 1883 viri
2002 1841 2092 1884 sibi

1200 1895 1494 1948 viderentur,
1535 1892 1580 1935 si
1598 1895 1646 1936 in
1667 1895 1883 1939 clausula
1898 1898 2090 1952 posm's-

1195 1957 1301 1993 sent
1339 1964 1473 1993 esse
1510 1949 1824 2008 videatur,
1863 1954 1983 1998 unde
2006 1970 2087 2014 pa·

1196 2015 1280 2058 tet,
1313 2005 1642 2062 Quintilianum
1665 2024 1822 2066 pravos
1840 2009 2089 2057 imitatores

1196 2064 1495 2123 vituperasse,
1525 2079 1616 2110 non
1635 2066 1899 2111 Ciceronem
1923 2070 1936 2112 i
1969 2085 2089 2117 sum.

1196 2121 1258 2166 cf.
1301 2120 1532 2179 Spalding·
1578 2124 1632 2166 ad
1723 2123 1837 2170 uint.
1870 2122 1974 2170 Vo.
2011 2126 2089 2172 111.

1196 2195 1240 2236 p.
1264 2178 1364 2222 379.
1431 2178 1653 2224 Versuum
1677 2182 1987 2238 causulas'sae
2020 2185 2089 2229 ius

1198 2234 1408 2280 Ciceroni
1435 2237 1671 2293 excidisse,
1713 2253 1834 2283 exem
1871 2241 1910 2284 la
1933 2257 1957 2287 a
2020 2259 2089 2287 ar-

1195 2293 1292 2337 thio
1321 2293 1508 2338 Advers.
1529 2295 1691 2346 XXXI,
1714 2295 1782 2340 17.
1858 2297 1926 2350 LI,
1945 2298 2019 2346 22.
2046 2306 2091 2343 et

1199 2367 1224 2394 a
1253 2350 1482 2393 Schellero
1517 2350 1775 2399 observati.
1808 2371 1854 2415 p.
1884 2355 1960 2402 52.
1999 2358 2091 2402 col·

1201 2409 1316 2452 lecta
1343 2408 1603 2454 ostendunt.

1242 2459 1413 2508 sensu.
1496 2465 1577 2510 Ed.
1616 2464 1736 2526 Spir.
1780 2466 1886 2526 lus,

1199 2531 1294 2566 tera
1326 2538 1433 2566 cum
1464 2523 1634 2580 virgula
1668 2524 1819 2570 mixta.
1861 2549 1917 2561 -
2076 2561 2090 2574 .

1198 2579 1304 2623 Put.
1335 2579 1440 2624 Riv.
1471 2594 1607 2624 serus
1647 2606 1699 2617 —
1742 2582 1847 2627 edd.
1879 2583 2088 2631 Beroald-

1199 2652 1298 2695 sqq.
1339 2652 1506 2691 sensu,
1554 2639 1611 2682 de
1657 2655 1745 2698 qua
1789 2640 1984 2686 lectione
2027 2643 2089 2698 ef,

1200 2704 1295 2738 not.
1312 2694 1367 2738 ad
1390 2695 1511 2739 020.
1574 2695 1811 2741 Puteolani
1834 2701 2091 2759 corruptela

1200 2768 1249 2795 ex
1288 2750 1404 2795 male
1449 2751 1679 2797 intellecto
1716 2755 1785 2798 ed.
1816 2755 1934 2814 Spir.
1966 2773 2088 2812 com-

1199 2809 1367 2867 pendio
1399 2818 1496 2853 orta
1531 2818 1610 2853 est.
1670 2826 1806 2862 versu
1828 2812 2010 2861 Schelle
2041 2814 2091 2860 in

1200 2875 1394 2910 mentem
1422 2867 1627 2911 veniebat
1650 2868 1906 2914 emendare.

1257 2924 1307 2966 in
1335 2926 1546 2966 omnibus
1578 2928 1883 2973 orationibus.
1940 2927 2090 2990 Negli-

1198 2987 1355 3040 genter
1375 2981 1421 3024 in
1444 2982 1514 3024 ed.
1527 2981 1631 3026 Ber.
1652 2985 1937 3029 oratabnibus
1957 2987 2091 3031 omis·

1199 3039 1307 3082 suin'
1334 3047 1423 3087 est,
1476 3053 1561 3082 nec
1596 3040 1852 3086 restitutum
1892 3042 1940 3087 in
1985 3043 2091 3089 edd.

1200 3096 1298 3140 Alc.
1333 3095 1537 3139 Rhenan.
1563 3096 1669 3142 Ald.
1691 3097 1741 3143 Li
1775 3115 1812 3143 s.
1841 3097 1960 3146 Pith.
1986 3100 2090 3146 Ber.

1200 3168 1330 3211 negg.
1377 3153 1586 3199 Gronov.
1607 3187 1620 3206 ,
1690 3171 1737 3199 se
1808 3155 2092 3213 vocabulum,

1234 3211 1322 3254 uod
1354 3210 1657 3256 adiiciendum
1691 3228 1787 3257 esse
1810 3213 2020 3258 Muretus
2047 3223 2093 3260 et

1198 3226 1426 3313 Reidalius
1470 3277 1811 3328 perspexerant,
1865 3271 1913 3315 in
1956 3271 2092 3318 MSS.

1198 3327 1339 3382 Neap.
1366 3333 1406 3368 et
1430 3323 1600 3370 Vatice.
1625 3328 1826 3386 itemque
1847 3328 1952 3372 edd.
1971 3328 2089 3388 Spir.

1199 3384 1302 3427 Put.
1327 3382 1418 3426 niv.
1439 3392 1599 3432 exstat,
1633 3400 1771 3443 quare
1794 3392 1896 3442 post
1912 3384 2092 3431 Broter.

1200 3444 1356 3486 om'nes
1383 3447 1483 3484 vett.
1510 3439 1634 3486 librr.
1667 3440 1921 3485 lectionem-
1939 3443 2089 3488 adsci-

1199 3507 1373 3541 verunt.
1457 3497 1550 3540 Cur
1584 3498 1841 3543 Heumann.
1882 3502 2093 3545 omnibus

1201 3554 1445 3600 delendum
1473 3555 1725 3607 censuerit,
1754 3571 1851 3600 non
1867 3556 2019 3607 *video-

1927 2467 2091 2574 sss,-
