2150 4022
229 282 354 343 210

512 245 770 337 mm
816 275 1137 341 AGRIC.
1178 269 1416 338 VITA
1470 271 1796 348 CA‘P.44.

236 411 564 468 Traianum
597 407 830 478 videre,
887 400 1047 485 qnod
1089 410 1338 484 augurio
1363 403 1633 491 votisque
1662 415 1820 490 apud
1853 411 2083 481 nostras

234 516 403 553 aures
430 493 836 567 ominabatur:
891 493 974 550 ita
998 494 1301 552 festinatae
1332 497 1539 554 mortis
1564 500 1785 572 grande
1811 502 2086 559 solatium

172 594 176 595 ’
233 581 370 637 tulit
397 578 645 636 evasisse
673 591 1034 654 postremum
1062 579 1216 637 illud
1245 592 1504 657 tempus,
1560 605 1677 660 quo
1704 582 2083 645 Domitianus

238 806 360 862 quod
389 798 590 858 :iugario
621 803 827 860 votisque
854 804 981 858 apud
1006 818 1052 847 n.
1075 819 1122 845 α.

234 865 563 907 0minabatur:
606 864 672 904 ita
697 861 960 918 festinatae
990 875 1125 903 mor-

236 922 298 964 tis
330 934 402 976 gr.
438 919 662 962 solatium
700 920 804 962 tulit
841 927 928 963 etc.
996 917 1125 961 Hanc

232 978 371 1021 MSS.
389 976 508 1020 Vatt.
531 985 572 1019 et
594 975 694 1020 edd.
717 977 1003 1035 antiquarum
1023 982 1125 1017 ante

185 1051 190 1058 ·
233 1035 379 1079 Rhen.
403 1033 671 1092 scripturam
698 1034 811 1076 bene
834 1034 1127 1076 restituerunt

232 1094 410 1136 Broter.
445 1090 625 1134 Dronk.
659 1090 845 1135 Becker.
886 1099 927 1134 et
957 1089 1121 1133 Herte-

234 1151 334 1194 lius.
390 1147 505 1192 Sunt
526 1149 647 1191 enim
669 1149 777 1192 haec
807 1150 966 1196 verba,
1009 1161 1122 1205 quae

233 1209 531 1264 interpretum
577 1205 755 1262 ingenia
800 1205 995 1248 multum
1042 1219 1121 1246 ve-

231 1272 416 1315 xarunt,
485 1279 564 1322 per
609 1261 849 1321 Syllepsim
898 1261 1122 1320 explican-

234 1323 288 1367 da
331 1322 378 1364 in
414 1320 538 1364 hunc
580 1320 792 1363 modum:
841 1319 987 1363 Sicuti
1022 1334 1123 1361 ma-

266 1396 373 1422 num
421 1378 648 1420 adtulisset
697 1378 901 1420 solatium
949 1376 1005 1420 ad
1052 1377 1125 1420 fe-

233 1397 443 1480 ficissima
486 1434 597 1478 haec
627 1433 811 1478 Traiani
847 1433 1126 1493 principatus

233 1503 439 1552 tempora
488 1492 738 1549 perducere
780 1492 946 1542 vitam,
1011 1507 1126 1548 quae

180 1579 197 1589 ο
232 1552 385 1594 futura
426 1566 519 1593 esse
552 1548 793 1607 aliquando
833 1548 1127 1606 perspiciebat

234 1607 474 1668 Agricola,
533 1607 594 1650 ita
641 1607 919 1663 aliquatenus
969 1605 1125 1649 saltem

235 1665 591 1711 consolationem
643 1663 956 1712 miseriarum,
1018 1679 1125 1721 quas

233 1740 304 1767 res
326 1722 506 1780 publica
529 1723 735 1765 extremis
754 1720 1004 1765 Domitiani
1040 1737 1123 1764 an-

237 1782 304 1824 nis
344 1796 550 1839 perpessa
587 1789 675 1831 est,
723 1779 882 1822 adtulit
921 1778 1124 1823 festinata

235 1839 331 1881 eius
353 1854 502 1888 mors,
543 1853 628 1893 qua
655 1847 834 1881 cautum
858 1844 947 1884 est,
990 1852 1046 1878 ne
1078 1837 1122 1878 in

238 1896 540 1939 miserrimum
578 1900 752 1951 tempus
786 1895 982 1937 duraret.
1052 1894 1121 1936 Ie-

234 1955 339 1997 iuna
365 1968 471 1996 vero
499 1952 714 1995 sententia
742 1962 832 2002 est,
862 1967 997 2009 quam
1019 1951 1125 1994 huic

233 2010 464 2053 enuntiato
525 2010 669 2052 inesse
725 2008 946 2051 Beckerus
1006 2007 1124 2051 vult:

234 2083 377 2119 „nam
401 2067 531 2110 sicuti
555 2067 795 2108 maximum
809 2066 989 2123 quidem
1013 2066 1125 2108 sola·

234 2128 344 2170 tium
373 2123 678 2175 miseriarum,
719 2123 883 2180 quibus
915 2124 996 2165 sub
1022 2123 1125 2165 Do-

233 2182 422 2227 mitiano
447 2181 590 2226 affecti
615 2197 792 2230 sumus,
821 2181 930 2223 haec
954 2190 1123 2239 tempo·

234 2256 335 2285 rum
368 2239 555 2282 felicitas
583 2240 664 2282 sub
688 2238 836 2283 Nerva
863 2246 906 2280 et
928 2237 1123 2281 Traiano

236 2298 388 2349 affert,
424 2297 593 2354 grande
629 2304 778 2350 tamen
801 2294 1010 2338 solatium
1036 2297 1124 2340 hoc

238 2371 418 2415 quoque
440 2353 614 2401 attulit,
628 2354 764 2420 ‘qu-od
780 2353 989 2411 Agricola
1004 2384 1017 2401 ,
1048 2369 1125 2421 po·

234 2423 452 2458 strennum
467 2410 715 2453 Dominam
736 2418 913 2476 tempus
928 2409 1130 2468 effugit.’'

234 2469 474 2531 Syllepsim
492 2467 589 2511 aliis
605 2484 784 2526 quoque
796 2468 1026 2525 scriptoris
1038 2468 1128 2510 No·

235 2529 314 2572 stri
358 2526 468 2570 locis
505 2525 904 2582 deprehendimus,
952 2533 1000 2567 ut
1033 2524 1126 2569 An.

233 2587 354 2638 6,21.
372 2587 642 2638 praescium
659 2585 972 2637 periculorum
996 2590 1040 2625 et
1060 2584 1127 2624 in-

234 2648 462 2687 columem
472 2642 587 2696 jure
599 2648 844 2693 gratarum
869 2639 1025 2684 Germ.
1039 2640 1128 2684 c.2.

236 2702 472 2758 quoniam,
495 2699 576 2753 qui
581 2698 731 2753 primi
739 2699 955 2740 Rhenum
975 2705 1124 2740 trans-

231 2760 386 2811 gressi
404 2756 567 2799 Gallos
594 2757 860 2810 expulerint
877 2789 888 2809 ,
922 2771 978 2798 ac
1003 2771 1125 2798 nunc

237 2815 416 2868 Tungri
446 2817 533 2868 (sc.
560 2815 818 2867 vacentur),
866 2820 974 2855 tunc
1005 2813 1122 2855 Ger-

236 2873 373 2915 mani
396 2872 544 2913 vocati
562 2874 682 2919 sint,
714 2871 788 2912 ubi
817 2870 1126 2913 subiunximus

238 2927 426 2973 similem
472 2928 620 2969 locum
658 2927 814 2971 Germ.
856 2944 899 2972 c.
934 2927 1003 2970 36.
1047 2929 1129 2978 ita,

238 2988 320 3044 qui
349 2987 461 3028 oliui
495 2986 606 3026 boni
633 2987 864 3041 aequique
896 2985 1128 3034 Cherusci,

236 3058 360 3087 nunc
403 3045 576 3084 inertes
619 3059 673 3084 ac
712 3043 852 3085 stulti
888 3049 1129 3086 vocantur.

237 3101 320 3156 [cf.
359 3098 624 3142 Boetticlier.
662 3101 836 3156 Proleg.
873 3101 977 3142 Lex.
1016 3099 1125 3142 Tac.

235 3177 280 3218 p.
310 3157 534 3208 LXXlX.]
592 3155 678 3198 Sed
704 3158 835 3200 talem
869 3156 1124 3215 explicatio-

238 3232 340 3260 nem
375 3213 450 3272 qui
489 3212 719 3255 duriorem
791 3223 1016 3265 uim-unt,
1042 3213 1127 3256 alia

238 3280 461 3318 tentarunt
489 3269 559 3313 via
582 3230 803 3328 progredi.
870 3271 1125 3319 Rhenanus,

235 3348 338 3374 cnm
371 3329 488 3386 Lips.
513 3343 611 3382 sqq.
649 3327 680 3368 l.
709 3329 781 3370 Fr.
808 3328 1009 3371 Gronov.
1046 3344 1126 3370 nu-

235 3387 516 3447 perrimeque
543 3382 792 3428 &valchius
827 3394 869 3427 et
895 3383 1122 3428 Bekkerus

234 3448 360 3500 quod
397 3451 472 3486 aut
509 3443 713 3485 delei-unt
751 3451 825 3484 aut
863 3443 990 3485 uncis
1029 3443 1122 3485 cir-

233 3501 587 3550 cumdederunt,
630 3508 677 3541 ut
703 3499 758 3542 ita
788 3498 993 3542 infinitivi
1029 3504 1119 3540 du-

227 3574 343 3601 rare
366 3573 418 3600 ac
443 3559 595 3599 videre
617 3557 838 3613 pendeant
864 3574 913 3598 ex
940 3559 1119 3598 amirm-

229 3621 372 3657 ὁσίαν
394 3649 405 3665 ,
476 3630 607 3671 qnam
662 3613 841 3671 quidem
895 3615 1115 3656 rationem

1196 803 1467 862 praeferrem
1482 837 1495 854 ,
1535 804 1621 850 nisi
1641 816 1846 852 veterum
1865 808 2086 852 librorum

1197 867 1322 918 quod
1344 864 1562 907 tenaciter
1584 866 1855 908 servantium
1886 867 2085 909 auctori-

1195 927 1261 962 tas
1292 921 1502 965 obstaret.
1569 921 1830 979 Bipontini,
1869 938 1984 980 quos
2011 940 2087 971 se,-

1198 987 1400 1029 qunntur
1431 994 1480 1019 ex
1513 994 1640 1021 more
1664 995 1745 1022 suo
1772 974 2020 1023 Oberlinus
2046 990 2089 1024 et

1197 1034 1412 1092 Engelius
1431 1068 1442 1085 ,
1480 1033 1684 1091 quodam
1705 1041 1902 1092 augurio
1923 1039 2087 1081 scribe-

1195 1093 1318 1135 bant.
1379 1091 1472 1135 Alii
1495 1093 1688 1151 denique
1718 1094 1931 1138 mutilum
1965 1096 2088 1141 hunc

1195 1150 1351 1193 locum
1383 1153 1762 1208 pronuntiarunt3
1811 1152 2003 1196 Ursinus
2037 1169 2088 1195 ex

1195 1207 1337 1250 veteri
1363 1207 1522 1250 codice
1547 1207 1768 1266 protulit:
1809 1224 1926 1252 nam
1956 1211 2092 1252 sabuti

1196 1280 1402 1319 magnae
1433 1266 1680 1308 cuiusdam
1696 1265 1946 1322 felicitatis·
1973 1281 2091 1318 esse,

1195 1326 1374 1365 durare
1399 1323 1448 1365 in
1469 1324 1559 1365 hac
1581 1324 1974 1367 beatissimisaec.
1990 1326 2091 1368 luce

1198 1389 1307 1429 etc.,
1348 1379 1470 1438 quod
1494 1379 1551 1422 V.
1582 1380 1642 1423 D.
1676 1381 1722 1423 in
1759 1382 1933 1438 ephem.
1968 1380 2088 1427 liter.

1198 1437 1318 1494 Lips.
1354 1453 1394 1480 a.
1431 1437 1556 1481 1827.
1587 1453 1660 1483 nr.
1683 1438 1752 1480 48.
1785 1440 1851 1482 sic
1880 1439 2088 1482 immuta·

1198 1495 1291 1537 vit:
1325 1511 1440 1537 nam
1461 1496 1600 1538 sicuti
1619 1510 1822 1550 magnae
1847 1499 2089 1540 cuiusdam

1186 1552 1356 1608 felicit.
1379 1561 1471 1603 est,
1500 1555 1701 1601 durasse
1725 1555 1774 1596 in
1795 1556 1887 1597 hac
1905 1555 1948 1597 b.
1968 1567 2090 1596 saec.

1197 1613 1315 1653 luae.
1389 1609 1596 1656 Ernestio
1644 1618 1719 1652 aut
1762 1610 1974 1654 excidisse
2015 1611 2091 1654 ali-

1197 1667 1303 1724 quid
1328 1665 1503 1709 videtur
1523 1675 1599 1709 aut
1619 1667 1908 1711 scribendum
1923 1684 1936 1711 ε
1973 1683 2090 1711 nam

1195 1725 1314 1767 sicut
1337 1725 1664 1767 beatissimum
1686 1728 1864 1768 durare
1893 1731 1941 1769 in
1972 1728 2092 1770 hanc

1193 1782 1371 1824 saeculi
1423 1785 1572 1824 lucem
1625 1790 1709 1826 etc.
1729 1817 1741 1834 ,
1819 1783 1951 1827 sicuti
2012 1801 2088 1828 ex-

1195 1848 1337 1882 trema
1379 1842 1592 1882 verba'ex
1631 1839 1820 1884 Acidalii
1864 1850 1908 1883 et
1940 1841 2090 1885 Buch-

1198 1896 1296 1939 neri
1326 1897 1544 1939 sententia
1576 1899 1819 1941 constituta
1847 1907 1975 1951 sunt,
2013 1899 2092 1957 qui

1196 1956 1244 1996 in
1285 1956 1410 1995 lzanc
1450 1955 1575 1997 beat.
1625 1968 1750 1999 saec.
1794 1958 1940 1998 lucem
1989 1973 2090 2000 ma-

1197 2011 1364 2054 lebant.
1398 2010 1486 2053 Sed
1509 2027 1758 2068 perperam.
1790 2028 1909 2064 nam,
1932 2029 2087 2071 quam·
2124 2049 2131 2058 ,

1195 2070 1264 2112 vis
1288 2067 1390 2110 dial.
1417 2067 1472 2111 de
1495 2077 1624 2112 oratt.
1653 2085 1695 2113 c.
1721 2071 1792 2115 17.
1815 2074 1862 2112 in
1885 2073 2089 2115 medium

1197 2140 1340 2180 usque
1371 2126 1580 2179 Augusti
1600 2128 1917 2182 principatum
1946 2159 2087 2174 .....

1196 2183 1389 2225 duravit
1430 2183 1632 2240 legatur,²
1675 2193 1824 2228 tamen
1867 2193 1910 2229 et
1949 2186 2088 2231 altera

1195 2250 1422 2283 structura
1455 2239 1574 2297 apud
1602 2240 1764 2297 Quint.
1798 2243 1903 2286 lnst.
1930 2259 1998 2287 or.
2022 2246 2090 2293 ll,

1196 2298 1237 2346 3,
1268 2297 1342 2340 23.
1372 2298 1622 2355 reperitur:
1676 2301 1725 2342 in
1759 2303 1933 2343 sudata
1964 2308 2090 2344 veste

1198 2358 1485 2397 durandum.
1546 2354 1735 2400 Dahlius
1762 2357 1956 2415 denique
1989 2359 2091 2404 ani-

1200 2413 1373 2455 madvv,
1411 2427 1453 2469 p.
1486 2411 1587 2456 25.:
1637 2429 1735 2457 non
1758 2417 1891 2457 ‘licuit
1928 2417 1976 2458 ei
1999 2419 2088 2460 du-

1199 2484 1312 2512 rare
1339 2499 1351 2511 .
1374 2501 1385 2512 .
1406 2503 1417 2512 .
1451 2475 1576 2525 quod
1599 2503 1611 2515 .
1630 2504 1640 2515 .
1667 2473 1994 2523 animabatur,
2037 2483 2091 2517 at

1200 2528 1308 2582 (sive
1348 2530 1450 2582 sed)
1481 2527 1746 2583 festinatae
1780 2532 1950 2573 mortis
1984 2539 2090 2584 etc„

1199 2584 1269 2629 vel
1295 2585 1468 2642 potius:
1498 2600 1613 2627 nam
1637 2589 1750 2628 sicut
1770 2601 1868 2628 non
1889 2589 2020 2630 licuit
2045 2591 2093 2632 ei

1199 2643 1310 2697 (sive
1335 2656 1450 2684 nam
1475 2644 1590 2685 sicut
1618 2645 1664 2685 ei
1696 2659 1792 2687 non
1826 2647 1964 2699 licuit)
1993 2649 2087 2689 du·-

1194 2714 1307 2742 rare
1321 2706 1405 2742 etc.
1466 2699 1698 2744 Praeterea
1719 2711 1876 2746 contra
1887 2701 2089 2760 Lipsium

1198 2756 1438 2799 dicendum
1474 2765 1560 2808 est,
1602 2757 1673 2800 cui
1707 2760 1871 2802 mirum
1897 2757 2090 2811 videtur,

1198 2813 1455 2869 Agricolam
1479 2813 1658 2858 Traiani
1686 2817 1829 2873 princi
1866 2826 1989 2860 atum
2020 2826 2088 2862 tot

1199 2871 1328 2913 annis
1356 2880 1459 2913 ante
1490 2872 1771 2928 praevidisse.
1833 2831 1937 2930 &aa
1959 2875 2007 2918 iu
2038 2893 2088 2920 re

1199 2928 1235 2970 si
1268 2927 1464 2970 nolueris
1495 2928 1732 2974 blanditias
1762 2947 2034 2989 agnoscere,
2061 2950 2087 2977 a

1199 2985 1362 3041 quibus
1409 2986 1512 3028 alias
1559 2986 1742 3030 'l'aeitus
1789 2989 2086 3036 alienissimus

1197 3058 1292 3084 esse
1317 3042 1453 3091 solet,
1492 3050 1567 3085 aut
1593 3045 1841 3098 concedes,
1877 3046 2085 3092 Tacitum

1197 3107 1297 3157 post
1328 3110 1540 3143 eventum
1572 3100 1768 3146 Traiano
1803 3103 2003 3149 feliciora
2035 3122 2087 3148 ea

1195 3165 1397 3213 tempora
1422 3157 1730 3215 adscripsisse,
1773 3177 1884 3217 quae
1909 3162 1955 3204 in
1980 3163 2082 3206 uni-

1196 3229 1373 3256 versum
1407 3215 1630 3258 ominatus
1656 3226 1747 3260 erat
1768 3218 1979 3275 Agricola
2012 3236 2083 3263 eo⁴

1194 3287 1295 3314 rum
1364 3281 1594 3315 auctorem
1668 3274 1879 3332 ignorans
1903 3309 1917 3328 ‚
2009 3287 2086 3321 aut

1196 3343 1301 3370 cum
1326 3328 1551 3372 Walchio
1589 3330 1725 3375 facies
1759 3332 2082 3378 historicorum

1195 3384 1249 3427 ad
1276 3386 1526 3430 testimonia
1548 3397 1849 3445 provocante,
1876 3407 1900 3435 e
1921 3393 2085 3459 quibus

1195 3453 1337 3499 pateat
1409 3453 1530 3487 certa
1599 3445 1742 3488 futuri
1805 3448 2084 3506 principatus

1193 3500 1356 3543 indicia
1381 3500 1572 3545 Traiano
1603 3501 1752 3546 fuisse.
1818 3504 1958 3564 quue
1990 3507 2082 3550 veri

1193 3556 1404 3607 similius,
1457 3574 1595 3615 quum
1629 3560 1746 3616 apud
1781 3562 1975 3607 Dionem
2012 3565 2082 3614 67,

1196 3616 1259 3658 1⁶2.
1287 3623 1517 3659 narretur:
1550 3618 1609 3672 τῷ
1631 3618 1682 3660 δὲ
1713 3618 1926 3679 Τραϊᾱνῳ
1951 3619 1978 3676 ἡ
2005 3623 2081 3676 τῆς
