2150 4022
780 278 1374 342 PRAEFATIO.
1893 270 2000 340 stvn

147 432 206 488 p.-
223 411 384 471 XLI.
411 412 576 468 factis
593 457 609 480 ,
653 423 785 467 nou
803 411 929 466 sine
954 428 1178 475 summa
1205 412 1470 469 molestia
1497 408 1751 468 indicem
1783 421 1999 483 rerum,

145 510 222 565 de
246 509 463 585 quibus
491 509 556 563 in
581 505 1063 564 adnotationibus
1089 508 1448 582 disputatum
1477 521 1594 579 est,
1637 511 1891 580 confeci,
1933 513 2000 567 in

140 625 266 682 quo
295 605 586 662 nonnulla
615 606 690 661 ab
715 605 939 660 editore
962 604 1158 660 minus
1183 618 1448 662 accurate
1478 607 1756 682 explicata
1784 607 1996 664 melio—
2018 652 2027 657 ,-

150 727 282 762 rum
309 706 511 762 saltem
537 715 841 762 auctorum
859 705 1414 760 commemoratione
1439 707 1751 773 emendare
1773 707 1993 765 studui.

318 865 478 922 Haec
523 865 883 933 sufficerent,
947 865 1063 920 nisi
1112 866 1224 921 alia
1279 878 1592 937 restarent,
1660 872 1732 926 de
1776 870 1992 946 quibus

144 968 464 1044 quominus
490 965 731 1022 uberius
762 967 1104 1020 dissererem
1133 966 1412 1039 temporis
1453 962 1761 1041 prohibuit
1796 968 1993 1027 brevi-'—

145 1076 250 1123 tas,
337 1063 600 1120 Pertinet
620 1058 737 1119 huc
762 1063 1077 1136 disputatio
1103 1065 1175 1118 de
1199 1062 1529 1120 minoribus
1545 1064 1738 1122 Taciti
1763 1047 1993 1142 scri‘ptis

145 1148 758 1236 codicumque‘indole
784 1170 956 1234 atque
985 1161 1332 1230 editionum,
1359 1182 1610 1237 quarum
1637 1162 1700 1217 in
1727 1163 1851 1218 dies
1875 1185 1990 1220 nu-

143 1279 338 1315 merus
355 1268 617 1331 augetur,
638 1258 998 1325 auctoritate,
1018 1258 1310 1332 imprimis
1327 1258 1606 1335 quaestiO,
1626 1279 1772 1334 quae
1791 1273 1990 1317 nostra

142 1365 331 1412 aetate
353 1354 571 1410 multos
598 1354 879 1423 exercuit,
935 1373 1110 1429 super
1138 1357 1357 1429 dialogi
1385 1358 1456 1412 de
1481 1356 1816 1413 oratoribus
1846 1358 1990 1414 scri-

140 1467 338 1530 ptore3
394 1455 647 1529 pertinet
684 1465 981 1528 praeterea
1016 1453 1276 1510 Lexicon
1314 1455 1687 1524 Tacitinum,
1744 1467 1876 1530 post
1912 1453 1988 1514 G.

139 1549 503 1611 Boetticheri
556 1554 728 1610 etiam
790 1573 1016 1610 curam*
1046 1555 1153 1610 uni
1182 1575 1185 1578 ’
1210 1556 1455 1612 sortasse
1503 1554 1672 1611 Imm.
1711 1553 1984 1612 Bekkero

141 1653 305 1731 (Vol.
334 1653 379 1715 I.
425 1675 480 1729 p.
510 1651 720 1732 XLV.)
749 1654 1055 1734 probatam
1086 1654 1336 1709 maxime
1362 1652 1780 1724 desideratum3
1837 1675 1986 1729 quae

140 1753 378 1829 quidem
411 1752 610 1808 omnia
649 1764 716 1808 ut
759 1752 1099 1825 propediem
1144 1773 1276 1807 cum
1316 1753 1551 1809 civitate
1592 1735 1987 1808 litteratorum

140 1849 677 1915 communicentur,
749 1847 1052 1922 equidem,
1123 1862 1307 1923 quum
1361 1843 1724 1926 Waltherus
1781 1868 1984 1904 eorum

138 1947 258 2002 fere
305 1939 461 2000 nihil
510 1938 725 1998 chartis
774 1943 1169 2011 mandaverit,
1243 1965 1479 2018 operam
1529 1944 1759 2000 navabo
1808 1964 1983 2019 quam

136 2026 376 2118 possum
398 2038 728 2096 maximam.

306 2203 584 2279 Superest
630 2213 698 2259 ut
745 2201 934 2258 dicam
988 2201 1060 2257 de
1110 2203 1326 2259 criticis
1378 2204 1687 2275 subsidiiS,
1769 2208 1984 2283 quibus

138 2305 202 2360 in
226 2301 593 2360 emendando
619 2300 851 2373 dialogo
877 2299 1128 2356 maxime
1151 2321 1290 2357 usus
1315 2321 1474 2372 sum,
1518 2325 1772 2379 quorum
1795 2325 1983 2360 unum

138 2404 315 2478 idque
375 2399 938 2475 praestantissimum
993 2398 1133 2453 iam·
1169 2395 1281 2456 hoc
1338 2401 1467 2457 loco
1527 2421 1984 2457 commemorare

138 2520 283 2576 opus
315 2499 486 2566 duxi,
532 2498 669 2573 quia
704 2517 768 2552 eo
798 2517 890 2551 me
921 2517 1289 2571 summopere
1321 2498 1590 2554 adiutum
1630 2517 1750 2553 esse
1788 2498 1984 2554 liben-

138 2617 226 2662 ter
255 2603 552 2660 confiteor.
639 2597 919 2674 Codicem
950 2598 1109 2666 dico,
1164 2619 1338 2673 quem
1367 2600 1439 2654 ab
1468 2599 1596 2654 loco
1617 2644 1633 2667 ,
1690 2599 1795 2654 ubi
1824 2619 1982 2655 nunc

137 2703 506 2764 adservatur,
574 2693 1032 2768 Neapolitanum
1083 2695 1316 2763 vocavi,
1385 2695 1666 2770 cuiusque
1714 2695 1983 2752 collatio-

138 2819 275 2854 nem
296 2788 639 2852 vLudovicus
665 2791 1060 2865 Doederlinus
1078 2837 1094 2861 ,
1141 2793 1434 2866 professor
1455 2790 1836 2866 Erlangensis
1864 2793 1983 2849 cla-
2013 2793 2015 2796 ”

137 2898 430 2964 rissimus,
475 2913 700 2950 summa
726 2908 839 2967 qua
866 2890 1093 2946 excellit
1116 2890 1464 2947 liberalitate
1490 2892 1564 2947 ad.
1588 2887 1982 2947 Waltherum

137 2993 554 3053 transmiserat.
643 2988 1063 3063 Impetraverat
1087 2989 1187 3044 ille
1214 3010 1340 3044 eam
1367 2990 1554 3046 amico
1585 2990 1981 3047 intercedente

137 3112 169 3145 a
214 3089 341 3144 viro
385 3085 718 3142 doctissimo
757 3083 971 3140 Carolo
1014 3082 1316 3140 Guilelmo
1341 3080 1711 3157 'Schluttigio
1754 3084 1984 3142 Saxone

138 3185 393 3265 (Romae
433 3194 666 3239 mortuo
709 3183 766 3240 d.
806 3177 942 3236 XII.
981 3201 1060 3241 m.
1090 3180 1336 3240 Octobr.
1373 3202 1423 3238 a.
1461 3177 1985 3259 MDCCCXXX.),

139 3284 241 3361 qui
273 3281 565 3356 egregium
598 3279 852 3353 codicem
882 3278 1004 3352 ipse
1032 3289 1361 3333 versaverat
1385 3276 1667 3351 Neapoli,
1719 3277 1984 3333 nesciens

141 3381 390 3438 eundem
420 3396 538 3432 esse
564 3396 628 3431 ac
645 3374 1100 3440 Farnesianum,
1144 3373 1311 3429 cuius
1333 3392 1442 3447 ope
1466 3385 1731 3428 'summus
1748 3368 1984 3447 Lipsius

140 3476 444 3535 aureolum
469 3462 827 3546 dialogum'a
850 3470 1204 3527 foedissimis
1241 3464 1615 3544 antiquarum
1657 3468 1985 3525 editionum

141 3578 383 3636 maculis
404 3573 695 3642 liberavit,
723 3573 1002 3649 cuiusque
1019 3571 1332 3646 scripturas
1349 3587 1608 3625 summus
1621 3565 1990 3625 Niebuhrius.
