<?xml version="1.0" encoding="UTF-8"?>
<!DOCTYPE html PUBLIC "-//W3C//DTD XHTML 1.0 Transitional//EN"
    "http://www.w3.org/TR/xhtml1/DTD/xhtml1-transitional.dtd">
<html xmlns="http://www.w3.org/1999/xhtml" xml:lang="en" lang="en">
 <head>
  <title>
</title>
<meta http-equiv="Content-Type" content="text/html;charset=utf-8" />
  <meta name='ocr-system' content='tesseract 3.04.00' />
  <meta name='ocr-capabilities' content='ocr_page ocr_carea ocr_par ocr_line ocrx_word'/>
</head>
<body>
  <div class='ocr_page' id='page_1' title='image "./operarecensuitet04taciuoft/operarecensuitet04taciuoft_0269.png"; bbox 0 0 2150 4022; ppageno 0'>
   <div class='ocr_carea' id='block_1_1' title="bbox 574 267 1483 351">
    <p class='ocr_par' dir='ltr' id='par_1_1' title="bbox 574 267 1483 351">
     <span class='ocr_line' id='line_1_1' title="bbox 574 267 1483 351; baseline -0.007 -15"><span class='ocrx_word' id='word_1_1' title='bbox 574 267 1094 351; x_wconf 71' lang='lat' dir='ltr'>DIALOGUS.</span> <span class='ocrx_word' id='word_1_2' title='bbox 1179 268 1378 333; x_wconf 56' lang='lat' dir='ltr'>cA‘P.</span> <span class='ocrx_word' id='word_1_3' title='bbox 1417 272 1483 330; x_wconf 77' lang='grc'>8.·</span> 
     </span>
    </p>
   </div>
   <div class='ocr_carea' id='block_1_2' title="bbox 1817 267 1942 328">
    <p class='ocr_par' dir='ltr' id='par_1_2' title="bbox 1817 267 1942 328">
     <span class='ocr_line' id='line_1_2' title="bbox 1817 267 1942 328; baseline -0.008 0"><span class='ocrx_word' id='word_1_4' title='bbox 1817 267 1942 328; x_wconf 76' lang='grc'>253</span> 
     </span>
    </p>
   </div>
   <div class='ocr_carea' id='block_1_3' title="bbox 68 398 1970 818">
    <p class='ocr_par' dir='ltr' id='par_1_3' title="bbox 68 398 1970 818">
     <span class='ocr_line' id='line_1_3' title="bbox 104 398 1949 479; baseline -0.007 -12"><span class='ocrx_word' id='word_1_5' title='bbox 104 408 258 478; x_wconf 79' lang='lat' dir='ltr'>fori,</span> <span class='ocrx_word' id='word_1_6' title='bbox 311 423 473 462; x_wconf 85' lang='lat' dir='ltr'>nunc</span> <span class='ocrx_word' id='word_1_7' title='bbox 511 401 806 479; x_wconf 82' lang='lat' dir='ltr'><strong>principes</strong></span> <span class='ocrx_word' id='word_1_8' title='bbox 843 401 907 457; x_wconf 90' lang='lat' dir='ltr'>in</span> <span class='ocrx_word' id='word_1_9' title='bbox 931 398 1196 458; x_wconf 74' lang='lat' dir='ltr'>Caesaris</span> <span class='ocrx_word' id='word_1_10' title='bbox 1233 401 1484 456; x_wconf 78' lang='lat' dir='ltr'>amicitia</span> <span class='ocrx_word' id='word_1_11' title='bbox 1515 411 1695 473; x_wconf 78' lang='lat' dir='ltr'>agunt</span> <span class='ocrx_word' id='word_1_12' title='bbox 1722 401 1949 456; x_wconf 86' lang='lat' dir='ltr'>ferunt-</span> 
     </span>
     <span class='ocr_line' id='line_1_4' title="bbox 107 485 1950 571; baseline -0.006 -20"><span class='ocrx_word' id='word_1_13' title='bbox 107 513 223 571; x_wconf 85' lang='lat' dir='ltr'>que</span> <span class='ocrx_word' id='word_1_14' title='bbox 258 492 519 557; x_wconf 59' lang='lat' dir='ltr'>cuncta„</span> <span class='ocrx_word' id='word_1_15' title='bbox 547 499 722 563; x_wconf 85' lang='lat' dir='ltr'>atque</span> <span class='ocrx_word' id='word_1_16' title='bbox 756 488 832 542; x_wconf 85' lang='lat' dir='ltr'>ab</span> <span class='ocrx_word' id='word_1_17' title='bbox 877 487 1006 560; x_wconf 88' lang='lat' dir='ltr'>ipso</span> <span class='ocrx_word' id='word_1_18' title='bbox 1044 485 1311 559; x_wconf 81' lang='lat' dir='ltr'>principe</span> <span class='ocrx_word' id='word_1_19' title='bbox 1338 507 1471 542; x_wconf 85' lang='lat' dir='ltr'>cum</span> <span class='ocrx_word' id='word_1_20' title='bbox 1504 487 1753 560; x_wconf 77' lang='lat' dir='ltr'>quadarn</span> <span class='ocrx_word' id='word_1_21' title='bbox 1783 505 1950 540; x_wconf 84' lang='lat' dir='ltr'>reve-</span> 
     </span>
     <span class='ocr_line' id='line_1_5' title="bbox 105 565 1947 654; baseline -0.005 -19"><span class='ocrx_word' id='word_1_22' title='bbox 105 577 294 636; x_wconf 85' lang='lat' dir='ltr'>rentia</span> <span class='ocrx_word' id='word_1_23' title='bbox 321 565 670 654; x_wconf 75' lang='lat' dir='ltr'>diliguntur:</span> <span class='ocrx_word' id='word_1_24' title='bbox 733 572 869 647; x_wconf 82' lang='lat' dir='ltr'>quia</span> <span class='ocrx_word' id='word_1_25' title='bbox 900 570 1295 644; x_wconf 79' lang='lat' dir='ltr'>Vespasianus</span> <span class='ocrx_word' id='word_1_26' title='bbox 1316 615 1331 636; x_wconf 87' lang='lat'>‚</span> <span class='ocrx_word' id='word_1_27' title='bbox 1393 570 1748 626; x_wconf 77' lang='lat' dir='ltr'>venerabilis</span> <span class='ocrx_word' id='word_1_28' title='bbox 1775 589 1947 625; x_wconf 83' lang='lat' dir='ltr'>senex</span> 
     </span>
     <span class='ocr_line' id='line_1_6' title="bbox 68 654 1970 736; baseline -0.005 -17"><span class='ocrx_word' id='word_1_29' title='bbox 68 664 73 668; x_wconf 72' lang='grc'><strong>”</strong></span> <span class='ocrx_word' id='word_1_30' title='bbox 107 674 164 721; x_wconf 84' lang='lat' dir='ltr'>et</span> <span class='ocrx_word' id='word_1_31' title='bbox 191 658 648 736; x_wconf 87' lang='lat' dir='ltr'>patientissimus</span> <span class='ocrx_word' id='word_1_32' title='bbox 679 660 851 726; x_wconf 64' lang='lat' dir='ltr'>veri,</span> <span class='ocrx_word' id='word_1_33' title='bbox 893 657 1042 712; x_wconf 87' lang='lat' dir='ltr'>bene</span> <span class='ocrx_word' id='word_1_34' title='bbox 1084 654 1392 726; x_wconf 85' lang='lat' dir='ltr'>intelligit,</span> <span class='ocrx_word' id='word_1_35' title='bbox 1450 667 1669 711; x_wconf 75' lang='lat' dir='ltr'>ceteros</span> <span class='ocrx_word' id='word_1_36' title='bbox 1707 655 1970 730; x_wconf 82' lang='lat' dir='ltr'>quidem‘</span> 
     </span>
     <span class='ocr_line' id='line_1_7' title="bbox 96 739 1954 818; baseline -0.005 -13"><span class='ocrx_word' id='word_1_37' title='bbox 96 746 332 806; x_wconf 61' lang='lat' dir='ltr'>&gt;amicos</span> <span class='ocrx_word' id='word_1_38' title='bbox 373 763 510 801; x_wconf 86' lang='lat' dir='ltr'>suos</span> <span class='ocrx_word' id='word_1_39' title='bbox 547 742 622 799; x_wconf 82' lang='lat' dir='ltr'>iis</span> <span class='ocrx_word' id='word_1_40' title='bbox 659 742 804 813; x_wconf 84' lang='lat' dir='ltr'>niti,</span> <span class='ocrx_word' id='word_1_41' title='bbox 860 761 1008 818; x_wconf 86' lang='lat' dir='ltr'>quae</span> <span class='ocrx_word' id='word_1_42' title='bbox 1050 740 1125 797; x_wconf 88' lang='lat' dir='ltr'>ab</span> <span class='ocrx_word' id='word_1_43' title='bbox 1163 739 1289 815; x_wconf 87' lang='lat' dir='ltr'>ipso</span> <span class='ocrx_word' id='word_1_44' title='bbox 1327 741 1654 815; x_wconf 84' lang='lat' dir='ltr'>acceperint</span> <span class='ocrx_word' id='word_1_45' title='bbox 1691 758 1954 817; x_wconf 78' lang='lat' dir='ltr'>quaeque</span> 
     </span>
    </p>
   </div>
   <div class='ocr_carea' id='block_1_4' title="bbox 107 961 1009 3660">
    <p class='ocr_par' dir='ltr' id='par_1_4' title="bbox 107 961 1004 2396">
     <span class='ocr_line' id='line_1_8' title="bbox 107 961 994 1025; baseline -0.01 -13"><span class='ocrx_word' id='word_1_46' title='bbox 107 983 247 1012; x_wconf 86' lang='lat' dir='ltr'>unum</span> <span class='ocrx_word' id='word_1_47' title='bbox 287 965 567 1025; x_wconf 88' lang='lat' dir='ltr'>principem,</span> <span class='ocrx_word' id='word_1_48' title='bbox 614 963 785 1007; x_wconf 87' lang='lat' dir='ltr'>turbari</span> <span class='ocrx_word' id='word_1_49' title='bbox 829 961 994 1005; x_wconf 76' lang='lat' dir='ltr'>deinde</span> 
     </span>
     <span class='ocr_line' id='line_1_9' title="bbox 108 1019 992 1084; baseline -0.009 -15"><span class='ocrx_word' id='word_1_50' title='bbox 108 1027 386 1084; x_wconf 83' lang='lat' dir='ltr'>singulorum</span> <span class='ocrx_word' id='word_1_51' title='bbox 421 1024 734 1067; x_wconf 87' lang='lat' dir='ltr'>membrorum</span> <span class='ocrx_word' id='word_1_52' title='bbox 771 1019 992 1077; x_wconf 78' lang='lat' dir='ltr'>gradatio-</span> 
     </span>
     <span class='ocr_line' id='line_1_10' title="bbox 108 1075 995 1144; baseline -0.009 -18"><span class='ocrx_word' id='word_1_53' title='bbox 108 1100 236 1133; x_wconf 87' lang='lat' dir='ltr'>nem,</span> <span class='ocrx_word' id='word_1_54' title='bbox 269 1098 400 1140; x_wconf 88' lang='lat' dir='ltr'>quam</span> <span class='ocrx_word' id='word_1_55' title='bbox 424 1080 690 1139; x_wconf 83' lang='lat' dir='ltr'>spectaverit</span> <span class='ocrx_word' id='word_1_56' title='bbox 710 1079 929 1144; x_wconf 78' lang='lat' dir='ltr'>scriptor,</span> <span class='ocrx_word' id='word_1_57' title='bbox 957 1075 995 1119; x_wconf 83' lang='lat' dir='ltr'>si</span> 
     </span>
     <span class='ocr_line' id='line_1_11' title="bbox 108 1131 997 1184; baseline -0.009 -1"><span class='ocrx_word' id='word_1_58' title='bbox 108 1141 284 1184; x_wconf 88' lang='lat' dir='ltr'>laudem</span> <span class='ocrx_word' id='word_1_59' title='bbox 319 1140 537 1181; x_wconf 82' lang='lat' dir='ltr'>maiorem</span> <span class='ocrx_word' id='word_1_60' title='bbox 573 1152 774 1180; x_wconf 83' lang='lat' dir='ltr'>summae</span> <span class='ocrx_word' id='word_1_61' title='bbox 806 1151 852 1177; x_wconf 88' lang='lat' dir='ltr'>m</span> <span class='ocrx_word' id='word_1_62' title='bbox 888 1131 997 1177; x_wconf 87' lang='lat' dir='ltr'>civi·</span> 
     </span>
     <span class='ocr_line' id='line_1_12' title="bbox 108 1190 997 1255; baseline -0.01 -14"><span class='ocrx_word' id='word_1_63' title='bbox 108 1206 198 1242; x_wconf 83' lang='lat' dir='ltr'>tate</span> <span class='ocrx_word' id='word_1_64' title='bbox 235 1197 461 1255; x_wconf 85' lang='lat' dir='ltr'>potentiae</span> <span class='ocrx_word' id='word_1_65' title='bbox 507 1195 690 1252; x_wconf 85' lang='lat' dir='ltr'>excipiat</span> <span class='ocrx_word' id='word_1_66' title='bbox 730 1192 882 1234; x_wconf 86' lang='lat' dir='ltr'>minor</span> <span class='ocrx_word' id='word_1_67' title='bbox 921 1190 997 1232; x_wconf 86' lang='lat' dir='ltr'>illa</span> 
     </span>
     <span class='ocr_line' id='line_1_13' title="bbox 109 1248 994 1314; baseline -0.008 -17"><span class='ocrx_word' id='word_1_68' title='bbox 109 1255 385 1314; x_wconf 70' lang='lat' dir='ltr'>principatus</span> <span class='ocrx_word' id='word_1_69' title='bbox 409 1252 498 1295; x_wconf 81' lang='lat' dir='ltr'>sori</span> <span class='ocrx_word' id='word_1_70' title='bbox 525 1262 567 1295; x_wconf 89' lang='lat' dir='ltr'>et</span> <span class='ocrx_word' id='word_1_71' title='bbox 589 1251 808 1295; x_wconf 75' lang='lat' dir='ltr'>amicitiae</span> <span class='ocrx_word' id='word_1_72' title='bbox 832 1248 994 1292; x_wconf 89' lang='lat' dir='ltr'>Caesa-</span> 
     </span>
     <span class='ocr_line' id='line_1_14' title="bbox 108 1309 995 1367; baseline -0.009 -12"><span class='ocrx_word' id='word_1_73' title='bbox 108 1312 195 1360; x_wconf 82' lang='lat' dir='ltr'>ris,</span> <span class='ocrx_word' id='word_1_74' title='bbox 234 1311 425 1367; x_wconf 86' lang='lat' dir='ltr'>denique</span> <span class='ocrx_word' id='word_1_75' title='bbox 458 1309 808 1353; x_wconf 80' lang='lat' dir='ltr'>concinnitatem</span> <span class='ocrx_word' id='word_1_76' title='bbox 846 1322 995 1348; x_wconf 89' lang='lat' dir='ltr'>enun-</span> 
     </span>
     <span class='ocr_line' id='line_1_15' title="bbox 109 1366 994 1423; baseline -0.008 -11"><span class='ocrx_word' id='word_1_77' title='bbox 109 1369 206 1413; x_wconf 81' lang='lat' dir='ltr'>tiati</span> <span class='ocrx_word' id='word_1_78' title='bbox 248 1366 387 1411; x_wconf 88' lang='lat' dir='ltr'>deleri</span> <span class='ocrx_word' id='word_1_79' title='bbox 431 1367 605 1423; x_wconf 90' lang='lat' dir='ltr'>saepius</span> <span class='ocrx_word' id='word_1_80' title='bbox 643 1382 689 1408; x_wconf 88' lang='lat' dir='ltr'>re</span> <span class='ocrx_word' id='word_1_81' title='bbox 726 1366 831 1407; x_wconf 87' lang='lat' dir='ltr'>etito</span> <span class='ocrx_word' id='word_1_82' title='bbox 871 1370 994 1406; x_wconf 80' lang='lat' dir='ltr'>sunt.</span> 
     </span>
     <span class='ocr_line' id='line_1_16' title="bbox 107 1381 997 1482; baseline -0.008 -13"><span class='ocrx_word' id='word_1_83' title='bbox 107 1427 181 1470; x_wconf 86' lang='lat' dir='ltr'>De</span> <span class='ocrx_word' id='word_1_84' title='bbox 218 1440 300 1479; x_wconf 87' lang='lat' dir='ltr'>eo,</span> <span class='ocrx_word' id='word_1_85' title='bbox 350 1423 473 1482; x_wconf 89' lang='lat' dir='ltr'>quod</span> <span class='ocrx_word' id='word_1_86' title='bbox 511 1424 658 1482; x_wconf 75' lang='lat' dir='ltr'>primo</span> <span class='ocrx_word' id='word_1_87' title='bbox 694 1381 798 1465; x_wconf 56' lang='lat' dir='ltr'>l&#39;oco</span> <span class='ocrx_word' id='word_1_88' title='bbox 832 1421 997 1478; x_wconf 81' lang='lat' dir='ltr'>posuit,</span> 
     </span>
     <span class='ocr_line' id='line_1_17' title="bbox 110 1478 1000 1537; baseline -0.009 -10"><span class='ocrx_word' id='word_1_89' title='bbox 110 1491 261 1528; x_wconf 81' lang='lat' dir='ltr'>aetum</span> <span class='ocrx_word' id='word_1_90' title='bbox 287 1489 375 1533; x_wconf 77' lang='lat' dir='ltr'>est3</span> <span class='ocrx_word' id='word_1_91' title='bbox 416 1480 469 1522; x_wconf 87' lang='lat' dir='ltr'>de</span> <span class='ocrx_word' id='word_1_92' title='bbox 504 1481 703 1524; x_wconf 84' lang='lat' dir='ltr'>secundo</span> <span class='ocrx_word' id='word_1_93' title='bbox 736 1478 887 1537; x_wconf 85' lang='lat' dir='ltr'>paucis</span> <span class='ocrx_word' id='word_1_94' title='bbox 915 1480 1000 1520; x_wconf 88' lang='lat' dir='ltr'>de-</span> 
     </span>
     <span class='ocr_line' id='line_1_18' title="bbox 110 1536 1002 1595; baseline -0.007 -11"><span class='ocrx_word' id='word_1_95' title='bbox 110 1539 454 1584; x_wconf 86' lang='lat' dir='ltr'>monstrandum</span> <span class='ocrx_word' id='word_1_96' title='bbox 468 1537 656 1581; x_wconf 84' lang='lat' dir='ltr'>Osanno</span> <span class='ocrx_word' id='word_1_97' title='bbox 670 1572 678 1585; x_wconf 93' lang='lat'>‚</span> <span class='ocrx_word' id='word_1_98' title='bbox 701 1552 780 1595; x_wconf 87' lang='lat' dir='ltr'>per</span> <span class='ocrx_word' id='word_1_99' title='bbox 802 1536 1002 1578; x_wconf 75' lang='lat' dir='ltr'>civitatis</span> 
     </span>
     <span class='ocr_line' id='line_1_19' title="bbox 107 1593 1002 1654; baseline -0.007 -14"><span class='ocrx_word' id='word_1_100' title='bbox 107 1597 461 1654; x_wconf 82' lang='lat' dir='ltr'>potentissimos</span> <span class='ocrx_word' id='word_1_101' title='bbox 514 1595 703 1638; x_wconf 87' lang='lat' dir='ltr'>indicari</span> <span class='ocrx_word' id='word_1_102' title='bbox 747 1610 823 1636; x_wconf 89' lang='lat' dir='ltr'>eos</span> <span class='ocrx_word' id='word_1_103' title='bbox 872 1593 1002 1643; x_wconf 83' lang='lat' dir='ltr'>viros,</span> 
     </span>
     <span class='ocr_line' id='line_1_20' title="bbox 111 1650 1003 1713; baseline -0.006 -15"><span class='ocrx_word' id='word_1_104' title='bbox 111 1655 191 1713; x_wconf 87' lang='lat' dir='ltr'>qui</span> <span class='ocrx_word' id='word_1_105' title='bbox 221 1652 337 1695; x_wconf 88' lang='lat' dir='ltr'>inter</span> <span class='ocrx_word' id='word_1_106' title='bbox 368 1653 565 1711; x_wconf 85' lang='lat' dir='ltr'>reliquos</span> <span class='ocrx_word' id='word_1_107' title='bbox 597 1653 712 1694; x_wconf 84' lang='lat' dir='ltr'>cives</span> <span class='ocrx_word' id='word_1_108' title='bbox 743 1650 1003 1707; x_wconf 84' lang='lat' dir='ltr'>eloquentia</span> 
     </span>
     <span class='ocr_line' id='line_1_21' title="bbox 112 1707 1003 1768; baseline -0.007 -12"><span class='ocrx_word' id='word_1_109' title='bbox 112 1728 192 1756; x_wconf 88' lang='lat' dir='ltr'>sua</span> <span class='ocrx_word' id='word_1_110' title='bbox 225 1710 482 1768; x_wconf 86' lang='lat' dir='ltr'>dignitatem</span> <span class='ocrx_word' id='word_1_111' title='bbox 516 1719 558 1751; x_wconf 88' lang='lat' dir='ltr'>et</span> <span class='ocrx_word' id='word_1_112' title='bbox 591 1716 854 1767; x_wconf 86' lang='lat' dir='ltr'>potestatem</span> <span class='ocrx_word' id='word_1_113' title='bbox 885 1707 1003 1750; x_wconf 85' lang='lat' dir='ltr'>nacti</span> 
     </span>
     <span class='ocr_line' id='line_1_22' title="bbox 112 1765 1004 1825; baseline -0.006 -13"><span class='ocrx_word' id='word_1_114' title='bbox 112 1776 243 1818; x_wconf 62' lang='lat' dir='ltr'>sunu</span> <span class='ocrx_word' id='word_1_115' title='bbox 286 1768 577 1825; x_wconf 83' lang='lat' dir='ltr'>eosdemque,</span> <span class='ocrx_word' id='word_1_116' title='bbox 624 1766 726 1823; x_wconf 89' lang='lat' dir='ltr'>quia</span> <span class='ocrx_word' id='word_1_117' title='bbox 758 1765 1004 1807; x_wconf 90' lang='lat' dir='ltr'>dominen-</span> 
     </span>
     <span class='ocr_line' id='line_1_23' title="bbox 111 1821 1004 1880; baseline -0.009 -9"><span class='ocrx_word' id='word_1_118' title='bbox 111 1825 269 1871; x_wconf 84' lang='lat' dir='ltr'>turin</span> <span class='ocrx_word' id='word_1_119' title='bbox 303 1824 430 1876; x_wconf 85' lang='lat' dir='ltr'>foro,</span> <span class='ocrx_word' id='word_1_120' title='bbox 477 1841 501 1867; x_wconf 93' lang='lat' dir='ltr'>a</span> <span class='ocrx_word' id='word_1_121' title='bbox 546 1823 750 1880; x_wconf 87' lang='lat' dir='ltr'>principe</span> <span class='ocrx_word' id='word_1_122' title='bbox 793 1821 914 1880; x_wconf 83' lang='lat' dir='ltr'>diligi</span> <span class='ocrx_word' id='word_1_123' title='bbox 958 1828 1004 1863; x_wconf 82' lang='lat' dir='ltr'>et</span> 
     </span>
     <span class='ocr_line' id='line_1_24' title="bbox 114 1877 1003 1939; baseline -0.009 -11"><span class='ocrx_word' id='word_1_124' title='bbox 114 1883 204 1928; x_wconf 83' lang='lat' dir='ltr'>coli</span> <span class='ocrx_word' id='word_1_125' title='bbox 248 1897 355 1939; x_wconf 82' lang='lat' dir='ltr'>prae</span> <span class='ocrx_word' id='word_1_126' title='bbox 400 1881 575 1925; x_wconf 79' lang='lat' dir='ltr'>ceteris.</span> <span class='ocrx_word' id='word_1_127' title='bbox 642 1880 843 1922; x_wconf 86' lang='lat' dir='ltr'>Tertium</span> <span class='ocrx_word' id='word_1_128' title='bbox 890 1877 1003 1927; x_wconf 82' lang='lat' dir='ltr'>illud</span> 
     </span>
     <span class='ocr_line' id='line_1_25' title="bbox 112 1935 1002 1998; baseline -0.006 -14"><span class='ocrx_word' id='word_1_129' title='bbox 112 1957 207 1986; x_wconf 81' lang='lat' dir='ltr'>non</span> <span class='ocrx_word' id='word_1_130' title='bbox 229 1938 484 1998; x_wconf 83' lang='lat' dir='ltr'>negaverim</span> <span class='ocrx_word' id='word_1_131' title='bbox 499 1969 512 1986; x_wconf 91' lang='lat'><strong>‚</strong></span> <span class='ocrx_word' id='word_1_132' title='bbox 550 1938 624 1980; x_wconf 87' lang='lat' dir='ltr'>sed</span> <span class='ocrx_word' id='word_1_133' title='bbox 650 1945 806 1981; x_wconf 84' lang='lat' dir='ltr'>contra</span> <span class='ocrx_word' id='word_1_134' title='bbox 829 1935 1002 1980; x_wconf 81' lang='lat' dir='ltr'>codice.</span> 
     </span>
     <span class='ocr_line' id='line_1_26' title="bbox 111 1993 1004 2051; baseline -0.008 -10"><span class='ocrx_word' id='word_1_135' title='bbox 111 1996 424 2043; x_wconf 84' lang='lat' dir='ltr'>auctoritatem</span> <span class='ocrx_word' id='word_1_136' title='bbox 479 1995 628 2038; x_wconf 89' lang='lat' dir='ltr'>omitti</span> <span class='ocrx_word' id='word_1_137' title='bbox 684 1993 839 2051; x_wconf 87' lang='lat' dir='ltr'>nequit</span> <span class='ocrx_word' id='word_1_138' title='bbox 893 1995 934 2048; x_wconf 93' lang='lat'>[‚</span> <span class='ocrx_word' id='word_1_139' title='bbox 958 2000 1004 2034; x_wconf 86' lang='lat' dir='ltr'>at</span> 
     </span>
     <span class='ocr_line' id='line_1_27' title="bbox 114 2050 1001 2111; baseline -0.008 -13"><span class='ocrx_word' id='word_1_140' title='bbox 114 2055 248 2103; x_wconf 73' lang='lat' dir='ltr'>omis,</span> <span class='ocrx_word' id='word_1_141' title='bbox 290 2053 480 2111; x_wconf 88' lang='lat' dir='ltr'>Rupert.</span> <span class='ocrx_word' id='word_1_142' title='bbox 567 2052 659 2095; x_wconf 89' lang='lat' dir='ltr'>Pro</span> <span class='ocrx_word' id='word_1_143' title='bbox 714 2068 768 2094; x_wconf 79' lang='lat' dir='ltr'>ac</span> <span class='ocrx_word' id='word_1_144' title='bbox 819 2067 844 2094; x_wconf 85' lang='lat' dir='ltr'>e</span> <span class='ocrx_word' id='word_1_145' title='bbox 895 2050 1001 2094; x_wconf 90' lang='lat' dir='ltr'>cod.</span> 
     </span>
     <span class='ocr_line' id='line_1_28' title="bbox 115 2107 1003 2164; baseline -0.01 -6"><span class='ocrx_word' id='word_1_146' title='bbox 115 2114 251 2158; x_wconf 83' lang='lat' dir='ltr'>Farn.</span> <span class='ocrx_word' id='word_1_147' title='bbox 269 2111 306 2153; x_wconf 92' lang='lat' dir='ltr'>l.</span> <span class='ocrx_word' id='word_1_148' title='bbox 325 2109 516 2153; x_wconf 81' lang='lat' dir='ltr'>Bekker.</span> <span class='ocrx_word' id='word_1_149' title='bbox 540 2126 645 2164; x_wconf 85' lang='lat' dir='ltr'>cum</span> <span class='ocrx_word' id='word_1_150' title='bbox 659 2107 877 2152; x_wconf 87' lang='lat' dir='ltr'>Boettich.</span> <span class='ocrx_word' id='word_1_151' title='bbox 897 2107 1003 2150; x_wconf 89' lang='lat' dir='ltr'>scri·</span> 
     </span>
     <span class='ocr_line' id='line_1_29' title="bbox 114 2164 1003 2228; baseline -0.007 -15"><span class='ocrx_word' id='word_1_152' title='bbox 114 2169 200 2228; x_wconf 83' lang='lat' dir='ltr'>psit</span> <span class='ocrx_word' id='word_1_153' title='bbox 224 2177 292 2220; x_wconf 83' lang='lat' dir='ltr'>et,</span> <span class='ocrx_word' id='word_1_154' title='bbox 329 2168 452 2226; x_wconf 89' lang='lat' dir='ltr'>quod</span> <span class='ocrx_word' id='word_1_155' title='bbox 473 2165 823 2225; x_wconf 88' lang='lat' dir='ltr'>recipiendum.]</span> <span class='ocrx_word' id='word_1_156' title='bbox 883 2164 1003 2207; x_wconf 87' lang='lat' dir='ltr'>Heu-</span> 
     </span>
     <span class='ocr_line' id='line_1_30' title="bbox 116 2224 1002 2282; baseline -0.008 -11"><span class='ocrx_word' id='word_1_157' title='bbox 116 2241 270 2271; x_wconf 86' lang='lat' dir='ltr'>mann.</span> <span class='ocrx_word' id='word_1_158' title='bbox 298 2224 463 2268; x_wconf 88' lang='lat' dir='ltr'>delevit</span> <span class='ocrx_word' id='word_1_159' title='bbox 485 2233 621 2278; x_wconf 84' lang='lat' dir='ltr'>sunt,</span> <span class='ocrx_word' id='word_1_160' title='bbox 659 2224 876 2282; x_wconf 86' lang='lat' dir='ltr'>quoniam</span> <span class='ocrx_word' id='word_1_161' title='bbox 906 2238 1002 2264; x_wconf 88' lang='lat' dir='ltr'>non</span> 
     </span>
     <span class='ocr_line' id='line_1_31' title="bbox 115 2278 1003 2340; baseline -0.005 -13"><span class='ocrx_word' id='word_1_162' title='bbox 115 2283 306 2340; x_wconf 87' lang='lat' dir='ltr'>amplius</span> <span class='ocrx_word' id='word_1_163' title='bbox 327 2283 440 2332; x_wconf 87' lang='lat' dir='ltr'>sint,</span> <span class='ocrx_word' id='word_1_164' title='bbox 471 2283 546 2324; x_wconf 89' lang='lat' dir='ltr'>sed</span> <span class='ocrx_word' id='word_1_165' title='bbox 566 2282 757 2331; x_wconf 82' lang='lat' dir='ltr'>fuerint,</span> <span class='ocrx_word' id='word_1_166' title='bbox 779 2281 925 2324; x_wconf 87' lang='lat' dir='ltr'>donec</span> <span class='ocrx_word' id='word_1_167' title='bbox 944 2278 1003 2322; x_wconf 86' lang='lat' dir='ltr'>li·</span> 
     </span>
     <span class='ocr_line' id='line_1_32' title="bbox 116 2338 834 2396; baseline -0.007 -11"><span class='ocrx_word' id='word_1_168' title='bbox 116 2340 238 2392; x_wconf 87' lang='lat' dir='ltr'>buit;</span> <span class='ocrx_word' id='word_1_169' title='bbox 270 2355 410 2396; x_wconf 83' lang='lat' dir='ltr'>nugas</span> <span class='ocrx_word' id='word_1_170' title='bbox 432 2339 469 2381; x_wconf 90' lang='lat' dir='ltr'>is</span> <span class='ocrx_word' id='word_1_171' title='bbox 490 2354 620 2394; x_wconf 82' lang='lat' dir='ltr'>agere</span> <span class='ocrx_word' id='word_1_172' title='bbox 640 2338 834 2382; x_wconf 86' lang='lat' dir='ltr'>videtur.</span> 
     </span>
    </p>

    <p class='ocr_par' dir='ltr' id='par_1_5' title="bbox 116 2392 1009 3660">
     <span class='ocr_line' id='line_1_33' title="bbox 174 2392 1002 2453; baseline -0.01 -11"><span class='ocrx_word' id='word_1_173' title='bbox 174 2404 322 2453; x_wconf 78' lang='lat' dir='ltr'>agunt</span> <span class='ocrx_word' id='word_1_174' title='bbox 341 2397 600 2451; x_wconf 83' lang='lat' dir='ltr'>feruntque</span> <span class='ocrx_word' id='word_1_175' title='bbox 632 2402 817 2440; x_wconf 81' lang='lat' dir='ltr'>cuncta.</span> <span class='ocrx_word' id='word_1_176' title='bbox 878 2392 1002 2435; x_wconf 88' lang='lat' dir='ltr'>Inso-</span> 
     </span>
     <span class='ocr_line' id='line_1_34' title="bbox 116 2449 1003 2508; baseline -0.011 -7"><span class='ocrx_word' id='word_1_177' title='bbox 116 2457 243 2502; x_wconf 88' lang='lat' dir='ltr'>litam</span> <span class='ocrx_word' id='word_1_178' title='bbox 282 2453 506 2497; x_wconf 85' lang='lat' dir='ltr'>formulae</span> <span class='ocrx_word' id='word_1_179' title='bbox 543 2452 674 2495; x_wconf 87' lang='lat' dir='ltr'>huius</span> <span class='ocrx_word' id='word_1_180' title='bbox 716 2449 1003 2508; x_wconf 78' lang='lat' dir='ltr'>significatio·</span> 
     </span>
     <span class='ocr_line' id='line_1_35' title="bbox 117 2506 1004 2570; baseline -0.012 -12"><span class='ocrx_word' id='word_1_181' title='bbox 117 2530 223 2558; x_wconf 80' lang='lat' dir='ltr'>nem</span> <span class='ocrx_word' id='word_1_182' title='bbox 263 2511 493 2570; x_wconf 82' lang='lat' dir='ltr'>agnovisse</span> <span class='ocrx_word' id='word_1_183' title='bbox 537 2509 623 2553; x_wconf 86' lang='lat' dir='ltr'>sibi</span> <span class='ocrx_word' id='word_1_184' title='bbox 659 2509 889 2552; x_wconf 81' lang='lat' dir='ltr'>videbatur</span> <span class='ocrx_word' id='word_1_185' title='bbox 922 2506 1004 2548; x_wconf 87' lang='lat' dir='ltr'>Er-</span> 
     </span>
     <span class='ocr_line' id='line_1_36' title="bbox 117 2569 1005 2625; baseline -0.009 -11"><span class='ocrx_word' id='word_1_186' title='bbox 117 2569 315 2625; x_wconf 88' lang='lat' dir='ltr'>nestius,</span> <span class='ocrx_word' id='word_1_187' title='bbox 354 2586 402 2612; x_wconf 89' lang='lat' dir='ltr'>ex</span> <span class='ocrx_word' id='word_1_188' title='bbox 428 2583 518 2625; x_wconf 90' lang='lat' dir='ltr'>quo</span> <span class='ocrx_word' id='word_1_189' title='bbox 540 2576 615 2611; x_wconf 89' lang='lat' dir='ltr'>aut</span> <span class='ocrx_word' id='word_1_190' title='bbox 639 2573 906 2610; x_wconf 80' lang='lat' dir='ltr'>excusarunt</span> <span class='ocrx_word' id='word_1_191' title='bbox 929 2571 1005 2606; x_wconf 84' lang='lat' dir='ltr'>aut</span> 
     </span>
     <span class='ocr_line' id='line_1_37' title="bbox 117 2621 1005 2686; baseline -0.01 -14"><span class='ocrx_word' id='word_1_192' title='bbox 117 2630 430 2686; x_wconf 81' lang='lat' dir='ltr'>vituperarunt</span> <span class='ocrx_word' id='word_1_193' title='bbox 450 2633 492 2668; x_wconf 84' lang='lat' dir='ltr'>et</span> <span class='ocrx_word' id='word_1_194' title='bbox 508 2631 799 2669; x_wconf 85' lang='lat' dir='ltr'>correxerunt</span> <span class='ocrx_word' id='word_1_195' title='bbox 818 2621 1005 2679; x_wconf 85' lang='lat' dir='ltr'>scripto·</span> 
     </span>
     <span class='ocr_line' id='line_1_38' title="bbox 118 2681 1006 2740; baseline -0.01 -11"><span class='ocrx_word' id='word_1_196' title='bbox 118 2702 216 2730; x_wconf 84' lang='lat' dir='ltr'>rem</span> <span class='ocrx_word' id='word_1_197' title='bbox 235 2686 513 2740; x_wconf 87' lang='lat' dir='ltr'>interpretes.</span> <span class='ocrx_word' id='word_1_198' title='bbox 570 2681 738 2724; x_wconf 87' lang='lat' dir='ltr'>Notum</span> <span class='ocrx_word' id='word_1_199' title='bbox 763 2688 840 2728; x_wconf 88' lang='lat' dir='ltr'>est,</span> <span class='ocrx_word' id='word_1_200' title='bbox 865 2693 1006 2732; x_wconf 77' lang='lat' dir='ltr'>agere</span> 
     </span>
     <span class='ocr_line' id='line_1_39' title="bbox 119 2735 1005 2799; baseline -0.01 -12"><span class='ocrx_word' id='word_1_201' title='bbox 119 2752 167 2787; x_wconf 83' lang='lat' dir='ltr'>et</span> <span class='ocrx_word' id='word_1_202' title='bbox 187 2743 321 2799; x_wconf 78' lang='lat' dir='ltr'>ferre</span> <span class='ocrx_word' id='word_1_203' title='bbox 349 2740 437 2783; x_wconf 91' lang='lat' dir='ltr'>dici</span> <span class='ocrx_word' id='word_1_204' title='bbox 469 2757 492 2782; x_wconf 90' lang='lat' dir='ltr'>a</span> <span class='ocrx_word' id='word_1_205' title='bbox 516 2739 685 2790; x_wconf 87' lang='lat' dir='ltr'>latinis,</span> <span class='ocrx_word' id='word_1_206' title='bbox 721 2747 812 2782; x_wconf 88' lang='lat' dir='ltr'>uta</span> <span class='ocrx_word' id='word_1_207' title='bbox 837 2735 1005 2794; x_wconf 83' lang='lat' dir='ltr'>graecis</span> 
     </span>
     <span class='ocr_line' id='line_1_40' title="bbox 121 2792 1005 2859; baseline -0.008 -15"><span class='ocrx_word' id='word_1_208' title='bbox 121 2803 281 2859; x_wconf 79' lang='grc' dir='ltr'><strong><em>φέρειν</em></strong></span> <span class='ocrx_word' id='word_1_209' title='bbox 302 2800 378 2842; x_wconf 83' lang='grc' dir='ltr'>καὶ</span> <span class='ocrx_word' id='word_1_210' title='bbox 403 2794 536 2854; x_wconf 74' lang='grc' dir='ltr'><em>ἄγειν</em></span> <span class='ocrx_word' id='word_1_211' title='bbox 570 2797 643 2851; x_wconf 91' lang='lat' dir='ltr'>(de</span> <span class='ocrx_word' id='word_1_212' title='bbox 669 2812 760 2853; x_wconf 88' lang='lat' dir='ltr'>quo</span> <span class='ocrx_word' id='word_1_213' title='bbox 787 2795 846 2838; x_wconf 87' lang='lat' dir='ltr'>cf.</span> <span class='ocrx_word' id='word_1_214' title='bbox 871 2792 1005 2837; x_wconf 76' lang='lat' dir='ltr'>Bahr.</span> 
     </span>
     <span class='ocr_line' id='line_1_41' title="bbox 119 2849 1006 2914; baseline -0.014 -11"><span class='ocrx_word' id='word_1_215' title='bbox 119 2859 175 2903; x_wconf 85' lang='lat' dir='ltr'>ad</span> <span class='ocrx_word' id='word_1_216' title='bbox 200 2855 424 2900; x_wconf 85' lang='lat' dir='ltr'>Plutarch.</span> <span class='ocrx_word' id='word_1_217' title='bbox 442 2853 598 2914; x_wconf 88' lang='lat' dir='ltr'>Pyrrh.</span> <span class='ocrx_word' id='word_1_218' title='bbox 623 2871 666 2912; x_wconf 84' lang='lat' dir='ltr'>p.</span> <span class='ocrx_word' id='word_1_219' title='bbox 683 2854 778 2897; x_wconf 87' lang='lat'>116.</span> <span class='ocrx_word' id='word_1_220' title='bbox 802 2860 845 2894; x_wconf 90' lang='lat' dir='ltr'>et</span> <span class='ocrx_word' id='word_1_221' title='bbox 867 2849 1006 2894; x_wconf 84' lang='lat' dir='ltr'>indic.</span> 
     </span>
     <span class='ocr_line' id='line_1_42' title="bbox 120 2907 1006 2972; baseline -0.012 -11"><span class='ocrx_word' id='word_1_222' title='bbox 120 2932 169 2961; x_wconf 79' lang='lat' dir='ltr'>v.</span> <span class='ocrx_word' id='word_1_223' title='bbox 193 2912 317 2972; x_wconf 64' lang='grc' dir='ltr'>ἔγω,</span> <span class='ocrx_word' id='word_1_224' title='bbox 359 2914 549 2970; x_wconf 82' lang='lat' dir='ltr'>interpr.</span> <span class='ocrx_word' id='word_1_225' title='bbox 577 2913 631 2955; x_wconf 90' lang='lat' dir='ltr'>ad</span> <span class='ocrx_word' id='word_1_226' title='bbox 654 2909 859 2966; x_wconf 85' lang='lat' dir='ltr'>Thucyd.</span> <span class='ocrx_word' id='word_1_227' title='bbox 886 2910 925 2956; x_wconf 88' lang='lat' dir='ltr'>l,</span> <span class='ocrx_word' id='word_1_228' title='bbox 946 2907 1006 2963; x_wconf 90' lang='grc'>7.)</span> 
     </span>
     <span class='ocr_line' id='line_1_43' title="bbox 122 2965 1007 3028; baseline -0.012 -11"><span class='ocrx_word' id='word_1_229' title='bbox 122 2974 172 3018; x_wconf 79' lang='lat' dir='ltr'>in</span> <span class='ocrx_word' id='word_1_230' title='bbox 215 2973 380 3015; x_wconf 79' lang='lat' dir='ltr'>matam</span> <span class='ocrx_word' id='word_1_231' title='bbox 420 2978 590 3028; x_wconf 86' lang='lat' dir='ltr'>partem</span> <span class='ocrx_word' id='word_1_232' title='bbox 637 2970 692 3012; x_wconf 90' lang='lat' dir='ltr'>de</span> <span class='ocrx_word' id='word_1_233' title='bbox 736 2965 1007 3025; x_wconf 81' lang='lat' dir='ltr'>raptoribus,</span> 
     </span>
     <span class='ocr_line' id='line_1_44' title="bbox 124 3020 1008 3089; baseline -0.015 -13"><span class='ocrx_word' id='word_1_234' title='bbox 124 3027 458 3089; x_wconf 85' lang='lat' dir='ltr'>spoliatoribus.</span> <span class='ocrx_word' id='word_1_235' title='bbox 526 3026 642 3070; x_wconf 86' lang='lat' dir='ltr'>Vide</span> <span class='ocrx_word' id='word_1_236' title='bbox 675 3024 906 3069; x_wconf 82' lang='lat' dir='ltr'>Drakenb.</span> <span class='ocrx_word' id='word_1_237' title='bbox 949 3020 1008 3065; x_wconf 89' lang='lat' dir='ltr'>ad</span> 
     </span>
     <span class='ocr_line' id='line_1_45' title="bbox 122 3079 1008 3139; baseline -0.014 -7"><span class='ocrx_word' id='word_1_238' title='bbox 122 3089 224 3134; x_wconf 80' lang='lat' dir='ltr'>Liv.</span> <span class='ocrx_word' id='word_1_239' title='bbox 246 3086 316 3139; x_wconf 77' lang='grc'>38,</span> <span class='ocrx_word' id='word_1_240' title='bbox 340 3083 405 3136; x_wconf 79' lang='grc'>13,</span> <span class='ocrx_word' id='word_1_241' title='bbox 424 3086 491 3127; x_wconf 93' lang='lat'>10.</span> <span class='ocrx_word' id='word_1_242' title='bbox 539 3084 707 3128; x_wconf 84' lang='lat' dir='ltr'>Stroth.</span> <span class='ocrx_word' id='word_1_243' title='bbox 731 3083 787 3126; x_wconf 89' lang='lat' dir='ltr'>ad</span> <span class='ocrx_word' id='word_1_244' title='bbox 812 3079 1008 3124; x_wconf 86' lang='lat' dir='ltr'>eundem</span> 
     </span>
     <span class='ocr_line' id='line_1_46' title="bbox 123 3136 1009 3200; baseline -0.017 -8"><span class='ocrx_word' id='word_1_245' title='bbox 123 3147 166 3200; x_wconf 78' lang='grc'>8,</span> <span class='ocrx_word' id='word_1_246' title='bbox 197 3145 270 3189; x_wconf 78' lang='grc'><strong>37.”</strong></span> <span class='ocrx_word' id='word_1_247' title='bbox 343 3141 454 3184; x_wconf 84' lang='lat' dir='ltr'>Tale</span> <span class='ocrx_word' id='word_1_248' title='bbox 494 3141 602 3200; x_wconf 86' lang='lat' dir='ltr'>quid</span> <span class='ocrx_word' id='word_1_249' title='bbox 643 3143 697 3185; x_wconf 89' lang='lat' dir='ltr'>ab</span> <span class='ocrx_word' id='word_1_250' title='bbox 743 3141 788 3183; x_wconf 89' lang='lat' dir='ltr'>h.</span> <span class='ocrx_word' id='word_1_251' title='bbox 828 3138 857 3182; x_wconf 92' lang='lat' dir='ltr'>l.</span> <span class='ocrx_word' id='word_1_252' title='bbox 895 3136 1009 3179; x_wconf 87' lang='lat' dir='ltr'>alie-</span> 
     </span>
     <span class='ocr_line' id='line_1_47' title="bbox 122 3192 1008 3257; baseline -0.016 -9"><span class='ocrx_word' id='word_1_253' title='bbox 122 3219 235 3250; x_wconf 81' lang='lat' dir='ltr'>num</span> <span class='ocrx_word' id='word_1_254' title='bbox 267 3210 357 3249; x_wconf 85' lang='lat' dir='ltr'>est,</span> <span class='ocrx_word' id='word_1_255' title='bbox 394 3215 499 3244; x_wconf 87' lang='lat' dir='ltr'>cum</span> <span class='ocrx_word' id='word_1_256' title='bbox 529 3199 778 3257; x_wconf 83' lang='lat' dir='ltr'>significare</span> <span class='ocrx_word' id='word_1_257' title='bbox 809 3192 1008 3242; x_wconf 82' lang='lat' dir='ltr'>voluerit</span> 
     </span>
     <span class='ocr_line' id='line_1_48' title="bbox 123 3252 1007 3322; baseline -0.014 -17"><span class='ocrx_word' id='word_1_258' title='bbox 123 3262 301 3322; x_wconf 80' lang='lat' dir='ltr'>potius,</span> <span class='ocrx_word' id='word_1_259' title='bbox 380 3273 433 3302; x_wconf 69' lang='lat' dir='ltr'>,r</span> <span class='ocrx_word' id='word_1_260' title='bbox 467 3256 570 3300; x_wconf 87' lang='lat' dir='ltr'>illos</span> <span class='ocrx_word' id='word_1_261' title='bbox 612 3257 735 3301; x_wconf 81' lang='lat' dir='ltr'>viros</span> <span class='ocrx_word' id='word_1_262' title='bbox 777 3252 1007 3300; x_wconf 86' lang='lat' dir='ltr'>civitatem</span> 
     </span>
     <span class='ocr_line' id='line_1_49' title="bbox 124 3270 1005 3376; baseline -0.014 -14"><span class='ocrx_word' id='word_1_263' title='bbox 124 3318 216 3376; x_wconf 76' lang='lat' dir='ltr'>regi</span> <span class='ocrx_word' id='word_1_264' title='bbox 247 3325 290 3360; x_wconf 88' lang='lat' dir='ltr'>et</span> <span class='ocrx_word' id='word_1_265' title='bbox 310 3270 624 3360; x_wconf 67' lang='lat' dir='ltr'>ailiiiinistrari.</span> <span class='ocrx_word' id='word_1_266' title='bbox 650 3351 655 3363; x_wconf 75' lang='grc'>,</span> <span class='ocrx_word' id='word_1_267' title='bbox 681 3314 743 3356; x_wconf 81' lang='lat' dir='ltr'>At</span> <span class='ocrx_word' id='word_1_268' title='bbox 764 3312 916 3356; x_wconf 88' lang='lat' dir='ltr'>subest</span> <span class='ocrx_word' id='word_1_269' title='bbox 938 3308 1005 3350; x_wconf 80' lang='lat' dir='ltr'>vi·</span> 
     </span>
     <span class='ocr_line' id='line_1_50' title="bbox 126 3363 1007 3434; baseline -0.016 -15"><span class='ocrx_word' id='word_1_270' title='bbox 126 3372 418 3434; x_wconf 80' lang='lat' dir='ltr'>tuperationis</span> <span class='ocrx_word' id='word_1_271' title='bbox 455 3379 583 3420; x_wconf 86' lang='lat' dir='ltr'>nota,</span> <span class='ocrx_word' id='word_1_272' title='bbox 627 3365 661 3413; x_wconf 86' lang='lat' dir='ltr'>si</span> <span class='ocrx_word' id='word_1_273' title='bbox 699 3386 801 3414; x_wconf 86' lang='lat' dir='ltr'>cum</span> <span class='ocrx_word' id='word_1_274' title='bbox 830 3363 1007 3412; x_wconf 89' lang='lat' dir='ltr'>Orellio</span> 
     </span>
     <span class='ocr_line' id='line_1_51' title="bbox 128 3427 1008 3490; baseline -0.015 -14"><span class='ocrx_word' id='word_1_275' title='bbox 128 3429 414 3490; x_wconf 82' lang='lat' dir='ltr'>explicueris,</span> <span class='ocrx_word' id='word_1_276' title='bbox 475 3438 524 3473; x_wconf 91' lang='lat' dir='ltr'>ut</span> <span class='ocrx_word' id='word_1_277' title='bbox 574 3427 881 3484; x_wconf 85' lang='lat' dir='ltr'>explicandum</span> <span class='ocrx_word' id='word_1_278' title='bbox 930 3429 1008 3472; x_wconf 87' lang='lat' dir='ltr'>est,</span> 
     </span>
     <span class='ocr_line' id='line_1_52' title="bbox 128 3483 1008 3589; baseline -0.014 -57"><span class='ocrx_word' id='word_1_279' title='bbox 128 3503 372 3589; x_wconf 55' lang='lat' dir='ltr'>„=proens,tuo</span> <span class='ocrx_word' id='word_1_280' title='bbox 416 3488 631 3587; x_wconf 57' lang='lat' dir='ltr'>{rbitratu</span> <span class='ocrx_word' id='word_1_281' title='bbox 675 3483 1008 3585; x_wconf 41' lang='lat' dir='ltr'>haste-{uiuam</span> 
     </span>
     <span class='ocr_line' id='line_1_53' title="bbox 128 3557 1009 3592; baseline -0.008 -2"><span class='ocrx_word' id='word_1_282' title='bbox 128 3561 242 3591; x_wconf 89' lang='lat' dir='ltr'>cem</span> <span class='ocrx_word' id='word_1_283' title='bbox 322 3560 368 3587; x_wconf 90' lang='lat' dir='ltr'>er</span> <span class='ocrx_word' id='word_1_284' title='bbox 394 3561 414 3587; x_wconf 88' lang='lat' dir='ltr'>s</span> <span class='ocrx_word' id='word_1_285' title='bbox 445 3559 576 3592; x_wconf 87' lang='lat' dir='ltr'>vere,</span> <span class='ocrx_word' id='word_1_286' title='bbox 617 3558 663 3585; x_wconf 87' lang='lat' dir='ltr'><strong>m</strong></span> <span class='ocrx_word' id='word_1_287' title='bbox 728 3558 819 3585; x_wconf 87' lang='lat' dir='ltr'>mm</span> <span class='ocrx_word' id='word_1_288' title='bbox 856 3557 906 3584; x_wconf 90' lang='lat' dir='ltr'>us</span> <span class='ocrx_word' id='word_1_289' title='bbox 982 3563 1009 3574; x_wconf 88' lang='lat'><em>-</em></span> 
     </span>
     <span class='ocr_line' id='line_1_54' title="bbox 129 3597 1006 3660; baseline -0.009 -14"><span class='ocrx_word' id='word_1_290' title='bbox 129 3604 211 3646; x_wconf 82' lang='lat' dir='ltr'>bus</span> <span class='ocrx_word' id='word_1_291' title='bbox 245 3609 394 3660; x_wconf 82' lang='lat' dir='ltr'>agunt.</span> <span class='ocrx_word' id='word_1_292' title='bbox 410 3603 436 3622; x_wconf 89' lang='lat'>’&#39;</span> <span class='ocrx_word' id='word_1_293' title='bbox 490 3601 596 3645; x_wconf 88' lang='lat' dir='ltr'>Non</span> <span class='ocrx_word' id='word_1_294' title='bbox 631 3599 751 3642; x_wconf 87' lang='lat' dir='ltr'>enim</span> <span class='ocrx_word' id='word_1_295' title='bbox 782 3599 829 3643; x_wconf 89' lang='lat' dir='ltr'>id</span> <span class='ocrx_word' id='word_1_296' title='bbox 861 3597 1006 3642; x_wconf 72' lang='lat' dir='ltr'>solum</span> 
     </span>
    </p>
   </div>
   <div class='ocr_carea' id='block_1_5' title="bbox 1066 958 1965 1876">
    <p class='ocr_par' dir='ltr' id='par_1_6' title="bbox 1066 958 1965 1876">
     <span class='ocr_line' id='line_1_55' title="bbox 1066 958 1953 1018; baseline -0.002 -13"><span class='ocrx_word' id='word_1_297' title='bbox 1066 961 1233 1005; x_wconf 81' lang='lat' dir='ltr'>indicat</span> <span class='ocrx_word' id='word_1_298' title='bbox 1270 960 1356 1004; x_wconf 88' lang='lat' dir='ltr'>scri</span> <span class='ocrx_word' id='word_1_299' title='bbox 1411 975 1487 1016; x_wconf 85' lang='lat' dir='ltr'>or,</span> <span class='ocrx_word' id='word_1_300' title='bbox 1542 960 1667 1018; x_wconf 84' lang='lat' dir='ltr'>quod</span> <span class='ocrx_word' id='word_1_301' title='bbox 1706 958 1764 1003; x_wconf 90' lang='lat' dir='ltr'>G.</span> <span class='ocrx_word' id='word_1_302' title='bbox 1801 961 1953 1005; x_wconf 87' lang='lat' dir='ltr'>Iacob.</span> 
     </span>
     <span class='ocr_line' id='line_1_56' title="bbox 1067 976 1955 1076; baseline -0.002 -13"><span class='ocrx_word' id='word_1_303' title='bbox 1067 1019 1182 1072; x_wconf 88' lang='lat' dir='ltr'>apud</span> <span class='ocrx_word' id='word_1_304' title='bbox 1227 976 1408 1063; x_wconf 51' lang='lat' dir='ltr'>Dronllt.</span> <span class='ocrx_word' id='word_1_305' title='bbox 1456 1034 1502 1076; x_wconf 87' lang='lat' dir='ltr'>p.</span> <span class='ocrx_word' id='word_1_306' title='bbox 1539 1018 1639 1062; x_wconf 74' lang='lat'>245.</span> <span class='ocrx_word' id='word_1_307' title='bbox 1682 1019 1781 1063; x_wconf 85' lang='lat' dir='ltr'>vult</span> <span class='ocrx_word' id='word_1_308' title='bbox 1821 1027 1862 1061; x_wconf 85' lang='lat' dir='ltr'>et</span> <span class='ocrx_word' id='word_1_309' title='bbox 1905 1018 1955 1061; x_wconf 85' lang='lat' dir='ltr'>in</span> 
     </span>
     <span class='ocr_line' id='line_1_57' title="bbox 1071 1075 1954 1134; baseline -0.002 -14"><span class='ocrx_word' id='word_1_310' title='bbox 1071 1075 1459 1134; x_wconf 86' lang='lat' dir='ltr'>Quaest.Lucian.</span> <span class='ocrx_word' id='word_1_311' title='bbox 1477 1091 1597 1133; x_wconf 84' lang='lat' dir='ltr'>spec.</span> <span class='ocrx_word' id='word_1_312' title='bbox 1614 1077 1644 1118; x_wconf 92' lang='grc' dir='ltr'>Ι.</span> <span class='ocrx_word' id='word_1_313' title='bbox 1669 1092 1713 1134; x_wconf 89' lang='lat' dir='ltr'>p.</span> <span class='ocrx_word' id='word_1_314' title='bbox 1734 1075 1824 1124; x_wconf 78' lang='lat'>15..</span> <span class='ocrx_word' id='word_1_315' title='bbox 1853 1076 1954 1118; x_wconf 76' lang='lat' dir='ltr'>illos</span> 
     </span>
     <span class='ocr_line' id='line_1_58' title="bbox 1070 1132 1956 1184; baseline -0.002 -7"><span class='ocrx_word' id='word_1_316' title='bbox 1070 1150 1245 1184; x_wconf 86' lang='lat' dir='ltr'>omnes,</span> <span class='ocrx_word' id='word_1_317' title='bbox 1275 1132 1378 1176; x_wconf 86' lang='lat' dir='ltr'>licet</span> <span class='ocrx_word' id='word_1_318' title='bbox 1399 1132 1583 1183; x_wconf 88' lang='lat' dir='ltr'>invitos,</span> <span class='ocrx_word' id='word_1_319' title='bbox 1613 1132 1657 1174; x_wconf 88' lang='lat' dir='ltr'>in</span> <span class='ocrx_word' id='word_1_320' title='bbox 1677 1133 1742 1174; x_wconf 91' lang='lat' dir='ltr'>sui</span> <span class='ocrx_word' id='word_1_321' title='bbox 1767 1134 1956 1175; x_wconf 79' lang='lat' dir='ltr'>admira·</span> 
     </span>
     <span class='ocr_line' id='line_1_59' title="bbox 1068 1189 1959 1248; baseline -0.003 -13"><span class='ocrx_word' id='word_1_322' title='bbox 1068 1193 1238 1235; x_wconf 86' lang='lat' dir='ltr'>tionem</span> <span class='ocrx_word' id='word_1_323' title='bbox 1253 1189 1465 1248; x_wconf 83' lang='lat' dir='ltr'>rapuisse.</span> <span class='ocrx_word' id='word_1_324' title='bbox 1497 1189 1799 1245; x_wconf 78' lang='lat' dir='ltr'>supersedere</span> <span class='ocrx_word' id='word_1_325' title='bbox 1822 1189 1959 1246; x_wconf 57' lang='lat' dir='ltr'>igitur</span> 
     </span>
     <span class='ocr_line' id='line_1_60' title="bbox 1069 1246 1958 1307; baseline -0.004 -15"><span class='ocrx_word' id='word_1_326' title='bbox 1069 1264 1309 1307; x_wconf 84' lang='lat' dir='ltr'>possumus</span> <span class='ocrx_word' id='word_1_327' title='bbox 1333 1247 1690 1291; x_wconf 84' lang='lat' dir='ltr'>correctionibus</span> <span class='ocrx_word' id='word_1_328' title='bbox 1712 1256 1754 1290; x_wconf 85' lang='lat' dir='ltr'>ct</span> <span class='ocrx_word' id='word_1_329' title='bbox 1778 1246 1958 1290; x_wconf 82' lang='lat' dir='ltr'>Schnei-</span> 
     </span>
     <span class='ocr_line' id='line_1_61' title="bbox 1069 1303 1957 1349; baseline -0.001 0"><span class='ocrx_word' id='word_1_330' title='bbox 1069 1306 1165 1349; x_wconf 88' lang='lat' dir='ltr'>deri</span> <span class='ocrx_word' id='word_1_331' title='bbox 1205 1307 1416 1349; x_wconf 88' lang='lat' dir='ltr'>observv.</span> <span class='ocrx_word' id='word_1_332' title='bbox 1451 1304 1497 1347; x_wconf 87' lang='lat' dir='ltr'>in</span> <span class='ocrx_word' id='word_1_333' title='bbox 1528 1303 1670 1348; x_wconf 87' lang='lat' dir='ltr'>Tacit.</span> <span class='ocrx_word' id='word_1_334' title='bbox 1707 1311 1750 1346; x_wconf 85' lang='lat' dir='ltr'>et</span> <span class='ocrx_word' id='word_1_335' title='bbox 1779 1303 1957 1348; x_wconf 81' lang='lat' dir='ltr'>Sallust.</span> 
     </span>
     <span class='ocr_line' id='line_1_62' title="bbox 1071 1361 1959 1422; baseline -0.003 -15"><span class='ocrx_word' id='word_1_336' title='bbox 1071 1381 1112 1422; x_wconf 87' lang='lat' dir='ltr'>p.</span> <span class='ocrx_word' id='word_1_337' title='bbox 1138 1365 1178 1407; x_wconf 89' lang='lat'>5.</span> <span class='ocrx_word' id='word_1_338' title='bbox 1207 1370 1354 1417; x_wconf 78' lang='lat' dir='ltr'>agunt</span> <span class='ocrx_word' id='word_1_339' title='bbox 1376 1371 1634 1417; x_wconf 71' lang='lat' dir='ltr'>gerantque</span> <span class='ocrx_word' id='word_1_340' title='bbox 1662 1370 1831 1404; x_wconf 80' lang='lat' dir='ltr'>cuncta</span> <span class='ocrx_word' id='word_1_341' title='bbox 1862 1361 1893 1404; x_wconf 89' lang='lat' dir='ltr'>i.</span> <span class='ocrx_word' id='word_1_342' title='bbox 1917 1377 1959 1404; x_wconf 84' lang='lat' dir='ltr'>e.</span> 
     </span>
     <span class='ocr_line' id='line_1_63' title="bbox 1070 1419 1960 1477; baseline -0.004 -13"><span class='ocrx_word' id='word_1_343' title='bbox 1070 1430 1208 1464; x_wconf 85' lang='lat' dir='ltr'>totam</span> <span class='ocrx_word' id='word_1_344' title='bbox 1229 1419 1454 1463; x_wconf 75' lang='lat' dir='ltr'>civitatem</span> <span class='ocrx_word' id='word_1_345' title='bbox 1474 1419 1798 1469; x_wconf 83' lang='lat' dir='ltr'>administrant,</span> <span class='ocrx_word' id='word_1_346' title='bbox 1824 1434 1960 1477; x_wconf 87' lang='lat' dir='ltr'>quam</span> 
     </span>
     <span class='ocr_line' id='line_1_64' title="bbox 1072 1475 1961 1536; baseline -0.002 -15"><span class='ocrx_word' id='word_1_347' title='bbox 1072 1478 1263 1536; x_wconf 79' lang='lat' dir='ltr'>arripuit</span> <span class='ocrx_word' id='word_1_348' title='bbox 1309 1477 1520 1519; x_wconf 83' lang='lat' dir='ltr'>Moserus</span> <span class='ocrx_word' id='word_1_349' title='bbox 1562 1477 1607 1519; x_wconf 91' lang='lat' dir='ltr'>in</span> <span class='ocrx_word' id='word_1_350' title='bbox 1651 1477 1814 1520; x_wconf 89' lang='lat' dir='ltr'>Annal.</span> <span class='ocrx_word' id='word_1_351' title='bbox 1853 1475 1961 1519; x_wconf 82' lang='lat' dir='ltr'>Hei·</span> 
     </span>
     <span class='ocr_line' id='line_1_65' title="bbox 1075 1531 1964 1592; baseline -0.001 -14"><span class='ocrx_word' id='word_1_352' title='bbox 1075 1535 1272 1592; x_wconf 84' lang='lat' dir='ltr'>delberg.</span> <span class='ocrx_word' id='word_1_353' title='bbox 1301 1534 1329 1577; x_wconf 89' lang='lat' dir='ltr'>l.</span> <span class='ocrx_word' id='word_1_354' title='bbox 1354 1535 1407 1582; x_wconf 89' lang='grc'>1.,</span> <span class='ocrx_word' id='word_1_355' title='bbox 1451 1542 1494 1576; x_wconf 86' lang='lat' dir='ltr'>et</span> <span class='ocrx_word' id='word_1_356' title='bbox 1526 1533 1772 1579; x_wconf 83' lang='lat' dir='ltr'>llofmann.</span> <span class='ocrx_word' id='word_1_357' title='bbox 1805 1531 1964 1578; x_wconf 89' lang='lat' dir='ltr'>Peerl-</span> 
     </span>
     <span class='ocr_line' id='line_1_66' title="bbox 1075 1593 1959 1650; baseline -0.002 -15"><span class='ocrx_word' id='word_1_358' title='bbox 1075 1593 1224 1650; x_wconf 82' lang='lat' dir='ltr'>kamp.</span> <span class='ocrx_word' id='word_1_359' title='bbox 1277 1599 1422 1645; x_wconf 77' lang='lat' dir='ltr'>agunt</span> <span class='ocrx_word' id='word_1_360' title='bbox 1474 1599 1728 1647; x_wconf 77' lang='lat' dir='ltr'>regumque</span> <span class='ocrx_word' id='word_1_361' title='bbox 1780 1599 1959 1647; x_wconf 82' lang='lat' dir='ltr'>cuncta,</span> 
     </span>
     <span class='ocr_line' id='line_1_67' title="bbox 1074 1649 1965 1700; baseline -0.001 -7"><span class='ocrx_word' id='word_1_362' title='bbox 1074 1651 1145 1694; x_wconf 88' lang='lat' dir='ltr'>cui</span> <span class='ocrx_word' id='word_1_363' title='bbox 1207 1649 1495 1692; x_wconf 78' lang='lat' dir='ltr'>stabiliendae</span> <span class='ocrx_word' id='word_1_364' title='bbox 1562 1665 1654 1691; x_wconf 87' lang='lat' dir='ltr'>non</span> <span class='ocrx_word' id='word_1_365' title='bbox 1719 1649 1965 1700; x_wconf 77' lang='lat' dir='ltr'>sufficiunt,</span> 
     </span>
     <span class='ocr_line' id='line_1_68' title="bbox 1076 1706 1965 1764; baseline -0.002 -15"><span class='ocrx_word' id='word_1_366' title='bbox 1076 1724 1186 1764; x_wconf 83' lang='lat' dir='ltr'>quae</span> <span class='ocrx_word' id='word_1_367' title='bbox 1213 1723 1308 1764; x_wconf 89' lang='lat' dir='ltr'>cap.</span> <span class='ocrx_word' id='word_1_368' title='bbox 1334 1706 1402 1748; x_wconf 81' lang='grc'>36.</span> <span class='ocrx_word' id='word_1_369' title='bbox 1429 1706 1660 1763; x_wconf 83' lang='lat' dir='ltr'>leguntur:</span> <span class='ocrx_word' id='word_1_370' title='bbox 1691 1722 1794 1749; x_wconf 80' lang='lat' dir='ltr'>cum</span> <span class='ocrx_word' id='word_1_371' title='bbox 1819 1715 1862 1749; x_wconf 80' lang='lat' dir='ltr'>et</span> <span class='ocrx_word' id='word_1_372' title='bbox 1881 1722 1965 1760; x_wconf 80' lang='grc' dir='ltr'>ρο-</span> 
     </span>
     <span class='ocr_line' id='line_1_69' title="bbox 1069 1766 1964 1820; baseline 0.001 -14"><span class='ocrx_word' id='word_1_373' title='bbox 1069 1769 1235 1820; x_wconf 78' lang='lat' dir='ltr'>pulum</span> <span class='ocrx_word' id='word_1_374' title='bbox 1262 1772 1306 1806; x_wconf 81' lang='lat' dir='ltr'>et</span> <span class='ocrx_word' id='word_1_375' title='bbox 1329 1771 1543 1806; x_wconf 79' lang='lat' dir='ltr'>senatum</span> <span class='ocrx_word' id='word_1_376' title='bbox 1569 1766 1759 1807; x_wconf 71' lang='lat' dir='ltr'>consilic)</span> <span class='ocrx_word' id='word_1_377' title='bbox 1795 1772 1840 1807; x_wconf 79' lang='lat' dir='ltr'>et</span> <span class='ocrx_word' id='word_1_378' title='bbox 1872 1780 1964 1807; x_wconf 81' lang='lat' dir='ltr'>au-</span> 
     </span>
     <span class='ocr_line' id='line_1_70' title="bbox 1073 1825 1539 1876; baseline -0.009 -11"><span class='ocrx_word' id='word_1_379' title='bbox 1073 1825 1289 1866; x_wconf 78' lang='lat' dir='ltr'>ctoritate</span> <span class='ocrx_word' id='word_1_380' title='bbox 1307 1828 1539 1876; x_wconf 75' lang='lat' dir='ltr'>regerent.</span> 
     </span>
    </p>
   </div>
   <div class='ocr_carea' id='block_1_6' title="bbox 1072 1905 2031 3512">
    <p class='ocr_par' dir='ltr' id='par_1_7' title="bbox 1072 1905 2031 3093">
     <span class='ocr_line' id='line_1_71' title="bbox 1126 1905 1964 1960; baseline 0.005 -14"><span class='ocrx_word' id='word_1_381' title='bbox 1126 1906 1496 1960; x_wconf 56' lang='lat' dir='ltr'>patientissimus</span> <span class='ocrx_word' id='word_1_382' title='bbox 1533 1906 1646 1949; x_wconf 83' lang='lat' dir='ltr'>veri.</span> <span class='ocrx_word' id='word_1_383' title='bbox 1716 1905 1792 1949; x_wconf 76' lang='lat' dir='ltr'>Sic</span> <span class='ocrx_word' id='word_1_384' title='bbox 1828 1906 1964 1952; x_wconf 88' lang='lat' dir='ltr'>MSS.</span> 
     </span>
     <span class='ocr_line' id='line_1_72' title="bbox 1073 1961 1966 2023; baseline 0.002 -17"><span class='ocrx_word' id='word_1_385' title='bbox 1073 1962 1214 2020; x_wconf 87' lang='lat' dir='ltr'>Neap.</span> <span class='ocrx_word' id='word_1_386' title='bbox 1252 1964 1312 2017; x_wconf 87' lang='lat' dir='ltr'>[et</span> <span class='ocrx_word' id='word_1_387' title='bbox 1343 1962 1479 2004; x_wconf 70' lang='lat' dir='ltr'>Fan-n.</span> <span class='ocrx_word' id='word_1_388' title='bbox 1507 1962 1623 2018; x_wconf 88' lang='lat' dir='ltr'>apud</span> <span class='ocrx_word' id='word_1_389' title='bbox 1648 1961 1837 2019; x_wconf 80' lang='lat' dir='ltr'>Bekk.];</span> <span class='ocrx_word' id='word_1_390' title='bbox 1875 1965 1966 2023; x_wconf 74' lang='lat' dir='ltr'>pri-</span> 
     </span>
     <span class='ocr_line' id='line_1_73' title="bbox 1073 2018 1969 2076; baseline 0.003 -14"><span class='ocrx_word' id='word_1_391' title='bbox 1073 2037 1176 2063; x_wconf 82' lang='lat' dir='ltr'>mus</span> <span class='ocrx_word' id='word_1_392' title='bbox 1209 2018 1398 2062; x_wconf 82' lang='lat' dir='ltr'>correxit</span> <span class='ocrx_word' id='word_1_393' title='bbox 1421 2019 1594 2076; x_wconf 86' lang='lat' dir='ltr'>Lipsius</span> <span class='ocrx_word' id='word_1_394' title='bbox 1624 2037 1646 2063; x_wconf 91' lang='lat' dir='ltr'>e</span> <span class='ocrx_word' id='word_1_395' title='bbox 1668 2020 1805 2066; x_wconf 89' lang='lat' dir='ltr'>Farn.</span> <span class='ocrx_word' id='word_1_396' title='bbox 1834 2023 1969 2076; x_wconf 83' lang='lat' dir='ltr'>libro,</span> 
     </span>
     <span class='ocr_line' id='line_1_74' title="bbox 1076 2076 1966 2135; baseline 0.004 -16"><span class='ocrx_word' id='word_1_397' title='bbox 1076 2085 1124 2119; x_wconf 89' lang='lat' dir='ltr'>ut</span> <span class='ocrx_word' id='word_1_398' title='bbox 1158 2076 1359 2126; x_wconf 84' lang='lat' dir='ltr'>videtur,</span> <span class='ocrx_word' id='word_1_399' title='bbox 1396 2086 1590 2133; x_wconf 79' lang='lat' dir='ltr'>eumque</span> <span class='ocrx_word' id='word_1_400' title='bbox 1622 2087 1872 2135; x_wconf 84' lang='lat' dir='ltr'>sequuntur</span> <span class='ocrx_word' id='word_1_401' title='bbox 1894 2079 1966 2123; x_wconf 72' lang='lat' dir='ltr'>P}-</span> 
     </span>
     <span class='ocr_line' id='line_1_75' title="bbox 1074 2134 1966 2192; baseline 0.009 -19"><span class='ocrx_word' id='word_1_402' title='bbox 1074 2134 1193 2180; x_wconf 75' lang='lat' dir='ltr'>1hoe.</span> <span class='ocrx_word' id='word_1_403' title='bbox 1254 2134 1476 2192; x_wconf 79' lang='lat' dir='ltr'>Bernegg.</span> <span class='ocrx_word' id='word_1_404' title='bbox 1542 2134 1718 2178; x_wconf 85' lang='lat' dir='ltr'>Schulz.</span> <span class='ocrx_word' id='word_1_405' title='bbox 1777 2138 1966 2182; x_wconf 77' lang='lat' dir='ltr'>Seebod.</span> 
     </span>
     <span class='ocr_line' id='line_1_76' title="bbox 1074 2179 1979 2252; baseline 0.006 -17"><span class='ocrx_word' id='word_1_406' title='bbox 1074 2191 1221 2235; x_wconf 70' lang='lat' dir='ltr'>oren.</span> <span class='ocrx_word' id='word_1_407' title='bbox 1247 2237 1249 2239; x_wconf 70' lang='grc'><em>,</em></span> <span class='ocrx_word' id='word_1_408' title='bbox 1271 2191 1428 2245; x_wconf 71' lang='lat' dir='ltr'>[ssekk.</span> <span class='ocrx_word' id='word_1_409' title='bbox 1462 2191 1692 2235; x_wconf 72' lang='lat' dir='ltr'>Boemeh.</span> <span class='ocrx_word' id='word_1_410' title='bbox 1740 2179 1979 2252; x_wconf 70' lang='lat' dir='ltr'>Rupert.].&#39;</span> 
     </span>
     <span class='ocr_line' id='line_1_77' title="bbox 1072 2248 1968 2311; baseline 0.009 -22"><span class='ocrx_word' id='word_1_411' title='bbox 1072 2248 1344 2299; x_wconf 86' lang='lat' dir='ltr'>Verissime‚</span> <span class='ocrx_word' id='word_1_412' title='bbox 1383 2265 1485 2291; x_wconf 87' lang='lat' dir='ltr'>nam</span> <span class='ocrx_word' id='word_1_413' title='bbox 1509 2249 1804 2307; x_wconf 82' lang='lat' dir='ltr'>Vespasianus</span> <span class='ocrx_word' id='word_1_414' title='bbox 1839 2252 1968 2311; x_wconf 53' lang='lat' dir='ltr'>cogiz</span> 
     </span>
     <span class='ocr_line' id='line_1_78' title="bbox 1073 2295 1968 2363; baseline 0.004 -13"><span class='ocrx_word' id='word_1_415' title='bbox 1073 2306 1237 2350; x_wconf 88' lang='lat' dir='ltr'>tandus</span> <span class='ocrx_word' id='word_1_416' title='bbox 1279 2315 1344 2349; x_wconf 84' lang='lat' dir='ltr'>est</span> <span class='ocrx_word' id='word_1_417' title='bbox 1390 2307 1448 2348; x_wconf 92' lang='lat' dir='ltr'>ob</span> <span class='ocrx_word' id='word_1_418' title='bbox 1495 2306 1717 2363; x_wconf 65' lang='lat' dir='ltr'>insignem</span> <span class='ocrx_word' id='word_1_419' title='bbox 1759 2295 1968 2354; x_wconf 77' lang='lat' dir='ltr'>vi&#39;rorum</span> 
     </span>
     <span class='ocr_line' id='line_1_79' title="bbox 1075 2363 1967 2421; baseline 0.006 -16"><span class='ocrx_word' id='word_1_420' title='bbox 1075 2363 1318 2407; x_wconf 82' lang='lat' dir='ltr'>doctorum</span> <span class='ocrx_word' id='word_1_421' title='bbox 1350 2378 1550 2405; x_wconf 85' lang='lat' dir='ltr'>amorem</span> <span class='ocrx_word' id='word_1_422' title='bbox 1590 2363 1794 2421; x_wconf 87' lang='lat' dir='ltr'>pluribus</span> <span class='ocrx_word' id='word_1_423' title='bbox 1826 2383 1967 2410; x_wconf 79' lang='lat' dir='ltr'>exem-</span> 
     </span>
     <span class='ocr_line' id='line_1_80' title="bbox 1073 2420 1966 2477; baseline 0.007 -16"><span class='ocrx_word' id='word_1_424' title='bbox 1073 2420 1159 2477; x_wconf 89' lang='lat' dir='ltr'>plis</span> <span class='ocrx_word' id='word_1_425' title='bbox 1196 2427 1492 2465; x_wconf 85' lang='lat' dir='ltr'>contestatum</span> <span class='ocrx_word' id='word_1_426' title='bbox 1527 2436 1621 2463; x_wconf 88' lang='lat' dir='ltr'>non</span> <span class='ocrx_word' id='word_1_427' title='bbox 1653 2437 1782 2476; x_wconf 78' lang='lat' dir='ltr'>aegre</span> <span class='ocrx_word' id='word_1_428' title='bbox 1814 2423 1966 2469; x_wconf 82' lang='lat' dir='ltr'>ferens</span> 
     </span>
     <span class='ocr_line' id='line_1_81' title="bbox 1075 2476 1968 2527; baseline 0.003 -6"><span class='ocrx_word' id='word_1_429' title='bbox 1075 2476 1183 2521; x_wconf 83' lang='lat' dir='ltr'>tales</span> <span class='ocrx_word' id='word_1_430' title='bbox 1205 2492 1434 2520; x_wconf 88' lang='lat' dir='ltr'>sermones</span> <span class='ocrx_word' id='word_1_431' title='bbox 1457 2478 1511 2519; x_wconf 79' lang='lat' dir='ltr'>de</span> <span class='ocrx_word' id='word_1_432' title='bbox 1530 2478 1738 2521; x_wconf 82' lang='lat' dir='ltr'>virorum</span> <span class='ocrx_word' id='word_1_433' title='bbox 1757 2479 1968 2527; x_wconf 77' lang='lat' dir='ltr'>doctrina</span> 
     </span>
     <span class='ocr_line' id='line_1_82' title="bbox 1076 2533 1967 2588; baseline 0.008 -11"><span class='ocrx_word' id='word_1_434' title='bbox 1076 2533 1382 2577; x_wconf 84' lang='lat' dir='ltr'>excellentium</span> <span class='ocrx_word' id='word_1_435' title='bbox 1446 2536 1695 2578; x_wconf 87' lang='lat' dir='ltr'>raestantia.</span> <span class='ocrx_word' id='word_1_436' title='bbox 1770 2537 1967 2588; x_wconf 72' lang='lat' dir='ltr'>Prorsus</span> 
     </span>
     <span class='ocr_line' id='line_1_83' title="bbox 1074 2590 1965 2651; baseline 0.007 -18"><span class='ocrx_word' id='word_1_437' title='bbox 1074 2590 1309 2634; x_wconf 82' lang='lat' dir='ltr'>refutanda</span> <span class='ocrx_word' id='word_1_438' title='bbox 1351 2591 1403 2634; x_wconf 91' lang='lat' dir='ltr'>ed</span> <span class='ocrx_word' id='word_1_439' title='bbox 1443 2623 1453 2634; x_wconf 93' lang='lat'>.</span> <span class='ocrx_word' id='word_1_440' title='bbox 1489 2600 1577 2636; x_wconf 78' lang='lat' dir='ltr'>ant.</span> <span class='ocrx_word' id='word_1_441' title='bbox 1615 2593 1702 2636; x_wconf 87' lang='lat' dir='ltr'>scri</span> <span class='ocrx_word' id='word_1_442' title='bbox 1739 2601 1836 2638; x_wconf 89' lang='lat' dir='ltr'>tura</span> <span class='ocrx_word' id='word_1_443' title='bbox 1872 2611 1965 2651; x_wconf 84' lang='lat' dir='ltr'>pa-</span> 
     </span>
     <span class='ocr_line' id='line_1_84' title="bbox 1076 2642 2031 2707; baseline 0.007 -17"><span class='ocrx_word' id='word_1_444' title='bbox 1076 2649 1383 2691; x_wconf 79' lang='lat' dir='ltr'>tientissimus</span> <span class='ocrx_word' id='word_1_445' title='bbox 1406 2648 1506 2702; x_wconf 76' lang='lat' dir='ltr'>vir,</span> <span class='ocrx_word' id='word_1_446' title='bbox 1538 2665 1670 2707; x_wconf 84' lang='lat' dir='ltr'>quarn</span> <span class='ocrx_word' id='word_1_447' title='bbox 1733 2661 1870 2696; x_wconf 86' lang='lat' dir='ltr'>rnest.</span> <span class='ocrx_word' id='word_1_448' title='bbox 1892 2654 1966 2696; x_wconf 90' lang='lat' dir='ltr'>Bi·</span> <span class='ocrx_word' id='word_1_449' title='bbox 2030 2642 2031 2646; x_wconf 13' lang='grc' dir='ltr'><strong>Ἰ</strong></span> 
     </span>
     <span class='ocr_line' id='line_1_85' title="bbox 1075 2705 1965 2768; baseline 0.006 -20"><span class='ocrx_word' id='word_1_450' title='bbox 1075 2714 1204 2762; x_wconf 83' lang='lat' dir='ltr'>pont.</span> <span class='ocrx_word' id='word_1_451' title='bbox 1245 2705 1453 2748; x_wconf 82' lang='lat' dir='ltr'>Oberlin.</span> <span class='ocrx_word' id='word_1_452' title='bbox 1491 2705 1681 2751; x_wconf 87' lang='lat' dir='ltr'>Seebod.</span> <span class='ocrx_word' id='word_1_453' title='bbox 1725 2709 1813 2762; x_wconf 87' lang='lat' dir='ltr'>(ed.</span> <span class='ocrx_word' id='word_1_454' title='bbox 1858 2715 1965 2768; x_wconf 68' lang='lat' dir='ltr'>pn),</span> 
     </span>
     <span class='ocr_line' id='line_1_86' title="bbox 1075 2762 1965 2827; baseline 0.008 -22"><span class='ocrx_word' id='word_1_455' title='bbox 1075 2762 1253 2806; x_wconf 84' lang='lat' dir='ltr'>Drouk.</span> <span class='ocrx_word' id='word_1_456' title='bbox 1280 2772 1321 2805; x_wconf 89' lang='lat' dir='ltr'>et</span> <span class='ocrx_word' id='word_1_457' title='bbox 1338 2763 1508 2806; x_wconf 87' lang='lat' dir='ltr'>Osann.</span> <span class='ocrx_word' id='word_1_458' title='bbox 1532 2775 1830 2819; x_wconf 71' lang='lat' dir='ltr'>revocarunt,</span> <span class='ocrx_word' id='word_1_459' title='bbox 1861 2769 1965 2827; x_wconf 66' lang='lat' dir='ltr'>quia</span> 
     </span>
     <span class='ocr_line' id='line_1_87' title="bbox 1073 2820 1965 2884; baseline 0.008 -22"><span class='ocrx_word' id='word_1_460' title='bbox 1073 2823 1264 2875; x_wconf 81' lang='lat' dir='ltr'>patiens</span> <span class='ocrx_word' id='word_1_461' title='bbox 1285 2820 1486 2863; x_wconf 86' lang='lat' dir='ltr'>absolute</span> <span class='ocrx_word' id='word_1_462' title='bbox 1505 2820 1578 2866; x_wconf 57' lang='lat' dir='ltr'>&#39;sic</span> <span class='ocrx_word' id='word_1_463' title='bbox 1601 2821 1689 2865; x_wconf 86' lang='lat' dir='ltr'>dici</span> <span class='ocrx_word' id='word_1_464' title='bbox 1714 2839 1842 2880; x_wconf 88' lang='lat' dir='ltr'>posse</span> <span class='ocrx_word' id='word_1_465' title='bbox 1867 2843 1965 2884; x_wconf 79' lang='lat' dir='ltr'>per·</span> 
     </span>
     <span class='ocr_line' id='line_1_88' title="bbox 1075 2877 1967 2926; baseline 0.007 -5"><span class='ocrx_word' id='word_1_466' title='bbox 1075 2894 1253 2921; x_wconf 89' lang='lat' dir='ltr'>suasum</span> <span class='ocrx_word' id='word_1_467' title='bbox 1278 2877 1515 2924; x_wconf 81' lang='lat' dir='ltr'>habebant.</span> <span class='ocrx_word' id='word_1_468' title='bbox 1574 2879 1806 2924; x_wconf 82' lang='lat' dir='ltr'>Acidalius</span> <span class='ocrx_word' id='word_1_469' title='bbox 1830 2883 1967 2926; x_wconf 86' lang='lat' dir='ltr'>conii·</span> 
     </span>
     <span class='ocr_line' id='line_1_89' title="bbox 1077 2935 1966 2990; baseline 0.006 -11"><span class='ocrx_word' id='word_1_470' title='bbox 1077 2935 1221 2979; x_wconf 86' lang='lat' dir='ltr'>ciebat</span> <span class='ocrx_word' id='word_1_471' title='bbox 1242 2937 1613 2987; x_wconf 62' lang='lat' dir='ltr'>sapiemzzesimus</span> <span class='ocrx_word' id='word_1_472' title='bbox 1633 2938 1706 2978; x_wconf 81' lang='lat' dir='ltr'>vir</span> <span class='ocrx_word' id='word_1_473' title='bbox 1717 2956 1732 2990; x_wconf 90' lang='grc'>,·</span> <span class='ocrx_word' id='word_1_474' title='bbox 1757 2938 1966 2984; x_wconf 81' lang='lat' dir='ltr'>Heinsius</span> 
     </span>
     <span class='ocr_line' id='line_1_90' title="bbox 1077 2992 1967 3093; baseline 0.008 -59"><span class='ocrx_word' id='word_1_475' title='bbox 1077 3009 1161 3093; x_wconf 69' lang='lat' dir='ltr'>pro</span> <span class='ocrx_word' id='word_1_476' title='bbox 1187 2992 1441 3050; x_wconf 23' lang='lat' dir='ltr'>corrige-ndi</span> <span class='ocrx_word' id='word_1_477' title='bbox 1469 2993 1698 3051; x_wconf 80' lang='lat' dir='ltr'>prurigine</span> <span class='ocrx_word' id='word_1_478' title='bbox 1735 3012 1967 3054; x_wconf 85' lang='lat' dir='ltr'>propone-</span> 
     </span>
    </p>

    <p class='ocr_par' dir='ltr' id='par_1_8' title="bbox 1077 3049 1968 3512">
     <span class='ocr_line' id='line_1_91' title="bbox 1110 3049 1966 3102; baseline 0.007 -9"><span class='ocrx_word' id='word_1_479' title='bbox 1110 3058 1153 3093; x_wconf 88' lang='lat' dir='ltr'>at</span> <span class='ocrx_word' id='word_1_480' title='bbox 1183 3049 1254 3094; x_wconf 84' lang='lat' dir='ltr'>vel</span> <span class='ocrx_word' id='word_1_481' title='bbox 1284 3052 1396 3102; x_wconf 75' lang='lat' dir='ltr'>paci</span> <span class='ocrx_word' id='word_1_482' title='bbox 1420 3051 1751 3095; x_wconf 60' lang='lat' dir='ltr'>amentissimus</span> <span class='ocrx_word' id='word_1_483' title='bbox 1786 3057 1858 3096; x_wconf 73' lang='lat' dir='ltr'>vir</span> <span class='ocrx_word' id='word_1_484' title='bbox 1894 3055 1966 3099; x_wconf 91' lang='lat' dir='ltr'>vel</span> 
     </span>
     <span class='ocr_line' id='line_1_92' title="bbox 1077 3108 1965 3154; baseline 0.005 -4"><span class='ocrx_word' id='word_1_485' title='bbox 1077 3108 1422 3150; x_wconf 50' lang='lat' dir='ltr'>attentissimus</span> <span class='ocrx_word' id='word_1_486' title='bbox 1461 3109 1556 3150; x_wconf 74' lang='lat' dir='ltr'>iuri</span> <span class='ocrx_word' id='word_1_487' title='bbox 1590 3109 1662 3151; x_wconf 87' lang='lat' dir='ltr'>vel</span> <span class='ocrx_word' id='word_1_488' title='bbox 1701 3114 1965 3154; x_wconf 78' lang='lat' dir='ltr'>attentissi-</span> 
     </span>
     <span class='ocr_line' id='line_1_93' title="bbox 1078 3163 1968 3224; baseline 0.01 -20"><span class='ocrx_word' id='word_1_489' title='bbox 1078 3179 1188 3208; x_wconf 80' lang='lat' dir='ltr'>mus</span> <span class='ocrx_word' id='word_1_490' title='bbox 1205 3180 1254 3220; x_wconf 83' lang='grc' dir='ltr'>ρ.</span> <span class='ocrx_word' id='word_1_491' title='bbox 1290 3163 1338 3218; x_wconf 85' lang='lat' dir='ltr'>(i.</span> <span class='ocrx_word' id='word_1_492' title='bbox 1363 3180 1401 3207; x_wconf 87' lang='lat' dir='ltr'>e.</span> <span class='ocrx_word' id='word_1_493' title='bbox 1425 3166 1661 3219; x_wconf 76' lang='lat' dir='ltr'>publicae)</span> <span class='ocrx_word' id='word_1_494' title='bbox 1693 3168 1763 3210; x_wconf 81' lang='lat' dir='ltr'>rei</span> <span class='ocrx_word' id='word_1_495' title='bbox 1783 3170 1852 3214; x_wconf 83' lang='lat' dir='ltr'>vel</span> <span class='ocrx_word' id='word_1_496' title='bbox 1871 3186 1968 3224; x_wconf 77' lang='lat' dir='ltr'>pa-</span> 
     </span>
     <span class='ocr_line' id='line_1_94' title="bbox 1079 3222 1966 3271; baseline 0.007 -7"><span class='ocrx_word' id='word_1_497' title='bbox 1079 3224 1198 3264; x_wconf 82' lang='lat' dir='ltr'>triae</span> <span class='ocrx_word' id='word_1_498' title='bbox 1235 3222 1583 3265; x_wconf 81' lang='lat' dir='ltr'>attentissimus&#39;</span> <span class='ocrx_word' id='word_1_499' title='bbox 1609 3225 1694 3267; x_wconf 77' lang='lat' dir='ltr'>rei.</span> <span class='ocrx_word' id='word_1_500' title='bbox 1750 3248 1805 3257; x_wconf 91' lang='lat'>—</span> <span class='ocrx_word' id='word_1_501' title='bbox 1872 3225 1966 3271; x_wconf 88' lang='lat' dir='ltr'>Pro</span> 
     </span>
     <span class='ocr_line' id='line_1_95' title="bbox 1080 3279 1965 3331; baseline 0.007 -9"><span class='ocrx_word' id='word_1_502' title='bbox 1080 3280 1400 3331; x_wconf 76' lang='lat' dir='ltr'>Vespasianus</span> <span class='ocrx_word' id='word_1_503' title='bbox 1436 3279 1484 3322; x_wconf 86' lang='lat' dir='ltr'>in</span> <span class='ocrx_word' id='word_1_504' title='bbox 1530 3280 1600 3323; x_wconf 88' lang='lat' dir='ltr'>ed.</span> <span class='ocrx_word' id='word_1_505' title='bbox 1635 3279 1738 3324; x_wconf 87' lang='lat' dir='ltr'>Put.</span> <span class='ocrx_word' id='word_1_506' title='bbox 1771 3281 1816 3325; x_wconf 90' lang='lat' dir='ltr'>b.</span> <span class='ocrx_word' id='word_1_507' title='bbox 1852 3281 1883 3328; x_wconf 85' lang='lat' dir='ltr'>l.</span> <span class='ocrx_word' id='word_1_508' title='bbox 1919 3293 1965 3328; x_wconf 78' lang='lat' dir='ltr'>et</span> 
     </span>
     <span class='ocr_line' id='line_1_96' title="bbox 1079 3336 1963 3394; baseline 0.003 -14"><span class='ocrx_word' id='word_1_509' title='bbox 1079 3353 1120 3381; x_wconf 90' lang='lat' dir='ltr'>c.</span> <span class='ocrx_word' id='word_1_510' title='bbox 1155 3337 1198 3379; x_wconf 87' lang='lat'>9.</span> <span class='ocrx_word' id='word_1_511' title='bbox 1230 3336 1305 3380; x_wconf 85' lang='lat'>17.</span> <span class='ocrx_word' id='word_1_512' title='bbox 1338 3336 1527 3394; x_wconf 84' lang='lat' dir='ltr'>legimus</span> <span class='ocrx_word' id='word_1_513' title='bbox 1560 3338 1872 3390; x_wconf 66' lang='lat' dir='ltr'>Vespasianus</span> <span class='ocrx_word' id='word_1_514' title='bbox 1902 3365 1963 3375; x_wconf 87' lang='lat'>—-</span> 
     </span>
     <span class='ocr_line' id='line_1_97' title="bbox 1077 3393 1963 3453; baseline 0.003 -17"><span class='ocrx_word' id='word_1_515' title='bbox 1077 3403 1303 3452; x_wconf 86' lang='lat' dir='ltr'>praeterea</span> <span class='ocrx_word' id='word_1_516' title='bbox 1329 3393 1464 3437; x_wconf 76' lang='lat' dir='ltr'>MSS.</span> <span class='ocrx_word' id='word_1_517' title='bbox 1483 3393 1621 3451; x_wconf 89' lang='lat' dir='ltr'>Neap.</span> <span class='ocrx_word' id='word_1_518' title='bbox 1648 3397 1710 3446; x_wconf 89' lang='lat' dir='ltr'>[et</span> <span class='ocrx_word' id='word_1_519' title='bbox 1735 3396 1889 3453; x_wconf 88' lang='lat' dir='ltr'>Farn.]</span> <span class='ocrx_word' id='word_1_520' title='bbox 1915 3406 1963 3443; x_wconf 70' lang='lat' dir='ltr'>et</span> 
     </span>
     <span class='ocr_line' id='line_1_98' title="bbox 1077 3449 1837 3512; baseline 0.003 -17"><span class='ocrx_word' id='word_1_521' title='bbox 1077 3459 1251 3495; x_wconf 81' lang='lat' dir='ltr'>ceteros</span> <span class='ocrx_word' id='word_1_522' title='bbox 1272 3449 1476 3496; x_wconf 82' lang='lat' dir='ltr'>exhibent</span> <span class='ocrx_word' id='word_1_523' title='bbox 1500 3467 1603 3496; x_wconf 90' lang='lat' dir='ltr'>cum</span> <span class='ocrx_word' id='word_1_524' title='bbox 1625 3451 1695 3495; x_wconf 89' lang='lat' dir='ltr'>ed.</span> <span class='ocrx_word' id='word_1_525' title='bbox 1719 3452 1837 3512; x_wconf 85' lang='lat' dir='ltr'>Spir.</span> 
     </span>
    </p>
   </div>
   <div class='ocr_carea' id='block_1_7' title="bbox 1132 3533 1962 3596">
    <p class='ocr_par' dir='ltr' id='par_1_9' title="bbox 1132 3533 1962 3596">
     <span class='ocr_line' id='line_1_99' title="bbox 1132 3533 1962 3596; baseline 0.006 -19"><span class='ocrx_word' id='word_1_526' title='bbox 1132 3533 1193 3577; x_wconf 80' lang='lat' dir='ltr'>iis</span> <span class='ocrx_word' id='word_1_527' title='bbox 1222 3534 1321 3578; x_wconf 82' lang='lat' dir='ltr'>niti.</span> <span class='ocrx_word' id='word_1_528' title='bbox 1385 3533 1566 3578; x_wconf 88' lang='lat' dir='ltr'>Inverso</span> <span class='ocrx_word' id='word_1_529' title='bbox 1598 3534 1757 3580; x_wconf 83' lang='lat' dir='ltr'>ordine</span> <span class='ocrx_word' id='word_1_530' title='bbox 1786 3538 1962 3596; x_wconf 75' lang='lat' dir='ltr'>scripsi·</span> 
     </span>
    </p>
   </div>
   <div class='ocr_carea' id='block_1_8' title="bbox 1077 3590 1961 3649">
    <p class='ocr_par' dir='ltr' id='par_1_10' title="bbox 1077 3590 1961 3649">
     <span class='ocr_line' id='line_1_100' title="bbox 1077 3590 1961 3649; baseline 0.006 -13"><span class='ocrx_word' id='word_1_531' title='bbox 1077 3607 1176 3636; x_wconf 79' lang='lat' dir='ltr'>mus</span> <span class='ocrx_word' id='word_1_532' title='bbox 1220 3590 1329 3638; x_wconf 82' lang='lat' dir='ltr'>haee</span> <span class='ocrx_word' id='word_1_533' title='bbox 1370 3607 1394 3635; x_wconf 85' lang='lat' dir='ltr'>e</span> <span class='ocrx_word' id='word_1_534' title='bbox 1437 3592 1538 3636; x_wconf 85' lang='lat' dir='ltr'>MS.</span> <span class='ocrx_word' id='word_1_535' title='bbox 1577 3591 1717 3649; x_wconf 78' lang='lat' dir='ltr'>Neap.</span> <span class='ocrx_word' id='word_1_536' title='bbox 1755 3616 1813 3627; x_wconf 89' lang='lat'>—</span> <span class='ocrx_word' id='word_1_537' title='bbox 1857 3595 1961 3641; x_wconf 83' lang='lat' dir='ltr'>edd.</span> 
     </span>
    </p>
   </div>
  </div>
 </body>
</html>
