2150 4022
220 235 343 295 178
439 234 681 300 IULII
725 233 1047 297 AGRIC.
1086 237 1334 302 'VITA
1372 241 1583 309 CAP.
1612 249 1714 312 m.
1748 251 1852 312 31.

218 365 524 440 „locuples
546 360 742 421 hostis
781 375 892 435 est‚
934 368 1124 440 avari3
1171 369 1224 427 si
1263 392 1515 449 pauper,
1556 377 1882 440 ambitiosi:
1922 401 2076 458 quos

216 471 388 521 „non
425 446 678 518 Oriens,
728 469 854 506 non
894 447 1193 512 Occidens
1239 458 1556 524 satiaveriu
1653 465 1769 522 soli·
1802 467 2074 524 omnium

216 555 404 610 „opes
443 547 617 611 atque
662 533 925 610 inopiam
971 541 1104 612 pari
1151 541 1383 601 adfectu
1426 548 1867 623 concupiscunt.
1966 570 2075 611 au-

216 622 441 691 „ferre,
478 620 801 690 trucidare,
843 642 1079 696 rapere,
1142 626 1305 683 falsis
1359 631 1706 691 nominibus
1754 634 2074 712 imperium

212 717 461 782 „atque‚
507 706 614 763 ubi
642 706 1024 782 solitudinem
1052 711 1309 787 faciunt,
1350 735 1554 789 pacem
1583 720 1903 794 appellant.

384 831 607 890 XXXI.
693 833 990 904 „Liberos
1031 837 1243 915 cuique
1288 863 1353 899 ac
1387 845 1756 923 propinquos
1791 869 1926 905 suos
1963 870 2073 907 na-

207 931 387 989 „tum
417 919 744 975 carissimos
770 940 890 975 esse
918 922 1126 978 voluit.
1212 922 1279 981 hi
1308 948 1413 1002 per
1439 932 1726 1002 delectuS‚
1769 934 1914 991 alibi
1950 955 2071 992 ser-

210 1004 469 1075 „vituri,
514 1005 888 1086 auferuntur;
934 1008 1213 1082 coniuges
1239 1030 1616 1092 sororesque,
1661 1019 1770 1076 etsi
1791 1014 2071 1083 hostilem

209 1090 571 1159 „libidinem
599 1090 911 1164 effligiant,
947 1095 1193 1151 nomine
1219 1099 1543 1156 amicorum
1569 1113 1742 1180 atque
1765 1100 2070 1185 hospitum

206 1176 622 1250 „polluuntur⁸
730 1173 899 1232 Bona
939 1177 1328 1259 fortunaeque
1361 1184 1424 1240 in
1456 1187 1749 1245 tributum
1786 1187 2071 1264 aggerata,

206 1288 240 1331 3,
255 1281 446 1318 annus
479 1262 545 1317 in
579 1262 962 1318 frumentum.
1063 1286 1310 1343 corpora
1351 1269 1476 1346 ipsa
1525 1293 1591 1329 ac
1641 1294 1855 1332 manus
1906 1276 2068 1332 silvis

202 1501 303 1537 ante
335 1493 602 1537 Rhenanam
635 1495 850 1551 defuere:
894 1505 1094 1553 terram,
1166 1503 1229 1557 si,
1263 1503 1387 1561 quod
1409 1515 1682 1564 receperunt
1698 1508 2063 1557 Becker-‚etHer-

198 1553 325 1609 quod
361 1551 603 1595 Rhenanus
646 1552 903 1599 felicissima
938 1572 1097 1599 corre·
1166 1561 1310 1603 telius.
1788 1578 1790 1581 ·

199 1609 351 1654 ctione
391 1610 646 1656 emendavit
679 1611 726 1654 in
768 1612 960 1668 defuere
997 1622 1094 1657 ter·
1225 1618 2064 1682 bonafortunaequeintrffitumag·

198 1681 302 1711 rae·

254 1750 504 1795 ambitiosi.
580 1750 652 1797 Cf.
689 1751 777 1796 An.
812 1753 854 1802 3,
879 1753 947 1797 13.
983 1771 1091 1798 am-

194 1805 360 1878 bitiose
399 1824 634 1866 avareque
669 1813 877 1854 habitam
913 1812 1093 1867 Hispa-

193 1881 345 1910 '2107ss-

248 1966 344 2008 soli
364 1968 571 2010 omnium
588 1983 695 2022 opes
711 1970 1091 2026 atque‘inopz‘am.

191 2022 268 2066 Sic
285 2023 386 2067 edd.
398 2024 496 2068 Riv.
512 2025 654 2068 Rhen.
668 2042 764 2084 sqq.
780 2050 833 2059 -
864 2026 977 2069 Edd.
990 2027 1095 2069 Put.

193 2083 354 2124 venet.
389 2081 603 2126 Beroald.
629 2084 729 2128 Ale.
763 2086 855 2128 soli
880 2085 1092 2126 omnium

193 2146 330 2194 atque
362 2154 476 2193 opes
508 2142 733 2194 inopiam.
810 2141 881 2184 Ad
915 2151 1090 2185 senten-

189 2197 295 2239 tiam
318 2195 548 2254 adpositus
571 2206 634 2240 est
661 2198 787 2242 locus
802 2197 992 2242 Sall.fra
1031 2216 1090 2244 m.

188 2253 302 2297 Hist.
318 2254 360 2306 4,
381 2254 449 2296 15.
475 2256 520 2297 in
551 2255 736 2313 epistola
751 2272 773 2299 a
792 2271 896 2312 rege
911 2256 997 2298 Mit
1015 2257 1089 2299 1ri·

188 2311 294 2356 date
344 2310 515 2369 scripta
552 2312 610 2356 ad
656 2329 807 2371 regem
845 2314 1086 2358 Arsacem:

186 2369 424 2412 Romanis
441 2383 544 2412 cum
567 2373 861 2419 nationibus,
885 2375 1087 2427 populz‘s,

185 2426 374 2482 regibus
414 2428 592 2471 cunctis
636 2441 736 2470 una
776 2435 823 2470 et
864 2443 920 2470 ea
955 2437 1087 2473 vetus

186 2499 332 2526 causa
378 2483 588 2526 bellandi
629 2491 724 2541 est,
769 2487 935 2540 cupido
965 2503 1084 2542 pro-

172 2541 338 2596 funda
382 2541 575 2595 imperii
611 2549 655 2585 et
696 2545 986 2589 diuitiarum.
1026 2569 1084 2578 —

184 2601 263 2642 An
294 2599 487 2651 ignoras
520 2601 788 2652 Romanos,
825 2610 1082 2658 postquam

182 2659 249 2698 ad
285 2655 585 2700 Occidentem
607 2660 908 2713 'pergentibus
927 2660 1082 2715 finem

187 2712 401 2756 Oceanus
413 2715 554 2771 fecit,
600 2730 744 2759 arma
772 2718 861 2759 huc
886 2732 1080 2761 conver-

183 2772 332 2814 tisse?
385 2785 532 2828 neque
565 2775 812 2829 quicquam
844 2790 874 2816 a
898 2776 1079 2828 princi·

176 2828 256 2882 pio
286 2828 382 2870 nisi
410 2838 601 2883 raptum
629 2833 830 2887 habere,
864 2835 1077 2888 domum,

181 2886 413 2941 manages,
447 2902 633 2943 agrum,
663 2889 942 2944 imperium?
975 2907 1078 2934 con·

179 2956 323 2985 venas
355 2944 469 2985 olim
503 2947 604 2987 Sine
635 2947 821 2999 patria,
850 2949 956 2993 sine
981 2964 1073 3004 pa-

181 3000 413 3055 rentibus,
441 3010 570 3055 peste
599 3005 806 3046 conditos
830 3006 956 3048 orbis
981 3014 1074 3049 ter-

178 3071 373 3100 rarum:
408 3060 572 3114 quibus
601 3075 696 3101 non
730 3063 943 3106 humana
976 3066 1074 3106 ulla

102 3124 109 3135 '·
178 3128 327 3171 neque
348 3115 510 3158 divina
530 3118 732 3172 obstant,
768 3121 880 3175 quin
908 3124 1071 3177 socios,

177 3173 385 3228 amieos,
431 3176 602 3228 procul
635 3175 774 3217 iuxta
810 3180 948 3234 sitos,
995 3182 1072 3223 in-

179 3244 292 3284 opes
329 3237 634 3286 potentesque
665 3235 867 3276 trahant
881 3268 893 3290 ‚
943 3239 1071 3278 exci-

176 3291 310 3339 dant.
383 3289 637 3343 omniaque
686 3303 782 3330 non
837 3306 976 3335 serva
1026 3304 1072 3339 et

174 3357 406 3388 maxume
426 3359 578 3399 regna
597 3348 785 3388 hostilia
807 3353 991 3397 ducant.

230 3444 343 3488 CAP.
364 3443 435 3488 31.
484 3447 574 3488 etsi*
593 3447 822 3490 hostilem.
866 3449 941 3494 Sic
964 3452 1064 3496 edd.

171 3499 345 3546 Ernest.
374 3519 498 3562 sqq.;
540 3514 665 3547 antea
697 3506 909 3548 edebatur
942 3518 986 3550 et
1021 3512 1071 3552 si

168 3561 414 3609 hostiumn
450 3563 494 3604 in
517 3560 615 3605 MS.
628 3561 726 3605 Vat.
745 3561 871 3606 3429.
897 3569 1059 3608 etimn-

1167 1683 1358 1730 gerata,
1432 1692 1590 1722 annus
1642 1681 1694 1722 in
1735 1681 2061 1737 frumentum.

1168 1734 1271 1776 MS.
1287 1732 1432 1778 Vatic.
1451 1734 1577 1779 3429.
1605 1737 1782 1783 Broter.
1809 1749 1916 1784 teste
1937 1744 2063 1787 bona

1153 1791 1389 1846 fortunae
1408 1808 1528 1847 quae
1550 1795 1602 1835 in
1625 1797 1892 1840 tributuma
1921 1810 2063 1854 gerat

1165 1850 1355 1891 animus
1366 1851 1412 1891 in
1421 1851 1739 1910 frumentum,
1764 1863 1872 1899 teste
1902 1856 2061 1906 Jronk.

1165 1908 1286 1947 bona
1316 1907 1551 1962 fortunae
1593 1924 1710 1965 quae
1753 1913 1820 1967 (in
1857 1915 2060 1973 margine

1163 1967 1358 2019 quoque)
1397 1966 1446 2007 in
1491 1967 1721 2010 tributum
1759 1979 1928 2024 agerat
1964 1975 2057 2028 (ed.

1165 2020 1267 2066 Alc.
1308 2029 1488 2076 egerat)
1527 2039 1709 2070 annus:
1761 2028 1812 2070 in
1833 2029 2058 2084 frumen-

1165 2086 1292 2129 tum,·
1339 2095 1452 2136 quae
1509 2097 1647 2138 quum
1704 2094 1917 2144 corrupta
1969 2089 2058 2134 sint

1163 2145 1336 2192 aperte,
1380 2136 1621 2182 Rhenanus
1654 2143 1903 2187 emendavit
1933 2147 2058 2192 bona

1148 2192 1476 2249 fortunasque
1505 2197 1552 2237 in
1587 2198 1816 2242 tributum
1844 2213 2051 2262 egerunt,

1162 2251 1212 2292 in
1254 2263 1498 2294 annonam
1529 2254 1860 2314 frumentum,
1917 2276 2054 2318 quem

1160 2307 1287 2352 verbi
1310 2324 1496 2362 egerere
1512 2327 1642 2355 usum
1663 2312 1944 2363 illustrarunt
1964 2320 2056 2378 ple·

1160 2364 1287 2423 rique
1329 2366 1521 2421 Quintil.
1569 2369 1758 2414 declam.
1795 2374 1935 2423 5317.
1974 2392 2056 2422 cut·

1155 2425 1203 2464 in
1237 2426 1487 2480 exsequias
1517 2434 1641 2471 totos
1674 2439 1838 2484 egerat
1868 2447 2050 2492 censue,

1157 2479 1236 2523 ubi
1282 2491 1597 2535 consumtum,
1647 2487 1702 2530 ad
1742 2487 1932 2534 nihilum
1973 2507 2051 2536 re-

1156 2537 1336 2581 dactum
1364 2555 1549 2583 censum
1580 2543 1730 2587 notari
1764 2545 1919 2590 docuit
1944 2565 2049 2594 curn

1154 2595 1335 2638 Barlhio
1408 2597 1712 2644 Burmannus.
1842 2603 2049 2651 Rhenmi

1154 2653 1516 2696 emendationem
1560 2671 1717 2701 omnes
1760 2658 1858 2703 fere
1899 2663 2046 2708 edito-

1152 2725 1224 2752 res
1279 2711 1462 2768 amplexi
1515 2723 1644 2765 sunu
1711 2715 1870 2761 offensi
1923 2736 2045 2765 non·

1151 2767 1289 2816 nulli,
1322 2777 1364 2810 et
1399 2768 1583 2825 quidem
1609 2771 1772 2817 iniuria
1800 2774 2046 2831 Ernesti-is,

1149 2823 1195 2866 in
1222 2839 1444 2868 annonae
1475 2827 1683 2872 vocabuli
1717 2846 1817 2875 usu.
1888 2833 2045 2891 Quare

1150 2880 1402 2925 Walchius
1424 2883 1471 2924 in
1494 2887 1731 2932 emendatt.
1756 2888 1852 2935 Liv.
1879 2907 1923 2950 p.
1947 2895 2044 2942 107.

1149 2938 1370 2982 coniecit:
1403 2954 1554 2985 annos
1572 2945 1621 2984 in
1631 2945 1954 3008 frumentum,
1978 2952 2044 2998 id·
2058 2980 2068 2986 -

1147 3011 1232 3053 que
1286 2996 1332 3038 in
1385 3013 1508 3041 suam
1555 3001 1798 3047 editionem
1854 3010 2041 3069 recepit.

1148 3052 1234 3097 Sed
1259 3053 1449 3097 nimium
1475 3057 1518 3099 id
1547 3072 1569 3099 a
1596 3057 1818 3105 librorum
1842 3065 2042 3111 testimo·

1146 3110 1230 3154 niis
1255 3113 1447 3163 recedit·,
1476 3129 1614 3172 quare
1627 3116 1955 3167 Doederleinio
1966 3140 2041 3168 au·

1145 3177 1270 3212 ctore
1301 3184 1323 3210 a
1343 3168 1520 3214 Dronk.
1542 3173 1729 3219 Becker.
1752 3175 1920 3224 Hes-tel.
1946 3182 2039 3226 edi·

1143 3235 1238 3269 tum
1266 3234 1330 3268 est
1344 3228 1466 3270 bona
1479 3229 1800 3290 fortunasque
1820 3237 1870 3278 in
1896 3240 2037 3282 tribu·
2069 3287 2071 3290 ,

1145 3292 1243 3324 tum
1266 3295 1519 3342 aggerant,
1557 3304 1734 3332 annum
1758 3293 1806 3333 in
1817 3293 2036 3347 frumen-

1142 3349 1269 3391 tum‚·
1313 3342 1523 3387 audacius
1557 3362 1668 3389 vero
1695 3347 2036 3399 Wohmannus

1139 3396 1354 3440 correxitt
1399 3402 1520 3444 bona
1539 3403 1778 3458 fortunae
1816 3408 1864 3449 1⁰12
1893 3412 2037 3455 tribu·

1136 3461 1239 3496 tum
1253 3475 1268 3507 ;
1297 3469 1416 3510 quae
1435 3471 1635 3514 aggerat
1660 3460 1829 3519 annus,
1855 3468 1904 3510 in
1921 3468 2032 3523 fru-

1134 3520 1370 3568 mentum,
1404 3531 1604 3570 corpora
1636 3523 1740 3573 17³⁸ss
1766 3528 1851 3567 ete.
1908 3527 2034 3575 Nihil

1131 3569 1324 3622 sufficit3
1380 3575 1431 3615 ad
1465 3574 1665 3621 Vaticani
1702 3575 1803 3621 libri
1841 3583 2029 3642 scriptu.
