2150 4022
429 217 590 300 ‘DE
634 234 1171 326 GERMAMA.
1212 239 1421 332 (CAP.
1454 242 1512 300 6.
1547 242 1604 301 7.
1846 245 1964 302 =23

97 391 273 445 nemo
303 371 598 449 posterior
634 370 726 426 sit.
812 366 886 424 In
925 359 1271 424 universum
1316 370 1649 434 aestimanti
1687 371 1821 445 plus
1857 392 1961 446 pe-

95 480 200 518 nes
234 457 495 534 peditem
539 453 798 512 roboris:
875 472 1058 529 eoque
1105 453 1277 510 mixti
1324 455 1694 529 proeliantur
1732 460 1864 529 apta
1902 469 1960 515 et

95 547 454 618 congruente
505 541 579 597 ad
629 549 962 616 equestrem
995 555 1257 612 pugnam
1306 540 1610 597 velocitate
1671 540 1958 614 peditum,

63 692 65 697 2
92 649 240 708 quos
266 648 332 684 ex
358 625 523 684 omni
548 625 852 698 iuventute
877 622 1133 679 delectos
1159 633 1296 679 ante
1322 624 1505 679 aciem
1533 626 1749 684 locant.
1834 623 1958 682 De-‘

90 715 296 772 finitur
323 723 379 768 et
406 729 709 768 numerus.
797 706 1031 765 centeni
1070 727 1137 762 ex
1177 708 1424 780 singulis
1452 710 1616 783 pagis
1653 722 1818 767 sunt:
1861 710 1961 786 id-R

89 799 438 876 queipsum
477 796 633 853 inter
661 813 798 850 suos
822 803 1134 849 vocantur:
1181 803 1237 849 et
1263 794 1423 868 quod
1447 796 1639 867 primo
1671 815 1952 852 numerus

87 885 230 953 fuit,
270 883 387 938 iam
419 896 641 936 nomen
681 890 736 935 et
768 875 962 934 honor
989 888 1088 935 est.
1176 873 1350 933 Acies
1385 898 1491 952 per
1533 899 1749 936 cuneos
1789 901 1950 937 com-

87 969 347 1044 ponitur.
443 964 666 1024 Cedere
700 964 877 1033 joc0‚
932 963 1255 1018 dummodo
1298 981 1501 1019 rursus
1524 964 1750 1036 ,instem
1807 966 1951 1021 c'on-

89 1055 210 1110 silii
261 1072 437 1129 quam
484 1049 821 1108 formidinis
871 1047 1253 1107 arbitrantur.
1377 1045 1641 1122 Corpora
1708 1070 1951 1106 suorum

44 1192 51 1194 ,
88 1139 266 1196 etiam
315 1138 380 1192 in
429 1135 627 1192 dubiis
679 1133 921 1208 proeliis
973 1133 1250 1190 referunt.
1352 1144 1594 1188 scutum
1642 1135 1948 1211 reliquisse

87 1224 470 1299 praecipuum
503 1219 807 1293 flagitium.
895 1237 1003 1272 nec
1034 1228 1137 1273 aut
1163 1217 1350 1273 ‘sacris
1385 1219 1618 1287 adesse,
1657 1230 1759 1276 aut
1803 1240 1945 1283 con—
1978 1294 1980 1297 Ι

90 1309 293 1364 cilium
321 1306 474 1361 inire
501 1303 896 1378 ignominioso
925 1303 1029 1358 fas.
1115 1303 1407 1379 multique
1442 1304 1780 1378 superstites
1813 1305 1944 1361 hel-

88 1393 290 1450 lorum
313 1390 621 1446 infamiam
649 1389 862 1464 laqueo
894 1387 1191 1447 finierunt.

256 1473 392 1536 VII.
476 1472 668 1548 Reges
711 1472 1155 1541 exnobilitate,
1226 1474 1403 1528 duces
1457 1492 1525 1528 ex
1576 1473 1792 1531 virtute
1843 1493 1943 1531 su·-

87 1573 277 1622 munt.
401 1579 510 1617 nec
558 1559 795 1633 regibus
845 1557 1075 1614 infinita
1122 1567 1224 1613 aut
1280 1557 1466 1613 libera
1506 1569 1796 1632 potestas:
1837 1592 1845 1615 ι
1884 1559 1941 1617 et

88 1787 219 1832 traxit
269 1802 292 1830 e
341 1783 611 1843 compendio
652 1783 815 1826 macto.
897 1783 978 1826 111-
1049 1783 1103 1826 ad
1137 1784 1226 1826 An.
1248 1781 1289 1831 3,
1315 1782 1383 1827 17.
1453 1782 1570 1825 Nam
1600 1784 1816 1826 sententia
1846 1792 1938 1828 est:

88 1844 266 1902 telliget
327 1840 566 1885 Germanis
618 1841 864 1898 equitibus,
926 1848 977 1883 ut
1047 1842 1343 1883 arbitrantur
1368 1841 1566 1892 consilii,
1598 1855 1694 1882 non
1711 1842 1941 1896 sot-midi-

62 1909 433 1951 *convertantum
479 1913 573 1941 non
607 1899 671 1942 uti
711 1913 849 1956 gyro,
898 1896 973 1939 sed
1046 1900 1134 1941 nis.
1230 1897 1397 1940 Addito
1444 1899 1597 1952 magis
1640 1898 1838 1941 diceres:
1892 1909 1938 1943 et

85 1976 180 2003 uno
231 1959 345 2002 ssexu
405 1952 569 2014 equos⁴
605 1955 783 1998 dextros
843 1970 974 2013 agere
1048 1956 1230 1998 consilii
1259 1963 1302 1997 et
1326 1955 1599 2011 formidinis
1631 1957 1936 2009 arbitrantur-⁷,

87 2018 151 2072 (ἰη
188 2017 315 2058 einer
335 2012 654 2067 Schwenlmng
681 2014 873 2055 macheu
909 2012 975 2052 sie
1045 2016 1127 2055 sed
1159 2015 1308 2067 magis
1338 2008 1530 2055 constiti.
1605 2012 1744 2070 Igitur
1777 2014 1830 2056 de
1867 2014 1934 2057 el-

87 2074 361 2128 memsam),
402 2086 594 2127 eumque
624 2071 781 2113 orbem
812 2068 974 2112 deseri·
1046 2069 1147 2128 lipsi
1177 2071 1225 2113 in
1258 2069 1478 2112 eiusmodi
1509 2069 1622 2113 locis
1653 2069 1840 2115 minime
1873 2081 1938 2116 est

86 2132 131 2175 bi
164 2132 223 2174 ita
257 2127 535 2179 coniunctis,
575 2136 624 2172 ut
650 2142 903 2184 quanquam
929 2126 974 2167 in
1047 2126 1351 2184 cogitandum,

84 2188 201 2232 flexu
247 2196 423 2230 rectum
471 2184 674 2228 ordinem
720 2199 877 2227 omnes
914 2191 974 2226 te·
1103 2193 1288 2228 scutum
1316 2185 1570 2241 reliquisse.
1641 2184 1701 2229 cf.
1736 2184 1822 2229 Lex
1849 2186 1933 2230 Sa-

87 2254 234 2294 neam.
295 2242 434 2298 Quod
459 2251 522 2284 est
549 2241 880 2286 difficillimum.
1048 2241 1131 2286 lica
1155 2242 1244 2284 Tit.
1276 2240 1346 2289 33,
1369 2243 1406 2286 5.
1777 2244 1785 2251 “

144 2301 429 2345 aestimanti.
518 2299 586 2342 De
634 2297 974 2342 constructione
1104 2299 1359 2344 concilium.
1407 2297 1934 2345 Edd.N0riml›.etRom.

88 2359 178 2402 loci
203 2358 262 2402 cf.
290 2366 384 2400 not.
409 2356 463 2399 ad
487 2356 575 2399 An.
602 2358 668 2408 11,
690 2355 735 2400 3.
1046 2358 1306 2400 consilium.
1395 2355 1562 2399 Eadem
1622 2356 1810 2400 varietas
1870 2368 1936 2402 est

89 2473 127 2518 C
146 2431 289 2514 eoqzff
316 2415 828 2513 gaz'aitz'4g2roeliantur.
907 2411 972 2457 cf.
1043 2414 1159 2515 iknfrl.)
1174 2430 1213 2457 c.
1230 2413 1304 2514 ἐξ.
1322 2422 1384 2513 let1
1392 2413 1511 2512 H{sti
1521 2414 1575 2512 14,
1595 2412 1800 2513 {2512
1821 2413 1934 2458 Dra.

129 2489 215 2516 aes.
281 2503 293 2515 .
364 2503 373 2512 .
436 2501 448 2518 ‚
511 2471 542 2513 Ἰ.
1076 2488 1127 2514 en
1164 2504 1176 2515 .
1201 2488 1223 2514 a
1304 2471 1316 2513 i
1339 2503 1348 2512 .
1391 2480 1430 2514 ta
1455 2501 1465 2512 .
1547 2502 1573 2520 .,
1655 2499 1665 2512 .
1767 2480 1932 2517 ronov-

141 2537 258 2581 opta
278 2537 321 2571 et
341 2534 635 2581 congruente.
695 2525 974 2585 Synonyma.
1045 2529 1098 2570 ad
1116 2528 1208 2571 Liv.
1223 2528 1346 2576 44,2‚
1361 2528 1404 2571 5.
1459 2527 1703 2571 Burmann.
1726 2527 1781 2571 ad
1797 2528 1932 2573 Ovid.

89 2587 148 2633 cf.
169 2585 300 2630 Roth.
332 2602 375 2643 p.
402 2585 471 2628 15.
673 2590 677 2598 ⁴
1044 2585 1234 2629 Metam.
1262 2588 1297 2635 1,
1326 2585 1420 2629 167.
1488 2585 1573 2628 Hie
1607 2586 1769 2628 merito
1802 2603 1934 2644 prae-

146 2644 378 2700 definitur.
447 2641 548 2685 MS.
576 2640 685 2683 Tur.
723 2640 827 2683 edd.
857 2638 972 2694 Spir.
1046 2642 1190 2684 fertur
1222 2641 1474 2699 vulgatum,
1525 2641 1636 2699 ‚quia
1675 2658 1824 2686 sermo
1871 2655 1936 2689 est

89 2700 194 2745 Put.
218 2701 283 2743 M.
309 2708 350 2743 et
370 2698 425 2742 V.
459 2699 667 2741 Beroald.
701 2698 833 2740 Mon.
863 2696 977 2738 Rhe·
1047 2699 1102 2741 de
1145 2698 1248 2742 loco
1294 2697 1657 2750 consultationis,
1717 2700 1772 2742 de
1819 2718 1936 2746 con-

89 2774 193 2802 nan.
217 2757 384 2812 (1519.)
419 2757 660 2814 dzsfinitur.
727 2754 810 2798 Ed.
842 2753 974 2797 Kath.
1048 2765 1210 2807 ventu,
1270 2764 1312 2798 et
1363 2757 1606 2799 consilium
1655 2757 1773 2800 inire
1814 2760 1934 2812 aliud

89 2816 316 2871 difinitur.
1045 2813 1279 2871 siguificat.
1336 2813 1429 2856 Pro
1452 2815 1568 2857 inire
1598 2813 1646 2856 in
1671 2807 1774 2860 eod.
1798 2816 1936 2860 Hum-

145 2873 338 2916 centeni.
422 2869 507 2913 Ed.
540 2869 749 2912 Norimb.
788 2868 976 2911 centim.
1395 2872 1445 2913 in
1468 2893 1481 2899 r

91 2929 174 2973 Ed.
195 2929 329 2972 Rom.
352 2936 549 2970 centum·
1052 2926 1159 2970 mel.
1192 2927 1353 2985 legitur
1382 2928 1533 2972 adire.
1613 2958 1620 2967 .

143 2987 316 3040 primo.
365 2985 500 3028 MSS.
514 2983 678 3039 stuttg.
697 2992 738 3026 et
755 2983 978 3025 Hummel.
1109 2984 1220 3028 CAP.
1247 2985 1290 3026 7.
1357 2994 1443 3027 aut
1484 2988 1646 3030 libera.
1715 2986 1792 3031 Sic
1831 2989 1934 3035 edd.

87 3045 311 3098 primum.
372 3042 430 3085 cs.
442 3041 706 3084 Ramshorn.
722 3040 806 3084 Gr.
829 3040 869 3094 §.
888 3040 980 3082 177.
1051 3042 1195 3086 Paris.
1226 3041 1433 3084 Norimh.
1461 3043 1605 3086 Rben.
1632 3044 1793 3097 (1533.)
1833 3047 1935 3090 Ald.

92 3117 138 3157 p.
156 3099 335 3156 509.*).
405 3098 604 3142 Eandem
628 3098 882 3143 varietatem
907 3099 980 3142 vi-
1052 3115 1150 3156 sqq.
1172 3116 1230 3131 -·—-
1279 3113 1335 3143 ac
1357 3101 1504 3141 libera
1526 3101 1662 3143 MSS.
1682 3101 1939 3147 Tarsum-

93 3158 240 3201 dimus
270 3158 358 3199 An.
384 3157 451 3208 16,
472 3154 515 3199 3.
964 3186 980 3192 -
1053 3164 1165 3211 gart.
1193 3156 1410 3200 Arundel.
1434 3157 1535 3200 edd.
1550 3159 1666 3215 Spir.
1688 3160 1820 3202 Kath.
1836 3159 1938 3205 Putss

150 3214 451 3269 componitur.
525 3211 630 3256 MS.
657 3212 821 3269 stuttg.
854 3227 981 3254 com·
1052 3213 1120 3256 M.
1154 3222 1197 3256 et
1218 3213 1273 3256 V.
1311 3215 1496 3259 Monac.
1535 3216 1695 3260 vienn.
1734 3217 1941 3261 Beroald.

86 3279 290 3327 ponunt.
759 3315 763 3319 ,
1055 3270 1156 3314 Ale.
1189 3271 1314 3326 (haee
1335 3272 1383 3314 in
1403 3288 1499 3314 mar
1532 3273 1603 3315 ine
1627 3274 1768 3324 „alias
1792 3282 1877 3316 aut
1892 3277 1941 3332 '')

150 3331 310 3370 cedere
330 3330 455 3371 loco.
513 3326 571 3371 cf.
598 3327 686 3371 An.
713 3327 755 3378 2,
780 3329 847 3372 11.
875 3327 984 3370 Che·
1054 3327 1198 3371 Rhea.
1231 3329 1418 3384 (1519.).
1502 3289 1574 3373 {e
1605 3331 1740 3374 MSS.
1767 3329 1940 3376 Vatice.

94 3387 221 3428 rusci
225 3385 399 3444 sugam
422 3385 716 3428 simulantes,
1057 3385 1288 3428 Broterius
1311 3394 1453 3438 tacet,
1482 3387 1628 3429 addita
1651 3395 1782 3432 nota:
1823 3388 1941 3439 „Be-

152 3441 327 3486 consilii
367 3456 510 3497 quam
540 3441 814 3498 formidinis
853 3442 987 3484 arbt'-
1060 3441 1366 3485 neRhenanus
1390 3452 1432 3486 et
1454 3443 1738 3487 recentiores.
1799 3445 1851 3488 In
1875 3462 1946 3489 ve-

97 3505 312 3543 uantur.
370 3498 455 3542 Ed.
481 3499 667 3543 Monac.
700 3500 853 3553 magis
883 3512 989 3540 con·
1061 3499 1229 3544 teribus
1262 3499 1532 3543 editionibus
1559 3517 1614 3542 oo
1643 3502 1831 3548 libera.”
1891 3503 1948 3548 Et

73 3553 199 3609 ,silit
235 3571 374 3612 quam
411 3562 497 3603 ete.
587 3556 720 3602 Male.
795 3556 857 3600 cf.
893 3563 991 3599 not.
1064 3556 1330 3603 disiunctiva
1357 3557 1538 3602 dicendi
1570 3557 1683 3602 ratio
1721 3561 1777 3605 ob
1808 3577 1943 3620 nega-
