2150 4022
627 203 642 231 t

587 273 1116 366 D1AL0GUs.
1206 306 1399 366 CAP.
1433 310 1493 370 2.
1532 307 1602 367 3.

1974 151 2011 186 χ
2084 120 2101 130 s

1886 309 2012 366 227

159 441 348 497 fluens
388 455 576 493 sermo
619 456 744 494 non
779 437 992 494 defuit:
1048 447 1105 492 et
1129 430 1292 510 Aper
1322 438 1489 494 omni
1522 435 1854 494 eruditione
1891 432 2005 494 im-

158 525 336 583 butus
407 523 818 579 contemnebat
877 522 1073 597 potius
1149 521 1374 579 litteras
1441 543 1620 600 quam
1694 523 2006 593 nesciebat,

157 621 442 685 tanquam
480 606 764 663 maiorem
800 605 1127 664 industriae
1155 617 1210 663 et
1241 606 1463 664 laboris
1490 606 1739 683 gloriam
1763 603 2006 666 habitu-

80 767 84 774 ,
155 713 287 761 ruS,
337 691 396 747 ‘si
427 690 733 764 ingenium
775 692 898 748 eius
936 691 1119 749 nullis
1156 691 1481 749 alienarum
1509 691 1724 754 artium
1748 693 2006 750 admini-

155 778 304 834 culis
331 777 512 832 inniti
542 777 862 836 videretur.

116 947 122 949 a
322 883 431 945 111.
480 882 668 958 Igitur
708 896 775 942 ut
812 883 1163 942 intravimus
1199 883 1538 940 cubiculum
1563 882 1859 952 Materni,
1912 907 2004 944 se-

153 973 389 1027 dentem
416 970 611 1044 ipsum
635 981 719 1040 et,
760 990 932 1047 quem
963 968 1156 1044 pridie
1184 967 1557 1038 recitaverat,
1594 968 1816 1027 librum
1844 971 2001 1032 intra

154 1075 363 1113 manus
396 1051 713 1113 habentem
742 1050 1259 1131 deprehendimus

151 1277 261 1325 viri;
289 1274 432 1318 Tacit.
457 1271 614 1315 Germ.
646 1288 686 1314 c.
711 1272 782 1316 45.
805 1281 962 1316 cetera
981 1275 1039 1316 si·

151 1332 285 1375 miles
306 1347 401 1374 uno
427 1331 674 1385 differunt,
713 1332 835 1386 quod
846 1331 1041 1387 femina

149 1391 446 1432 dominatum
486 1389 535 1431 in
562 1394 750 1429 tantum
777 1403 871 1430 non
896 1391 1039 1430 modo

149 1463 181 1488 a
211 1449 450 1501 libertate,
492 1447 585 1488 sed
603 1446 744 1487 etiam
766 1462 797 1488 a
819 1447 1039 1489 servitute

149 1507 438 1557 degenerant
446 1522 463 1556 ;
508 1500 662 1545 Vellei.
691 1502 731 1553 2,
762 1503 835 1547 43.
871 1504 966 1545 viri
988 1503 1039 1544 in

150 1568 335 1603 tantum
354 1562 476 1615 boni,
510 1560 559 1602 in
580 1568 807 1615 quantum
827 1562 1042 1602 humana

149 1619 426 1672 simplicitas
455 1617 659 1671 intelligi
681 1624 859 1672 potest,
899 1618 961 1660 id.
998 1619 1041 1663 2,

156 1677 252 1719 114.
295 1691 435 1732 quem
478 1677 528 1718 in
576 1683 804 1729 quantum
845 1675 1040 1730 quisque

150 1740 234 1775 aut
255 1747 521 1787 cognoscere
555 1743 638 1773 aut
668 1734 925 1787 intelligere
947 1746 1039 1784 po-

151 1791 251 1842 tuit,
281 1793 330 1833 in
351 1798 541 1832 tantum
566 1789 770 1831 miratur
789 1806 844 1832 ac
864 1790 1015 1843 diligit
1027 1805 1042 1839 ;

150 1848 321 1891 Seneca
347 1848 402 1890 de
429 1845 578 1890 benef.
604 1847 646 1896 2,
665 1845 738 1889 23.
769 1848 816 1887 in
847 1854 1039 1888 tantum

143 1907 445 1958 producenda
481 1928 557 1955 -,
596 1906 643 1945 in
661 1906 889 1959 quantum
910 1906 1038 1946 dele-

147 1969 336 2004 etatum
361 1969 444 2004 est.
502 1960 660 2017 Neque
684 1960 897 2018 Virgilio,
931 1959 1040 2003 Ovi-

149 2018 239 2070 dio,
260 2018 389 2063 Livio
409 2017 597 2075 aliisque
617 2017 823 2061 inusitata
845 2026 911 2061 est
930 2017 1040 2062 haec

146 2075 324 2121 dicendi
349 2076 478 2120 ratio.

206 2199 252 2234 ct
275 2191 406 2245 Aper
435 2192 568 2233 omni
598 2192 854 2234 eruditione
885 2192 1038 2232 inibu-

148 2257 239 2293 tus.
299 2250 375 2292 Sic
395 2248 602 2291 exhibent
621 2249 780 2303 [Farn.
804 2256 912 2291 teste
927 2246 1037 2290 Dek-

147 2306 278 2361 kero]
293 2306 479 2363 Neapol.
492 2305 810 2348 etvatie.4498.
829 2306 1038 2362 idemque

148 2372 404 2407 correxerat
448 2362 706 2413 Acidaliusa,
768 2371 1039 2418 receperunt

149 2418 490 2464 Schurzsseisch.
508 2418 687 2462 Dronk.
701 2418 874 2461 Osann.
891 2417 1037 2461 Orell.

148 2475 390 2530 [LBekker.
405 2476 586 2530 Boett.].
615 2474 889 2528 Rectissime,
902 2491 1039 2533 quan-

149 2534 317 2579 tumvis
355 2531 617 2578 latinitatem
662 2532 793 2575 huius
834 2532 1041 2577 lectionis

149 2591 208 2637 V.
222 2592 280 2635 D.
294 2592 341 2634 in
362 2588 509 2649 suppl.
534 2590 632 2648 eph.
656 2589 720 2633 lit.
738 2590 836 2633 Hal.
854 2605 895 2633 a.
913 2589 1039 2632 1829.

151 2666 220 2694 nr.
251 2650 348 2693 121.
387 2649 635 2705 impugnet.
698 2645 758 2691 cf.
786 2645 882 2691 Cic.
909 2647 1038 2689 Brut.

133 2725 190 2752 -ο,
223 2707 293 2756 56,
313 2706 414 2748 205.
450 2705 608 2747 Varro
642 2734 654 2747 .
678 2736 690 2746 .
714 2735 724 2745 .
758 2705 832 2746 vir
860 2705 1039 2759 ingenio

142 2772 396 2821 praestans
418 2763 634 2817 omnique
659 2762 899 2810 doctrina,
926 2765 1038 2815 plu-

149 2825 274 2875 ribus
292 2829 337 2864 et
355 2819 679 2864 illustrioribus
698 2819 871 2861 litteris
894 2820 1040 2870 expli-

149 2881 284 2925 cavit.
306 2906 365 2914 —
396 2877 447 2920 In
459 2875 767 2921 MSSNaficc.
781 2876 904 2919 1862.
919 2875 1043 2919 1518.

152 2946 195 2982 et
220 2936 318 2980 edd.
341 2933 535 2992 antiquis
569 2949 711 2991 usque
748 2933 803 2976 ad
836 2933 1038 2976 Rhenan-

152 3004 219 3038 est
248 3009 352 3036 cum
390 2991 675 3046 eruditione,
770 2991 859 3034 uod
897 3007 1037 3050 quum

153 3053 352 3108 ineptum
395 3049 475 3100 sit,
520 3049 566 3091 in
611 3048 704 3090 eius
764 3063 900 3091 ocum
931 3065 1039 3091 suc-

153 3107 284 3154 cessit
338 3106 542 3149 Rbenani
597 3104 850 3149 emendatio
907 3121 1038 3149 com-

152 3165 290 3209 muni
332 3164 583 3206 eruditione
633 3163 770 3214 imb„
841 3163 887 3205 in
937 3162 1039 3206 edcl.

152 3223 207 3268 ad
229 3219 534 3265 recentissima
558 3234 698 3275 usque
720 3227 921 3277 tempora
942 3221 1038 3264 vul·

154 3278 262 3339 gatis
279 3277 436 3336 posita.
468 3275 607 3333 Quod
629 3275 734 3318 ferri
752 3286 913 3334 posset,
936 3293 1037 3319 narn

154 3335 414 3380 communis
438 3333 633 3375 eruditio
658 3334 702 3376 h.
727 3351 765 3376 e.
790 3349 838 3376 ea
853 3366 864 3384 ,
905 3351 1037 3391 quam

155 3393 292 3451 vulgo
308 3391 523 3448 consequi
545 3390 723 3432 student
744 3390 947 3434 homines
971 3391 1038 3432 in·

157 3450 286 3506 genui
313 3457 355 3505 et
377 3447 617 3491 liberaliter
641 3447 813 3490 educati
830 3481 842 3498 ,
873 3447 1038 3491 dicitur

158 3523 181 3547 a
203 3503 355 3550 Cicer?
372 3505 426 3547 dc
449 3513 559 3547 orat.
580 3505 622 3557 2,
647 3504 713 3554 17,
731 3503 799 3547 72.
827 3507 1038 3546 omnium

114 3594 118 3608 ,
158 3570 416 3604 ceterarum
440 3576 601 3604 rerum
631 3562 785 3603 oratio
816 3590 871 3598 --
904 3565 1039 3604 ludus

160 3628 228 3660 est
266 3621 440 3659 homini
474 3634 568 3662 non
602 3620 749 3659 hebeti
783 3634 923 3674 neque
964 3621 1034 3659 in-

1111 1270 1370 1314 exercitato
1392 1304 1405 1326 ,
1481 1286 1628 1326 neque
1680 1277 2002 1320 communium,

1110 1331 1380 1372 litterarum
1405 1336 1451 1371 et
1465 1330 1708 1385 politioris
1727 1333 2004 1376 humanita-

1114 1387 1174 1430 tis
1214 1388 1414 1441 experti.
1483 1386 1570 1430 Sed
1605 1386 1893 1445 praeferenda
1938 1402 2005 1436 est

1113 1444 1246 1488 codd.
1293 1444 1540 1501 scriptura,
1628 1461 1741 1502 quae
1797 1445 2003 1491 firmatur

1112 1516 1233 1559 seqq.
1248 1516 1260 1543 ε
1285 1503 1431 1543 nullis
1445 1504 1707 1545 alienorum
1722 1506 1900 1547 artium
1922 1510 2004 1549 ad·

1113 1559 1345 1602 miniculis
1378 1558 1520 1600 inniti
1551 1561 1814 1611 videretur‚·
1863 1563 1922 1606 ita
1953 1572 2005 1607 ut

1113 1618 1234 1672 Aper
1256 1613 1522 1673 cogitandus
1543 1617 1598 1660 sit
1620 1618 1656 1660 ie
1670 1651 1681 1668 ,
1710 1617 1813 1676 qui,
1840 1635 2001 1677 quam-

1112 1673 1176 1715 vis
1197 1672 1463 1715 eruditionis
1486 1674 1614 1731 copia
1632 1675 1890 1727 instructus,
1913 1694 2004 1722 ma·

1110 1729 1246 1773 luerit
1259 1738 1405 1772 tamen
1421 1745 1516 1773 eam
1532 1731 1609 1774 ads
1643 1732 1786 1775 ernari
1801 1733 2004 1792 ingenio·

1112 1802 1199 1845 que
1216 1786 1345 1829 inniti
1362 1785 1478 1831 solo.
1511 1748 1649 1831 Nihili
1667 1805 1776 1834 vero
1793 1801 1858 1834 est
1868 1791 2004 1836 Hein-

1110 1844 1163 1888 sii
1189 1844 1440 1896 correctio,
1485 1846 1560 1902 qui
1594 1849 1720 1889 comi
1743 1850 2005 1893 eruditione

1111 1902 1327 1958 scriptum
1342 1900 1481 1944 fuisse
1497 1901 1689 1947 aTacito
1711 1904 2003 1961 opinabatur;

1112 1974 1256 2015 neque
1271 1958 1463 2005 Seebod.
1488 1959 1761 2010 audiendus,
1798 1963 1875 2020 qui
1900 1980 2004 2006 cum

1113 2013 1494 2073 praepositionem
1516 2018 1646 2061 uncis
1670 2018 1856 2063 inclusit
1885 2037 2004 2064 eam-

1114 2089 1226 2130 que,
1277 2080 1433 2130 utpote
1461 2075 1515 2117 ab
1544 2074 1698 2132 inepto
1723 2077 1870 2122 scriba
1891 2095 2004 2136 pro-

1111 2130 1274 2173 fectam
1299 2161 1312 2178 ‚
1393 2130 1534 2174 deleri
1585 2131 1691 2177 vult.
1787 2133 2005 2180 ‘Ceterum

1110 2187 1375 2230 communis
1418 2195 1460 2230 et
1508 2191 1663 2233 omnis
1685 2207 1783 2235 *sae
1818 2208 1841 2235 e
1893 2208 2003 2236 con·

1110 2244 1208 2287 fusa
1233 2245 1339 2302 legi,
1362 2245 1594 2289 uberrime
1619 2247 1774 2292 docuit
1829 2249 2001 2294 ,Wes-

1110 2302 1267 2359 seling.
1294 2301 1517 2349 Observv.
1538 2304 1571 2355 l,
1595 2305 1661 2348 18.

1169 2420 1490 2460 contemnebat
1497 2419 1651 2472 potius
1663 2420 1850 2476 litteras
1862 2435 2004 2477 quam

1111 2474 1356 2516 nesciebat.
1417 2473 1491 2517 Ad
1518 2477 1903 2533 comparationem
1929 2478 2003 2522 ad-

1112 2530 1309 2589 positum
1336 2539 1400 2574 est
1422 2530 1655 2575 Ciceronis
1685 2535 1739 2576 de
1762 2534 1924 2578 Crasso
1957 2547 2002 2581 et

1110 2589 1313 2631 Antonio
1343 2586 1563 2630 iudicium
1587 2589 1642 2632 de
1671 2600 1784 2634 orat.
1806 2592 1849 2643 2,
1870 2594 1910 2644 1,
1929 2592 2000 2637 4.:
2039 2628 2044 2633 .

1110 2648 1192 2687 sed
1204 2644 1304 2699 fuit
1325 2647 1407 2687 hoc
1429 2645 1479 2687 in
1503 2652 1700 2701 utroque
1722 2663 1904 2705 eorum,
1949 2660 2000 2694 ut

1113 2703 1316 2744 Crassus
1338 2716 1433 2744 non
1456 2709 1557 2745 tam
1575 2705 1847 2748 existimari
1864 2710 2002 2750 vellet

1111 2773 1208 2800 non
1251 2759 1465 2801 didici‘sse
1478 2791 1490 2806 ,
1540 2775 1681 2815 quam
1725 2765 1809 2805 illa
1843 2764 1998 2820 desp'i-

1111 2830 1214 2858 cere
1230 2847 1241 2863 ‚
1291 2822 1336 2858 et
1368 2824 1636 2860 nostrorum
1671 2821 1916 2863 hominum
1950 2826 1999 2865 in

1112 2874 1246 2915 omni
1293 2887 1460 2926 genere
1504 2878 1807 2928 prudentiam
1855 2887 1998 2922 ante-

1098 2931 1262 2986 ferre:
1311 2931 1552 2974 Antonius
1582 2941 1748 2976 autem
1775 2937 1997 2989 probabi-

1110 2990 1275 3029 liorem
1299 2989 1385 3030 hoc
1407 2991 1579 3042 populo
1607 2992 1872 3034 orationem
1887 2994 2000 3049 fore

1109 3047 1321 3087 censebat
1338 3059 1491 3094 suam,
1519 3047 1564 3089 si
1582 3051 1770 3090 omnino
1789 3052 2000 3094 didicisse

1109 3117 1351 3156 nunquam
1382 3109 1662 3155 puniretur,-
1695 3114 1836 3162 atque
1859 3107 1928 3150 ita
1950 3123 2000 3150 se

1111 3166 1302 3213 uterquc
1332 3161 1605 3212 graviorem
1623 3166 1761 3217 jore,
1805 3165 1850 3206 si
1874 3167 1999 3206 alter

1110 3223 1434 3271 contemnere,
1483 3220 1606 3261 ulter
1645 3234 1704 3261 ne
1739 3235 1870 3264 nosse
1901 3225 1998 3276 qui-

1110 3276 1216 3315 dem
1254 3272 1458 3317 Graecos
1498 3275 1752 3319 videretur.
1790 3305 1848 3314 -
1905 3278 1998 3321 Pro

1111 3345 1253 3384 quam
1285 3331 1514 3374 nesciebat
1547 3333 1594 3375 in
1622 3333 1689 3377 ed.
1717 3335 1834 3377 lunt.
1862 3343 1998 3379 exstat

1110 3401 1230 3441 quae
1250 3388 1495 3432 nesciebat.

1168 3501 1278 3544 CAP.
1332 3501 1373 3544 3.
1457 3506 1692 3546 sedentem
1738 3506 1890 3558 ipsum
1936 3514 1994 3558 et,

1111 3574 1247 3614 quem
1265 3561 1412 3612 pridie
1431 3564 1727 3619 recitaverat,
1743 3562 1915 3604 librum
1934 3565 2001 3605 in-

1114 3625 1191 3658 tra
1214 3631 1378 3659 'tronus
1397 3619 1659 3660 'mhi-ntem.
1707 3618 1722 3656 (
1732 3618 1850 3661 lodd.
1867 3619 2001 3664 MSS.

1360 3678 1490 3732 ῬΞ
