2150 4022
246 293 371 352 236

756 275 879 386 nE
935 273 1603 351 ORATORIBU‘S

244 435 363 482 tate
384 418 650 498 plurium
673 419 938 476 defendi:
966 421 1068 476 sed
1091 421 1286 496 ipsum
1309 421 1502 478 solum
1525 422 1683 496 apud
1707 439 1809 483 vos
1831 439 2091 494 arguam,

244 509 406 586 quod
447 516 621 562 natus
659 505 735 560 ad
775 503 1171 581 eloquentiam
1208 505 1441 561 virilem
1485 518 1543 564 et
1576 506 1926 575 oratoriam,
1976 525 2091 581 qua

244 612 450 669 parere
485 589 665 646 simul
705 601 762 647 et
799 578 954 647 tueri
992 590 1309 660 amicitiem,
1362 591 1680 648 adsciscere
1710 589 2092 662 necessitudi-

242 698 380 748 neS,
422 675 734 752 complecti
759 677 1094 751 provincias
1118 676 1333 752 possit,
1394 677 1611 745 amittit
1640 676 1931 746 studium,
1973 695 2091 752 quo

239 865 477 922 Fames-L
536 863 587 907 in
625 863 748 922 quod
789 862 1008 908 inciderat
1050 854 1134 907 Pi'-

239 922 424 974 thoeus,
467 920 681 980 quodque
713 920 989 964 recentiores
1027 920 1131 965 edd.

240 989 526 1039 receperunt.
571 979 640 1022 En
651 1007 670 1030 ,
694 977 950 1038 planissima
967 980 1134 1023 omnia.

297 1094 384 1136 sed
414 1091 574 1147 ipsum
604 1092 758 1134 solum
788 1092 918 1144 apud
939 1103 1024 1133 vos
1050 1103 1135 1132 ar-

239 1165 400 1207 guam.
462 1148 578 1191 Edd.
601 1148 721 1206 Spir.
751 1146 861 1190 Put.
891 1146 990 1191 Riv.
1023 1147 1130 1191 Ber.

238 1208 343 1252 Alc.
360 1206 468 1250 Ald.
481 1204 627 1250 Rhen.
642 1205 760 1263 Lips.
774 1204 896 1248 Pith.
911 1204 1132 1262 Bernegg.

241 1265 388 1309 Gron.
439 1264 566 1307 Brot.
618 1264 800 1322 Bipont.
853 1263 1134 1306 interserunt

236 1331 342 1382 post
364 1325 450 1365 sed
472 1322 740 1380 particulam
765 1329 836 1376 et,
879 1321 1002 1377 quod
1037 1335 1135 1363 sua-

238 1381 374 1424 dente
398 1379 586 1423 Mureto
609 1379 930 1429 Heumannus‚
959 1379 1139 1422 Ernest.

238 1437 418 1482 schulz.
442 1444 485 1481 et
506 1441 605 1494 sqq.
631 1436 895 1484 omiserunt,
926 1435 1133 1479 addicen-

235 1496 358 1540 tibus
378 1493 516 1539 MSS.
541 1495 679 1552 Neap.
707 1496 771 1549 [et
802 1494 938 1537 Farn.
962 1502 994 1537 t.
1020 1491 1134 1535 Bek-

235 1551 373 1608 ker.].
434 1552 652 1596 Errorem
674 1559 900 1610 praeterea
919 1551 1025 1595 satis
1044 1549 1135 1592 fre-

235 1619 451 1669 quentem
486 1611 535 1654 in
560 1609 664 1652 edd.
691 1608 907 1667 antiquis,
949 1608 1027 1667 qui
1058 1622 1135 1650 eos

233 1669 467 1729 praebent,
493 1666 675 1711 sustulit
687 1668 860 1725 Lipsius
882 1681 963 1709 vos
982 1665 1130 1710 corri-

235 1726 408 1786 gendo,
453 1726 504 1770 in
536 1742 627 1783 quo
658 1735 779 1769 recte
804 1724 1132 1782 acquieverunt

235 1800 397 1828 omnes
439 1791 618 1843 praeter
661 1783 877 1834 Seebod.,
936 1781 1014 1849 qui
1054 1794 1132 1824 eos

234 1850 394 1887 servat.
485 1841 576 1886 Sed
637 1840 816 1887 vexavit
874 1837 1131 1884 Acidalium

232 1914 342 1952 vos;
380 1899 548 1959 putavit
579 1899 701 1942 enim
722 1899 795 1950 is,
829 1906 922 1941 tres
953 1905 1131 1941 tantum

234 1958 390 2002 adesse
422 1957 748 2008 collocutores,
799 1956 1004 2013 Aprum,
1053 1955 1132 2012 qui

235 2023 440 2066 accuset,
482 2015 770 2066 Maternum,
809 2029 946 2071 quem
978 2019 1135 2069 arguat

231 2073 339 2121 ille,
379 2080 513 2130 atque
548 2072 609 2114 ita
641 2087 785 2114 unum
818 2070 1132 2114 tantummodo

232 2131 446 2174 relictum
473 2145 566 2172 esse
592 2129 811 2172 arbitrum
843 2145 898 2172 ac
918 2127 1134 2178 iudicem,

235 2187 524 2238 Secundum,
572 2187 692 2244 apud
726 2203 861 2244 quem
897 2187 1132 2229 Maternus

234 2244 432 2291 incusari
455 2243 620 2303 possit’3
663 2251 940 2302 quapropter
961 2242 1072 2287 facit
1094 2244 1131 2287 is

234 2319 342 2349 cum
367 2303 578 2350 Murem,
617 2303 691 2345 cui
718 2303 906 2345 subnata
927 2310 994 2345 est
1022 2317 1131 2345 con-

231 2362 407 2406 iectura
438 2361 569 2416 apud
594 2366 639 2401 te
666 2375 718 2402 eo
741 2373 975 2415 arguam,
1019 2375 1134 2418 quae

234 2418 423 2478 quidem
477 2434 503 2462 a
546 2415 738 2475 vestigiis
784 2415 1038 2460 litterarum
1081 2416 1131 2459 in

231 2485 326 2523 ant.
372 2475 498 2520 libris
547 2490 644 2518 non
693 2474 892 2519 multum
941 2474 1131 2519 recedit.

231 2534 347 2584 Sed,
368 2549 431 2578 ue
454 2534 562 2591 quid
586 2533 732 2577 dicam
757 2533 812 2577 de
835 2533 999 2591 dialogi
1022 2532 1131 2589 scri·

230 2601 387 2651 ptore‚
422 2592 501 2650 qui
523 2591 670 2635 eidem
690 2591 897 2635 interfuit
914 2589 1132 2641 sermoni,

232 2650 291 2695 ad
344 2665 506 2693 omnes
554 2657 759 2708 spectant
809 2649 919 2693 haec
970 2647 1127 2703 verba,

232 2709 384 2767 ipsum
403 2708 537 2750 etiam
563 2707 850 2759 Maternum,
886 2705 964 2768 qui
987 2723 1032 2750 se
1055 2721 1129 2749 au-

233 2767 298 2810 dit
330 2773 609 2809 accusatum.
680 2764 834 2821 Quare
872 2764 972 2808 noli
1005 2764 1130 2821 quic·

236 2837 373 2880 quam
407 2831 599 2867 mutare.
659 2823 894 2866 Praeterea
929 2824 983 2866 ab
1007 2821 1132 2865 Rhe-

235 2895 357 2924 nano
402 2881 622 2939 scriptum
667 2889 732 2923 est
766 2884 852 2923 sed
883 2882 931 2923 id
960 2881 1129 2935 ipsum,

234 2953 260 2981 a
285 2937 476 2981 Seebod.
505 2938 763 2995 probatum.
822 2937 1009 2982 Pichen.
1031 2954 1132 2981 ma·-

232 2996 354 3042 lebat
376 2997 460 3038 sed
479 2997 563 3039 hoc
583 2999 751 3051 ipsum.

289 3119 463 3160 parere
490 3137 502 3150 .
518 3137 529 3148 .
545 3138 557 3150 .
583 3107 836 3152 amicitias,
903 3106 978 3152 Sic
1000 3105 1133 3152 MSS.

234 3163 376 3221 Neap.
406 3166 587 3221 [Farn.]
616 3166 785 3209 Vaticc.
821 3175 863 3209 et
899 3165 970 3209 ed.
997 3165 1133 3223 Spir.,

236 3238 285 3266 ex
300 3222 463 3280 quibus
486 3232 755 3281 receperunt
771 3222 1129 3267 Dronk.Osann.

235 3279 382 3329 Orell.
404 3278 611 3338 [Bekker.
629 3281 898 3326 Boetticher.
918 3290 960 3324 et
972 3280 1131 3338 Rup.].

234 3337 517 3386 Rectissime.
580 3337 648 3381 Cf.
674 3337 834 3394 Nepot.
854 3338 1004 3383 Alcib.
1025 3338 1067 3387 7,
1086 3337 1127 3380 5.

236 3410 555 3454 magnamque
589 3395 855 3439 amicitiam
890 3395 983 3439 sibi
1024 3411 1131 3439 cum

238 3459 523 3515 quibusdam
542 3454 722 3509 regibus
745 3454 973 3497 Thraciae
994 3468 1130 3509 pepe·

237 3522 389 3559 terat.-
450 3515 623 3558 Fronto
646 3526 692 3569 p.
708 3511 749 3554 5.
773 3511 839 3555 ed.
855 3512 991 3555 Rom.-
1013 3511 1129 3554 ami-

239 3574 349 3617 citia
381 3571 567 3615 meritis
595 3577 757 3622 parta.
819 3569 957 3613 Ovid.
984 3570 1042 3613 A.
1068 3568 1128 3613 A.

237 3631 280 3683 2,
303 3631 373 3676 13.
407 3643 491 3674 nec
525 3629 683 3673 minor
715 3634 784 3671 est
809 3628 961 3670 virtus
986 3641 1130 3683 quam

1205 877 1435 920 quaerere
1463 840 1610 918 par-'ta
1640 864 1774 908 tueri.
1840 860 1912 906 Cf.
1946 860 2094 904 Gara-

1204 930 1302 964 ton.
1349 920 1404 963 ad
1442 920 1539 964 Cic.
1580 937 1664 979 pro
1699 920 1854 963 Planc.
1891 934 1933 963 c.
1972 917 2014 970 3,
2047 917 2091 961 7.

1205 978 1354 1021 Beier.
1383 978 1438 1021 ad
1464 977 1558 1022 Cic.
1596 979 1650 1021 de
1682 978 1757 1022 off.
1779 978 1823 1026 2,
1843 976 1886 1025 9,
1910 977 1981 1020 31.
2040 975 2094 1018 ln

1206 1034 1312 1079 edd.
1349 1043 1450 1078 ante
1475 1034 1738 1079 Dronkium
1771 1034 1983 1078 omnibus
2015 1048 2090 1076 ex—

1206 1108 1413 1152 pressum
1435 1101 1501 1136 est
1521 1107 1707 1148 parare

1261 1207 1522 1250 adsciscere
1562 1208 1941 1253 necessitudines.
2019 1206 2095 1250 Sic

1205 1264 1342 1308 MSS.
1378 1265 1520 1322 Neap.
1558 1266 1714 1320 [Farn.
1748 1274 1784 1309 t.
1813 1263 1974 1318 Bekk.]
2004 1264 2095 1306 Va-

1205 1323 1307 1367 ticc.
1335 1323 1460 1367 1518.
1484 1332 1527 1366 et
1549 1324 1679 1366 4498.
1697 1358 1708 1376 ,
1746 1338 1770 1365 e
1803 1322 1966 1381 quibus
1996 1320 2094 1380 pri-

1205 1395 1306 1423 mus
1351 1380 1522 1438 recepit
1557 1379 1794 1429 osanam,
1851 1396 1989 1437 quem
2030 1395 2094 1423 se·

1206 1453 1340 1494 quor.
1400 1438 1547 1488 [Idem
1568 1439 1818 1495 probarunt
1839 1436 2030 1482 Bekker.
2051 1445 2096 1480 et

1206 1495 1466 1550 Boettich.].
1489 1519 1546 1528 —
1579 1496 1682 1540 MS.
1698 1495 1843 1540 Vatic.
1862 1495 1989 1540 1862.
2013 1509 2095 1537 nc-

1205 1554 1457 1597 cessitate&
1498 1576 1556 1587 -
1622 1552 1738 1597 Edd.
1767 1553 1823 1596 ad
1853 1554 2095 1598 Osannum

1205 1626 1363 1653 omnes
1415 1618 1458 1652 et
1504 1609 1651 1654 Orell.
1700 1609 1898 1657 retinent
1947 1610 2095 1667 vulga-

1203 1676 1295 1710 tam
1318 1667 1564 1712 lectionem
1584 1670 1816 1712 nationes.
1872 1666 2096 1726 Supplent

1203 1741 1309 1768 vero
1343 1726 1400 1769 ii:
1443 1726 1491 1768 in
1521 1725 1798 1781 clientelam,
1846 1735 1890 1770 et
1918 1723 2094 1773 intelli-

1203 1791 1315 1840 gunt
1344 1783 1552 1842 regulos,
1595 1783 1760 1840 quibus
1786 1799 1916 1841 saepe
1938 1791 2098 1827 orato-

1190 1857 1305 1883 rum
1322 1841 1575 1899 patrocinio
1598 1840 1715 1898 apud
1735 1841 1960 1900 principes
1982 1856 2097 1907 opus

1203 1906 1311 1941 erat.
1370 1898 1554 1943 Etiamsi
1588 1898 1807 1946 nolumus
1837 1899 1955 1944 hanc
1979 1914 2098 1942 scri-

1203 1966 1384 2015 pturam
1407 1956 1616 1999 refellere
1635 1957 1809 2008 verbis,
1838 1973 1951 2015 quae
1970 1954 2096 2001 αδδ.

1203 2019 1440 2072 leguntur:
1499 2015 1553 2057 hi
1595 2014 1825 2071 (antiqui)
1870 2016 2096 2059 clientelis

1204 2075 1348 2114 etiam
1393 2078 1671 2114 exterarum
1715 2072 1968 2114 nationum
2012 2085 2096 2115 re-

1203 2131 1493 2184 dundabant,
1525 2128 1721 2186 indeque
1733 2129 1958 2187 colligere,
1980 2128 2098 2188 Apri

1202 2195 1410 2245 tempore
1442 2188 1529 2230 tale
1559 2188 1665 2244 quid
1700 2202 1786 2230 usu
1816 2186 1988 2231 venisse
2019 2195 2096 2230 aut

1204 2261 1438 2303 nunquam
1469 2252 1547 2288 aut
1576 2244 1826 2296 rarissime,
1875 2243 1980 2303 quia
2011 2261 2094 2289 co—

1204 2303 1414 2362 gitandus
1476 2309 1543 2345 est
1590 2301 1717 2360 Aper
1777 2317 1881 2345 cum
1940 2301 2092 2360 aliquo

1204 2360 1347 2403 animi
1376 2361 1549 2418 impetu
1580 2375 1679 2402 rem
1706 2358 1985 2417 amplificans
2010 2375 2093 2404 ne—

1203 2434 1291 2479 que
1310 2418 1544 2464 veritatem
1563 2431 1774 2467 servans;
1801 2425 1952 2461 tamen
1971 2427 2095 2478 prae-

1200 2477 1347 2537 placet
1383 2475 1517 2520 codd.
1556 2475 1803 2533 scriptum,
1851 2484 1947 2518 tum
1989 2474 2096 2534 quia

1201 2533 1378 2592 vulgata
1411 2532 1546 2576 lectio
1588 2534 1731 2577 otiosa
1763 2542 1877 2576 esset
1910 2541 2096 2592 propter

1201 2607 1299 2651 sqq.
1350 2592 1594 2646 complecti
1634 2593 1951 2644 provinciass
1995 2599 2095 2647 tum

1201 2653 1306 2709 quia
1339 2664 1364 2691 a
1394 2650 1570 2691 minore
1600 2649 1656 2691 ad
1687 2647 1879 2707 amplius
1903 2663 2093 2708 progre-

1201 2708 1324 2751 ditur
1346 2706 1393 2749 in
1415 2706 1699 2764 eloquentiae
1722 2705 1947 2750 fructibus
1968 2721 2094 2750 enar·

1203 2764 1356 2807 randis
1386 2763 1513 2822 Aper
1552 2772 1684 2821 atque
1719 2763 1832 2807 adeo
1873 2762 2093 2808 amicitias

1204 2821 1575 2866 commodissime
1599 2821 1823 2879 excipiunt
1846 2821 2093 2866 necessitu-

1204 2881 1346 2922 dines.
1401 2879 1509 2934 Quo
1537 2879 1591 2921 de
1614 2879 1839 2924 vocabulo
1861 2880 1966 2926 vide
1980 2879 2095 2923 Her-

1203 2953 1301 2994 zog.
1323 2937 1378 2980 ad
1404 2938 1530 2981 Caes.
1556 2936 1608 2979 B.
1633 2935 1689 2979 G.
1712 2936 1849 2984 7,·53.
1908 2937 2095 2983 Prono..

1203 3010 1306 3037 men
1321 2996 1407 3037 sibi
1422 3002 1470 3036 ut
1485 2994 1757 3053 adiungatur
1771 3011 1876 3041 cum
1890 2994 2094 3050 Osanno,

1205 3051 1329 3096 nulla
1354 3051 1476 3110 cogit
1501 3053 1752 3097 necessitas.

1262 3170 1511 3236 camplecti
1546 3171 1823 3225 provincias.
1895 3172 1967 3216 Sc.⁴
2009 3186 2093 3231 pa-·

1203 3228 1417 3273 troemio.

1259 3340 1438 3382 amittit
1466 3342 1686 3383 studium.
1747 3338 1824 3383 Sic
1854 3338 1958 3382 edd.
1990 3339 2093 3384 Put.

1202 3395 1303 3439 Riv.
1339 3396 1548 3439 Beroald.
1583 3398 1682 3442 Alc.
1718 3396 1861 3440 Rhen.
1891 3395 1996 3441 ΑΜ.
2035 3422 2090 3432 --

1200 3455 1359 3496 amitti
1406 3455 1614 3497 studium
1645 3454 1797 3511 'MSS'-
1842 3453 1981 3513 Neap⁴
2027 3459 2093 3508 [et

1203 3513 1409 3563 Far-nes]
1430 3535 1487 3545 —-
1518 3512 1693 3555 omittit
1711 3513 1921 3556 studium
1941 3526 2092 3557 emen·

1203 3568 1322 3614 davit
1343 3569 1545 3614 Rhenan.
1569 3570 1618 3614 in
1637 3570 1744 3614 casti
1777 3578 1876 3622 att„
1915 3571 2088 3628 proba·

1203 3634 1308 3670 runt
1342 3627 1508 3672 Muret.
1542 3626 1720 3674 Acidal.
1797 3643 2006 3689 eumanu-
2039 3628 2087 3673 F.

1987 0 2150 36 ww„
