2150 4022
513 231 1037 302 DIALOGUS.
1125 240 1314 302 CAP.
1356 243 1452 302 40.

1785 246 1904 301 387

63 386 302 441 rogans,
345 387 494 442 quae
532 368 597 443 in
634 368 784 425 bene
819 369 1150 427 constitutis
1189 370 1521 428 civitatibus
1548 392 1672 428 non
1697 374 1904 434 oritur.

65 451 261 525 Quem
283 452 439 507 enim
464 464 758 508 oratorem
771 452 1331 524 Lacedaemonium,
1378 477 1551 532 quem
1568 454 1904 515 Cretensem

64 537 432 611 accepimus?
484 558 731 613 quarum
771 538 1077 600 civitatum
1113 541 1471 597 severissima
1508 542 1819 618 disciplina
1849 558 1904 601 et

64 621 458 694 severissimae
496 623 648 695 leges
681 624 1017 688 traduntur.

1098 645 1203 680 nec
1234 623 1631 682 Macedonum
1666 630 1904 703 quidem

61 727 128 764 ac
151 704 463 765 Persarum
502 719 603 765 aut
637 708 818 763 ullius
848 710 1063 781 gentiS,
1119 730 1266 786 quae
1299 722 1454 766 certo
1483 712 1730 786 imperio
1763 735 1904 770 con-

62 803 221 849 tenta
271 791 481 861 fuerit,
551 793 944 868 eloquentiam
994 794 1297 864 novimus3
1368 791 1596 853 Rhodii
1648 800 1906 874 quidam,

63 871 454 939 Athenienses
502 877 748 953 plurimi
798 888 1057 936 oratores
1102 879 1478 947 exstiterunt,
1548 885 1704 956 apud
1759 906 1904 961 quos

64 1108 190 1158 dunt,
210 1108 331 1165 quod
349 1110 546 1151 servitus
566 1107 752 1151 honesto
773 1125 952 1166 quoque

63 1182 193 1209 sensu
234 1174 501 1222 usurpatum·
541 1167 729 1222 probare
773 1166 951 1209 student

63 1222 264 1281 exemplo
281 1222 376 1266 Cic.
396 1238 478 1278 pro
498 1223 650 1265 Plane.
673 1239 713 1266 c.
728 1223 796 1266 30.
813 1225 951 1265 servi-

63 1288 139 1323 tus
159 1281 301 1337 officii
319 1288 362 1323 et
377 1279 538 1336 Quint.
556 1280 660 1322 lnst.
683 1296 750 1323 or.
766 1282 807 1334 Ξ,
828 1281 893 1331 16,
906 1282 950 1325 9.

61 1340 267 1380 servitus
290 1339 428 1387 iuris,
468 1352 636 1393 eoque,
675 1339 798 1392 quod
831 1337 947 1394 apud

61 1394 194 1438 Italos
219 1395 479 1437 etiamnunc
499 1396 670 1436 servit&
699 1395 818 1437 idem
855 1395 950 1437 fere

59 1451 202 1496 valeat
212 1461 342 1509 atque
355 1453 666 1502 observantia,
679 1454 947 1508 obsequium

60 1508 91 1552 ἰ.
127 1525 168 1552 e.
205 1525 306 1566 erga
346 1507 571 1566 principes
604 1508 791 1552 civitatis
827 1511 948 1552 viros

60 1567 176 1609 bene
210 1566 394 1608 meritos
422 1565 476 1607 de
508 1581 555 1607 re
591 1566 786 1622 publica.
851 1567 948 1610 Hoc

60 1631 375 1682 argumentum
424 1638 557 1680 quam
607 1622 837 1665 infirmum
892 1623 948 1666 sit

62 1683 196 1724 hemo
220 1689 284 1722 est
306 1679 414 1738 quin
439 1678 698 1736 perspiciam
726 1680 813 1723 loci
839 1696 946 1725 vero

60 1737 220 1797 prolati
255 1735 364 1779 nihil
399 1737 631 1794 probant‚*
666 1736 767 1795 quia
802 1738 845 1780 in
880 1738 948 1793 iis,

60 1803 107 1838 ut
132 1810 305 1852 semper
327 1809 379 1835 eo
406 1793 626 1836 vocabulo
643 1828 652 1844 ‚
690 1796 806 1837 servi
841 1811 947 1838 con-

59 1852 168 1896 ditio
210 1850 486 1909 significatur
525 1868 603 1908 per
639 1852 945 1908 metaphoram

58 1909 113 1953 ad
135 1908 279 1952 simile
301 1908 406 1966 quid
435 1907 668 1951 translata.-
719 1909 776 1951 Et
799 1919 844 1951 ut
868 1909 945 1951 ho·

59 1975 228 2009 nestam
254 1966 412 2010 vocab.
432 1966 694 2008 sementiam
714 1966 943 2010 conceda-

58 2039 180 2074 mus,
210 2025 324 2067 bene
345 2038 392 2064 ea
414 2037 696 2065 voce-carere
721 2023 941 2080 potuisse-

57 2095 185 2131 mus,
223 2079 327 2138 quia
359 2079 403 2121 id
438 2078 542 2122 satis
575 2079 662 2122 iam
696 2078 942 2122 indicatum

56 2147 125 2181 est
153 2154 249 2181 voc.
285 2137 565 2192 obsequium.
638 2135 808 2179 Verum
843 2151 942 2195 per·

56 2195 194 2253 spexit
224 2191 506 2237 Strodtbeck.
537 2194 568 2236 l.
597 2192 627 2236 L
660 2210 703 2251 p.
729 2195 794 2236 18.
813 2226 825 2245 ,
866 2193 942 2236 ubi

56 2252 165 2297 haec
197 2252 291 2295 eius
327 2250 484 2292 verba:
526 2250 787 2301 „disserens
822 2252 942 2293 enim

57 2308 290 2353 Maternus
312 2305 498 2364 perinde
522 2323 575 2350 ac
597 2306 633 2350 si
658 2307 701 2348 in
728 2307 840 2349 vitio
872 2324 942 2348 es·-

55 2374 122 2409 set
142 2380 299 2410 vacare
317 2364 549 2414 servitute,
579 2379 678 2406 vere
699 2363 848 2406 illudit
871 2364 944 2407 ad·

58 2421 276 2470 versario,
307 2420 434 2464 cuius
453 2436 707 2475 sermonem
729 2421 941 2469 imitatur,

56 2479 220 2539 quippe
265 2494 398 2536 quem
447 2477 600 2521 servile
647 2494 778 2525 suum
821 2478 941 2535 inge-

55 2537 180 2581 nium
206 2551 311 2580 cum
337 2533 524 2577 ridicula
548 2534 736 2592 quadam
758 2535 940 2592 pingue·

54 2593 210 2639 tudine
232 2591 436 2634 effantem
460 2591 649 2635 inducit.
666 2593 696 2613 '⁷

111 2657 346 2695 oratorem
380 2647 807 2691 Lacedaemonium
849 2657 936 2693 etc.

55 2707 126 2753 Cf.
149 2705 400 2758 Cic.,Brut.
424 2721 463 2749 e.
487 2705 551 2758 13,
574 2706 642 2749 50.
673 2707 791 2763 Quis
818 2708 940 2748 enim

54 2771 140 2808 aut
158 2763 385 2816 Argivum
413 2770 646 2805 oratorem
670 2771 754 2806 aut
782 2763 937 2805 Corin·

56 2822 209 2865 thium
242 2828 327 2863 aut
361 2819 634 2863 Thebanum
674 2822 754 2862 scit
787 2822 939 2876 fuisse

56 2878 339 2933 temporibus
357 2877 449 2919 illis
462 2881 486 2919 3>
513 2879 605 2920 m'si
622 2880 730 2932 quid
750 2882 806 2919 de
824 2879 939 2933 Epu-

56 2937 313 2988 minonda,
362 2938 494 2976 docto
525 2937 735 2988 horm'ne,
788 2935 940 2985 suspi-

55 2992 160 3035 cari
184 2993 305 3036 libet.
373 2990 794 3047 Lacedaemonium
828 3007 938 3034 vero

55 3063 198 3105 usque
217 3051 282 3095 ad
302 3049 384 3091 hoc
406 3055 587 3102 tempus
609 3052 770 3092 audivi
784 3050 939 3104 fuisse

55 3108 313 3156 nerm'nem5
362 3121 494 3162 quem
544 3104 693 3149 locum
740 3107 936 3149 imitatus

35 3171 121 3206 4(μή
151 3161 270 3204 Vell.
305 3161 475 3205 Patere.
512 3165 548 3209 1,
581 3163 646 3206 18.
678 3179 822 3218 neque
856 3179 938 3218 ego

54 3223 140 3262 hoc
158 3220 309 3273 magis
330 3222 526 3262 mab-atus
545 3233 667 3268 sum,
697 3237 838 3275 quam
860 3236 937 3262 ne·

54 3277 230 3319 minem
243 3277 467 3330 Argivum
480 3307 492 3324 ‚
523 3277 567 3318 T
565 3278 797 3319 hebanum
810 3309 822 3332 ,
846 3277 936 3319 La·

53 3334 404 3376 aedae-monium
426 3341 664 3375 oratorem
677 3366 689 3389 ,
720 3342 802 3376 aut
820 3338 935 3376 dum

54 3391 171 3432 vixit
205 3391 508 3440 auctorante,
551 3400 635 3432 out
666 3399 771 3443 post
804 3407 935 3433 mor·-

56 3455 152 3489 tem
187 3448 420 3488 memoria
455 3448 647 3503 dignum
682 3449 934 3491 existima-

56 3511 180 3554 tum3
209 3501 369 3558 Quint.
395 3504 498 3547 lnst.
519 3521 583 3548 or.
605 3505 645 3555 2,
668 3506 734 3556 16,
754 3510 796 3548 4.
818 3507 938 3547 ideo·

57 3575 142 3614 que
172 3569 215 3602 et
252 3562 334 3614 (sc.
357 3559 676 3618 eloquentiam)
699 3561 938 3605 Lacedae—

1022 1112 1287 1154 mom'orum
1316 1112 1501 1153 civitate
1527 1116 1773 1166 expulsam
1788 1148 1800 1167 ,
1830 1117 1907 1160 ubi

1022 1169 1081 1212 cf.
1105 1169 1332 1227 Spalding.

1077 1243 1343 1294 accepimus.
1405 1238 1517 1282 Edd.
1543 1243 1747 1300 antiquae
1773 1260 1902 1301 prae-

1021 1298 1128 1340 bent
1168 1298 1442 1351 σερίριίηυε,
1493 1296 1610 1354 Spir.
1648 1316 1828 1358 quoque
1865 1313 1906 1346 et

1021 1354 1222 1405 Riviana‚
1251 1358 1304 1397 de
1328 1353 1486 1410 quibus
1510 1355 1562 1396 ab
1585 1356 1771 1415 interpr.
1795 1360 1905 1404 falsa

1019 1412 1195 1469 prodita
1227 1420 1357 1462 sunt3
1398 1411 1569 1469 Lipsius
1603 1416 1848 1460 emendavit
1882 1434 1904 1459 e

1020 1470 1120 1512 cod.
1144 1485 1224 1511 suo
1251 1469 1532 1522 accepimus,
1567 1470 1610 1512 in
1637 1488 1780 1529 eoque
1803 1490 1902 1532 sqq.

1019 1535 1188 1569 tautum
1227 1543 1319 1569 non
1357 1543 1514 1568 omnes
1552 1541 1902 1584 perseverarunt.

1017 1583 1139 1625 Idem
1167 1592 1300 1626 exstat
1321 1584 1366 1626 in
1388 1583 1491 1626 MS.
1509 1584 1646 1642 Neap.
1670 1609 1728 1619 —
1765 1588 1905 1632 Paulo

1018 1650 1119 1696 post
1158 1641 1385 1684 Schelium
1434 1640 1718 1687 offenderunt
1766 1647 1904 1691 verba

1017 1699 1342 1741 severissimae
1367 1701 1516 1752 leges,
1554 1702 1656 1756 quia
1680 1701 1795 1747 idem
1820 1718 1902 1747 vo-

1019 1756 1226 1798 cabulum
1257 1755 1392 1797 modo
1420 1768 1741 1813 praecesserat,
1772 1759 1904 1803 ideo-

1018 1829 1105 1869 que
1127 1815 1450 1855 sanctissimae
1471 1815 1556 1867 leg.
1583 1816 1808 1872 corrigere
1826 1833 1902 1858 vo·
1973 1831 1976 1835 ¹

1014 1871 1146 1913 lebat.
1207 1870 1295 1912 Sed
1320 1868 1386 1913 vis
1405 1869 1552 1927 aliqua
1571 1871 1684 1914 inest
1702 1874 1748 1915 in
1771 1873 1904 1918 huius

1014 1924 1226 1971 vocabuli
1249 1926 1536 1984 repetitione,
1567 1935 1616 1970 ut
1639 1928 1756 1985 infra
1772 1933 1903 1975 041.

1014 1993 1126 2027 extr.
1154 1985 1378 2039 quoniam
1407 1999 1546 2026 nemo
1578 1989 1740 2030 eodem
1777 1996 1902 2038 temrz

1008 2054 1124 2096 pore
1148 2042 1344 2097 adsequi
1371 2048 1522 2094 potest
1560 2058 1787 2098 magnam
1812 2047 1902 2103 sa*

1013 2113 1144 2141 mam
1168 2105 1214 2140 et
1237 2113 1467 2152 magnam
1492 2101 1703 2155 quietem.

1069 2186 1152 2213 nec
1189 2171 1499 2213 Macedonum
1546 2175 1744 2227 quidem.
1824 2174 1903 2220 Sic

1014 2226 1115 2271 MS.
1147 2226 1286 2284 Neap.
1322 2237 1363 2271 et
1398 2227 1498 2274 edd.
1536 2230 1709 2285 priores
1745 2246 1902 2275 omnes

1014 2300 1153 2341 usque
1178 2284 1231 2326 ad
1258 2284 1468 2342 ssipon1.,
1502 2285 1577 2341 qui
1602 2296 1786 2330 auctore
1810 2289 1900 2332 Er-

1014 2341 1155 2383 nestio
1179 2356 1238 2382 ne
1259 2342 1431 2384 Maced.
1457 2345 1643 2396 quidem
1663 2345 1900 2391 ediderunt

1014 2413 1117 2440 cum
1145 2397 1320 2441 Broter.
1356 2398 1533 2443 Schulz.
1567 2399 1725 2445 Oberl.
1760 2401 1898 2458 [Bek-

1013 2453 1162 2510 kero].
1208 2453 1382 2498 Dronk.
1397 2454 1563 2498 Osann.
1579 2455 1723 2511 Orell.
1747 2459 1900 2515 [Boet-

1011 2510 1115 2554 tich.
1143 2519 1185 2554 et
1205 2511 1414 2570 Rupere]
1439 2521 1632 2556 veterem
1657 2515 1896 2563 lectionem

1010 2578 1298 2612 revocarunt.
1357 2569 1414 2612 cf.
1459 2580 1555 2614 not.
1597 2572 1659 2615 ad‘
1694 2589 1789 2632 cap.
1828 2579 1894 2619 10.

1014 2627 1064 2667 ln
1096 2641 1218 2683 seqq.
1249 2633 1331 2668 aut
1354 2627 1606 2670 Persarum
1639 2631 1897 2685 scriberem,

1009 2683 1044 2724 si
1072 2683 1326 2726 addicerent
1348 2682 1474 2733 libri,
1505 2694 1551 2728 ut
1575 2685 1734 2730 melius
1758 2705 1906 2747 ‹2an.

1008 2739 1098 2781 tiati
1123 2740 1323 2782 membra
1345 2739 1463 2783 inter
1487 2757 1532 2784 se
1557 2742 1893 2790 cohaeres-enus

1064 2820 1148 2852 aut
1170 2813 1306 2854 ullius
1324 2814 1488 2867 gentis.
1552 2817 1647 2858 Aut
1669 2816 1897 2862 exhibetur

1011 2884 1034 2910 a
1055 2867 1341 2926 MSS.Neap.
1358 2870 1536 2923 [Farn.]
1553 2871 1716 2916 Vaticc.
1733 2907 1745 2925 ‚
1775 2875 1893 2920 idem

1011 2925 1309 2983 praetulerant
1336 2926 1553 2971 Schurzss.
1592 2937 1634 2972 et
1672 2930 1894 2977 Heuman-

1010 2999 1119 3035 nus,
1160 2992 1202 3025 et
1230 2993 1495 3041 receperunt
1520 2995 1621 3044 post
1643 2987 1892 3033 Ernestium

1010 3041 1283 3082 recentiores
1313 3040 1413 3085 edd.
1445 3050 1619 3098 praeter
1643 3044 1800 3089 Oberl.
1832 3050 1894 3103 [et

1010 3097 1240 3154 Rupert.],
1282 3097 1358 3154 qui
1393 3100 1593 3156 priorum
1628 3102 1725 3145 edd.
1761 3121 1892 3147 erro-

1009 3171 1101 3196 rem
1139 3170 1193 3196 ac
1231 3156 1369 3197 ullius
1404 3157 1709 3201 restituerunt.
1783 3162 1889 3205 MS.

1009 3211 1145 3268 Neap.
1170 3212 1293 3254 illius
1315 3214 1496 3270 praebet
1520 3230 1600 3272 pro
1622 3217 1785 3269 ullius,
1824 3219 1887 3262 sa·

1008 3267 1080 3310 cili
1107 3284 1275 3310 errore.
1320 3291 1370 3303 -
1432 3270 1607 3314 Deinde
1636 3288 1718 3339 pro
1736 3276 1892 3328 fuerit

1007 3324 1260 3367 Heumann.
1286 3325 1537 3384 corrigebat
1558 3328 1686 3383 suit,
1728 3340 1772 3374 et
1807 3348 1891 3390 pro

1005 3382 1223 3424 novimus
1253 3382 1299 3424 in
1319 3381 1501 3426 Schulz.
1536 3387 1772 3444 exemplari
1802 3405 1893 3434 no·-

1007 3439 1212 3481 tavimus
1233 3440 1449 3498 scriptum
1473 3449 1552 3485 est.

1059 3507 1255 3560 plurimi
1270 3507 1593 3555 Athenienses.
1651 3512 1726 3557 Sic
1757 3515 1892 3560 MSS.

1009 3562 1146 3621 Neap.
1163 3563 1339 3620 [Farn.]
1365 3575 1406 3609 et
1429 3567 1598 3613 Vaticc.
1613 3599 1627 3624 ,
1660 3571 1762 3616 edd.
1779 3572 1888 3616 Bro-
1907 3605 1909 3607 -

1200 3624 1381 3682 Bbss
