2150 4022
368 323 369 326 η
422 279 658 341 IULH
706 277 1032 341 AGRIC.
1079 278 1320 375 VITA
1363 280 1561 343 CAP.
1600 282 1695 342 12.
1865 281 1983 340 137

137 410 426 471 imbribus
461 430 528 466 ac
562 410 798 467 nebulis
832 410 1100 466 foedum:
1159 409 1437 483 asperitas
1475 410 1763 484 frigorum
1805 411 1988 471 abest.

135 496 382 555 Diernm
405 495 589 569 spatia
613 496 769 551 ultra
791 495 982 551 nostri
1005 495 1166 550 orbis
1193 515 1531 551 mensuram
1548 541 1564 565 ‚
1600 508 1657 552 et
1683 516 1799 552 nox
1830 497 1988 554 clara

140 594 198 638 et
218 593 474 651 extrema
502 578 844 636 Britanniae
877 591 1041 654 parte
1081 579 1310 647 brevis,
1353 591 1420 636 ut
1451 581 1629 635 finem
1657 593 1831 657 atque
1865 581 1986 636 ini-

137 665 454 727 tiumlucis
477 666 683 738 exiguo
713 665 1052 720 discrimine
1081 665 1458 722 internoscas.
1534 668 1694 742 quod
1722 667 1773 722 si
1796 667 1986 723 nubes

137 771 262 807 non
296 750 583 819 officiant,
619 750 799 824 aspici
836 769 941 824 per
964 761 1196 806 noctem
1225 749 1364 804 solis
1387 750 1705 821 fulgorem,
1743 771 1850 807 nec
1888 771 1990 807 oc-

138 835 331 892 cidere
383 846 442 891 et
493 854 826 908 exsurgere,
883 834 984 889 sed
1026 833 1274 890 transire
1326 833 1656 894 adfirmant.
1766 836 1988 892 scilicet

140 931 394 976 extrema
429 932 486 976 et
518 921 696 994 plana
732 931 1020 976 terrarum
1065 915 1281 975 humili
1315 918 1525 974 umbra
1575 940 1698 976 non
1753 922 1987 994 erigunt

140 1006 439 1074 tenebam,
482 1004 751 1081 infraque
783 1004 1011 1061 coelum
1049 1016 1104 1061 et
1127 1004 1318 1059 sidera
1360 1023 1479 1059 nox
1518 1005 1692 1064 cadit.
1778 1005 1988 1063 Solum

140 1101 372 1166 praeter
427 1090 616 1146 oleam
675 1090 968 1165 vitemque
1024 1100 1081 1146 et
1141 1099 1330 1146 cetera
1386 1088 1770 1146 calidioribus
1816 1089 1990 1147 terris

142 1175 287 1231 oriri
341 1186 503 1232 sueta
556 1175 813 1250 patienS‚
889 1175 1127 1247 frugum
1185 1173 1524 1230 fecundum.
1637 1175 1802 1231 tarde
1872 1175 1989 1231 mi-

143 1271 401 1329 tescunt,
477 1259 590 1316 cito
648 1258 1023 1334 proveniunt.

143 1364 315 1402 causa
381 1345 603 1402 multus
661 1341 877 1402 humor
924 1355 1211 1401 terrarum
1270 1343 1552 1421 coelique.'

146 1649 274 1694 Caes.
295 1650 344 1691 B.
369 1648 424 1693 G.
451 1650 491 1694 5.
516 1651 582 1692 12.
608 1650 733 1692 Loca
766 1658 874 1692 sunt
906 1593 1030 1692 cerins-⁶

141 1709 383 1761 peraciora
408 1722 549 1762 quam
573 1709 622 1748 in
650 1708 832 1756 Gallia,
859 1710 1027 1750 remis-

145 1764 620 1820 sa'oribusfrigoribus.

201 1593 429 1643 asperitas
457 1591 700 1646 frigorum
736 1596 885 1637 abest.

201 1880 381 1933 dierum
412 1879 586 1930 spacia.
644 1878 703 1922 cf.
734 1878 859 1924 Caes.
886 1879 941 1924 Β.
968 1879 1029 1923 G.

149 1935 190 1986 5,
212 1934 280 1978 13.
342 1934 458 1978 vlia.
480 1935 538 1978 N.
563 1935 617 1977 Η.
649 1937 692 1985 2,
714 1939 785 1980 75.

205 2067 250 2103 ec
274 2076 374 2105 nox
400 2066 548 2107 clam.
609 2061 713 2107 MS.
735 2063 882 2108 Vatic.
905 2064 1034 2108 3429.

147 2119 250 2165 edd.
275 2119 450 2164 Broter.
477 2121 670 2165 Seebod.
702 2121 887 2166 Becker.
917 2122 1036 2165 Her-

148 2177 221 2222 tel.
246 2178 459 2223 omittunt
481 2186 554 2230 et;
583 2179 747 2222 babent
771 2179 908 2223 ceteri
934 2179 1035 2223 libri

149 2250 333 2285 omnes,
379 2252 463 2280 nec
496 2236 659 2295 inepte.
751 2237 811 2281 cf.
844 2245 942 2280 not.
979 2237 1033 2279 ad

148 2307 244 2350 cap.
271 2293 338 2336 11.

209 2422 427 2464 occidere.
486 2421 564 2465 Sic
588 2421 686 2465 edd.
703 2421 908 2465 Rhenan.
935 2422 1036 2465 Ald.

149 2492 248 2535 sqq.
285 2506 344 2513 -
410 2482 646 2521 concidere
688 2480 788 2522 edd.
831 2479 929 2522 Pul.
966 2497 1033 2536 pr.

150 2538 219 2581 hl.
244 2543 286 2578 et
305 2534 363 2583 V..
389 2535 493 2580 Riv.
519 2536 722 2578 Beroald.
753 2536 878 2584 Ale„
923 2552 1042 2593 quae,

149 2591 338 2641 varietas
361 2594 418 2637 ob
444 2610 544 2637 com
582 2594 765 2636 endium
785 2597 956 2636 §cidere
977 2592 1038 2648 (h.

150 2668 189 2696 e.
230 2651 486 2706 concidere)
564 2650 673 2705 acile
716 2651 863 2708 potuit
910 2651 1036 2693 oriri.

149 2708 221 2753 De
243 2707 380 2753 codd.
403 2709 538 2752 MSS.
563 2708 791 2751 silentium
814 2717 893 2752 est.

207 2850 305 2879 non
336 2837 512 2891 erigunt
538 2838 776 2884 tenebras,
837 2835 954 2880 Plin.
980 2834 1038 2878 N.

153 2892 208 2936 Η.
231 2894 272 2944 2,
298 2895 366 2937 10.
395 2908 540 2950 neque
567 2895 700 2936 aliud
732 2907 830 2936 esse
857 2900 1041 2935 noctem

153 2966 296 3006 quam
340 2958 506 2993 terrae
568 2954 802 2993 umbram.
908 2951 1038 3006 Quae

154 3009 310 3050 umbra
336 3009 481 3066 primo
506 3017 607 3052 ortu
632 3010 772 3065 surgit
804 3025 827 3052 e
849 3017 969 3052 terra
997 3015 1038 3050 et

156 3063 258 3107 dein
301 3065 464 3107 sensim
503 3066 721 3109 attollitur
760 3065 807 3108 in
848 3065 1040 3110 coelum.

156 3122 210 3164 ln
255 3121 338 3163 illis
383 3131 528 3164 autem
566 3123 719 3172 terris,
776 3122 830 3165 de
878 3122 1040 3179 quibus

155 3177 318 3221 Noster
346 3177 568 3236 loquitur,
601 3181 761 3222 umbra
788 3188 934 3223 manet
958 3179 1038 3220 hu·-

154 3235 274 3279 milis
296 3251 380 3278 nec
404 3235 635 3294 eriguntur
657 3237 865 3281 tenebrae
891 3236 1036 3279 infra-

155 3307 240 3349 que
263 3293 439 3337 coelum
464 3302 507 3335 et
530 3294 672 3338 sidera
696 3310 782 3336 nox
808 3294 940 3337 cadit.

206 3422 420 3478 patiens,
473 3436 646 3476 rugum
654 3422 927 3478 secundum.
976 3421 1038 3464 Ita

158 3475 281 3520 locus
305 3488 396 3521 erat
418 3480 753 3536 distinguendus
776 3497 823 3523 ex
844 3478 1036 3523 auctori·

159 3540 246 3575 tate
279 3536 446 3580 codicis
475 3537 615 3581 vatic.
644 3536 772 3580 3429.
846 3537 916 3580 Ad
949 3553 1037 3582 vo-

159 3606 257 3633 cem
284 3595 467 3644 patiens
488 3592 685 3651 intellige
718 3610 767 3638 ea
798 3609 911 3652 quae
942 3603 1038 3638 ter-

1150 1259 1470 1334 eademque
1527 1259 1834 1335 utriusque
1901 1259 1991 1315 rei

1664 1342 1806 1402 Fert
1852 1342 1990 1401 Bri-

1101 1592 1163 1636 ris
1209 1591 1317 1635 oriri
1362 1591 1508 1636 solent
1542 1592 1879 1649 (Geweiohse),
1939 1601 1991 1637 ut

1102 1650 1318 1694 sententia
1355 1650 1432 1693 sit:
1481 1649 1645 1693 Oleam
1682 1650 1911 1707 vitemque
1947 1659 1992 1693 et

1103 1715 1248 1752 cetera
1277 1707 1565 1750 calidioribus
1599 1706 1731 1749 terris
1769 1708 1877 1750 oriri
1910 1723 1993 1750 so-

1102 1765 1178 1808 lita
1215 1764 1362 1807 solum
1402 1763 1655 1807 Britanniae
1686 1780 1779 1806 non
1813 1764 1992 1822 patitur,

1103 1830 1378 1873 ceterorum,
1411 1838 1524 1879 quae
1544 1821 1676 1864 terris
1699 1821 1806 1864 oriri
1830 1821 1990 1872 solent,

1102 1880 1271 1936 patiens
1296 1886 1372 1929 est,
1404 1878 1451 1922 in
1476 1878 1631 1935 primis
1654 1878 1850 1936 frugum,
1882 1895 1992 1937 qua-

1102 1953 1205 1981 rum
1241 1952 1333 1978 non
1365 1945 1538 1980 tantum
1578 1936 1870 2032 estvpatiens,
1913 1937 1992 1980 sed

1105 1994 1239 2037 etiam
1290 1993 1558 2036 fecundum.
1691 1993 1853 2050 ulgaris
1902 1993 1994 2037 loci

1106 2051 1332 2094 distinctio
1356 2053 1566 2107 (patiens
1579 2048 1803 2106 frugum,
1819 2051 1992 2105 fecun-

1105 2111 1235 2164 dum)
1260 2116 1468 2152 contorta
1490 2116 1555 2151 est
1573 2115 1615 2150 et
1643 2109 1786 2150 miror
1818 2107 1993 2166 patien-

1104 2167 1210 2210 tiam
1252 2166 1569 2223 interpretum,
1617 2165 1696 2223 qui
1736 2164 1883 2208 adhuc
1920 2174 1995 2209 to-

1106 2222 1320 2267 lerarunt.
1376 2223 1488 2265 Nam
1511 2222 1546 2266 si
1570 2222 1679 2266 dicis
1701 2222 1849 2274 solum
1870 2237 1996 2280 prae·

1104 2290 1173 2324 ter
1208 2280 1350 2324 oleam
1374 2280 1602 2337 vitemque
1633 2287 1675 2322 et
1705 2288 1853 2322 cetera
1885 2280 1998 2324 cali-

1106 2337 1308 2380 dioribus
1347 2336 1477 2380 terris
1517 2336 1627 2380 oriri
1659 2345 1782 2379 sueta
1823 2337 1996 2393 patiens

1106 2412 1198 2438 esse
1221 2394 1416 2451 frugum,
1444 2397 1584 2436 immo
1608 2393 1870 2442 fecundum,
1897 2402 1995 2438 tum

1107 2453 1315 2494 adfirmas
1357 2451 1504 2493 solum
1537 2450 1648 2494 illud
1690 2466 1784 2492 non
1820 2458 1997 2496 tantum

1108 2509 1299 2566 prodere
1332 2508 1480 2550 oleam
1515 2508 1741 2565 vitemque
1775 2515 1816 2550 et
1851 2517 1999 2552 cetera

1111 2582 1150 2609 c.
1185 2574 1218 2608 ί.
1258 2581 1302 2608 o.
1336 2565 1488 2615 solita,
1533 2565 1609 2607 sed
1647 2563 1778 2606 etiam
1812 2566 1998 2624 frugum

1111 2639 1203 2664 esse
1227 2622 1422 2680 patiens,
1451 2619 1594 2664 immo
1618 2620 1866 2665 fecundum
1889 2625 1997 2679 (ete-

1111 2679 1205 2722 nim
1238 2679 1358 2730 olea,
1411 2678 1512 2722 vitis
1548 2685 1590 2721 et
1620 2677 1720 2722 talia
1764 2694 1859 2723 non
1893 2688 2000 2724 sunt

1108 2737 1282 2795 fruges,
1314 2735 1389 2779 sed
1419 2735 1615 2778 invicem
1645 2735 1728 2778 sibi
1759 2753 1998 2795 opponun-

1109 2802 1183 2837 tur
1207 2794 1356 2851 fruges
1383 2801 1426 2835 et
1452 2793 1558 2847 illa).
1630 2790 1796 2835 Verum
1830 2796 1997 2838 scimus

1110 2851 1265 2894 Tacito
1298 2850 1383 2893 dici
1407 2850 1710 2898 contrarium,
1741 2867 1903 2909 nempe
1925 2868 1998 2894 so·

1112 2908 1205 2952 lum
1239 2923 1330 2953 esse
1353 2907 1524 2964 patiens
1551 2923 1731 2955 rerum,
1760 2924 1873 2966 quae
1898 2917 1995 2951 ter-

1110 2967 1170 3008 ris
1195 2965 1437 3023 provenire
1459 2964 1618 3016 solent,
1649 2973 1823 3023 praeter
1848 2965 1997 3009 oleam

1111 3024 1331 3081 vitemque
1365 3030 1407 3064 et
1440 3029 1585 3065 cetera
1619 3037 1660 3065 c.
1692 3030 1728 3064 t.
1766 3039 1808 3066 o.
1843 3032 1995 3066 sueta:

1109 3079 1290 3137 frugum
1333 3095 1426 3122 non
1459 3087 1635 3125 tantum
1669 3079 1865 3139 patiens,
1918 3079 1997 3123 sed

1110 3136 1376 3182 seeundum.

1168 3252 1435 3304 eademque.
1486 3250 1564 3296 Sic
1586 3249 1803 3294 editiones
1827 3258 1995 3293 veteres

1108 3315 1151 3349 et
1202 3322 1344 3362 nuper
1383 3307 1560 3352 Dronk.
1598 3306 1784 3350 Becker.
1824 3306 1994 3350 Hertel.

1108 3363 1303 3407 Walch.
1329 3388 1381 3398 —-
1436 3363 1603 3408 Contra
1618 3363 1826 3407 oberlin.
1852 3362 1994 3407 Wei-

1108 3420 1221 3464 kert.
1251 3421 1440 3465 Naudet.
1475 3422 1666 3465 Bekker.
1707 3419 1783 3462 alii
1825 3421 1994 3464 omise-

1107 3485 1216 3520 runt
1249 3480 1457 3536 copulam
1493 3495 1601 3535 que,
1630 3486 1680 3519 ut
1704 3477 1904 3529 videtur,
1934 3480 1993 3522 ob

1108 3540 1425 3592 κακοφωνίαν.
1503 3536 1589 3579 Sed
1623 3550 1672 3578 ea
1704 3533 1800 3593 lege
1830 3551 1924 3590 uon
1948 3535 1995 3578 li·

1109 3601 1180 3638 cet
1208 3595 1393 3652 grassari
1420 3593 1468 3636 in
1490 3592 1712 3637 Tacitum.
