2150 4022
247 293 368 349 388
753 285 874 343 DE
933 280 1590 346 ORATORIBUS

242 420 440 478 omnia
467 416 751 492 populus,
790 415 987 471 omnia
1013 414 1304 490 imperiti,
1348 416 1546 480 omnia
1565 462 1582 486 ‚
1626 425 1692 472 ut
1716 414 1803 472 sic·
1823 415 2090 498 diieriin)

242 522 445 562 omnes
478 512 764 576 poterant.
848 498 1062 556 Nostra
1092 520 1326 577 quoque
1356 501 1592 575 civitas,
1635 502 1824 557 donec
1856 493 2091 572 erravit,

243 594 429 647 donec
458 606 516 642 se
543 586 808 660 partibus
834 596 889 641 et
913 583 1381 642 dissensionibus
1409 596 1465 642 et
1489 585 1799 643 discordiis
1822 586 2090 657 confecit,

241 677 428 731 (louec
458 671 624 727 nulla
650 670 763 726 fuit
786 670 847 724 in
878 669 1008 726 foro
1036 690 1178 744 pax,
1232 670 1397 726 nulla
1429 670 1494 726 in
1524 681 1730 727 senatu
1757 671 2090 741 concordia,

241 760 406 816 nulla
432 757 496 811 in
527 755 761 811 iudiciis
791 747 1115 825 moderatio
1137 801 1152 823 ,
1208 755 1372 811 nulla
1408 755 1774 830 superiorum
1812 746 2122 814 reveren-‘-

240 846 348 912 tia‚
392 842 594 898 nullus
616 840 1060 914 magistratuum
1085 841 1326 910 modim,
1367 841 1503 897 tulit
1525 840 1651 896 sine
1675 841 1857 899 dubio
1883 842 2087 899 valen-

239 931 451 986 tiorem
475 926 893 1001 eloquentiam3
933 926 1082 981 sicut
1101 924 1426 982 indomitus
1449 944 1583 999 ager
1605 920 1782 982 habet
1798 926 2086 1006 'quasdam

231 1011 452 1071 ‘herbas
499 1011 788 1069 laetiores.
876 1012 976 1066 sed
1017 1031 1123 1066 nec
1159 1010 1309 1067 tanti
1346 1010 1433 1067 rei
1476 1010 1745 1086 publicae
1786 1007 2088 1068 Graccho-

239 1121 374 1157 rum
406 1096 740 1172 eloquentia
764 1095 902 1164 fui-t,
946 1106 1011 1151 ut
1037 1105 1336 1170 pateretur
1365 1107 1421 1152 et
1446 1096 1627 1169 leges:
1683 1115 1791 1155 nec
1821 1097 1971 1154 bene
1996 1097 2086 1154 fa..

237 1206 394 1242 mam
426 1181 793 1259 eloquentiae
818 1179 1022 1238 Cicero
1053 1181 1157 1236 tali
1187 1181 1347 1238 exitu
1372 1180 1660 1256 pensavit.

237 1378 326 1424 ter.
360 1372 537 1422 Dronk.
574 1370 751 1415 Osann.
786 1369 933 1414 Orell.
970 1370 1128 1424 [Bekk.

239 1445 283 1480 et
302 1430 569 1485 Boettich.];
613 1428 661 1471 in
684 1427 869 1485 reliquis
894 1428 995 1472 edd.
1021 1445 1126 1473 mu-

241 1500 331 1538 tato
355 1489 599 1536 verborum
624 1486 782 1528 ordine
807 1485 968 1542 legitur
991 1490 1128 1529 Athe-

240 1551 427 1593 nienses
469 1545 690 1602 plurimi,
745 1544 891 1600 [quod
939 1543 1126 1602 Rupert-

238 1606 471 1660 servavit}

294 1696 438 1733 donec
472 1687 665 1730 errauit.
722 1684 908 1727 Referas
934 1684 987 1727 ad
1016 1683 1147 1727 civi->

238 1761 370 1797 tatem
403 1747 694 1789 fluctuantem
724 1750 766 1785 et
789 1749 911 1785 certo
937 1743 1127 1800 imperio

236 1813 490 1855 carentem,
542 1801 681 1846 veluti
720 1801 865 1846 viator
901 1809 1023 1843 recta
1055 1800 1128 1844 via

237 1869 446 1912 aberrans
467 1858 539 1906 vel
560 1857 682 1901 navis
704 1858 1005 1915 gubernatore
1028 1858 1123 1913 pri-

234 1933 352 1968 vata.
416 1919 518 1975 Qua
537 1916 798 1971 metaphora
820 1914 865 1955 in
889 1915 950 1956 rei
975 1916 1121 1972 publi.

236 1997 315 2026 eae
340 1985 504 2021 statum
539 1972 750 2016 translata
774 1971 882 2014 nihil
918 1971 1124 2029 frequen.

236 2039 322 2084 tius
357 2043 423 2078 est
455 2031 572 2091 apud
596 2029 796 2072 Latinos.
855 2028 1012 2071 Inutile
1047 2030 1125 2086 igi.

234 2106 337 2148 tur,
374 2094 423 2136 in
454 2087 573 2146 quod
601 2086 805 2129 Rhenani
838 2101 1027 2128 acumen
1060 2088 1125 2129 in·

237 2152 374 2202 cidit,
410 2147 635 2195 certavit‚·
672 2144 766 2201 ipse
800 2143 972 2201 egregie
1002 2145 1124 2202 vulg,

235 2212 342 2255 lect.
365 2203 593 2264 explicavit
614 2215 717 2258 per:
747 2199 989 2245 fluctuavit.

291 2293 425 2336 nulla
445 2290 494 2331 in
514 2291 682 2330 senatu
703 2286 961 2335 concordia,
990 2287 1125 2327 nulla

235 2355 285 2397 in
310 2347 488 2393 iudt'cit's
512 2345 785 2386 moderatio.
840 2372 868 2392 ,‚
883 2342 1122 2399 Sequentia

237 2408 391 2454 omnia
416 2402 564 2450 addita
588 2407 692 2442 sunt
716 2398 875 2441 auxilio
901 2398 1027 2449 libri,
1057 2400 1122 2442 id.

236 2483 324 2527 que
343 2459 628 2509 admonuisse
647 2456 915 2501 suffecerit.'‘
971 2457 1035 2499 lna
1059 2457 1124 2499 in.

237 2521 463 2584 quitLips.
481 2553 491 2570 ,
515 2516 590 2576 qui
612 2514 711 2556 edd.
730 2513 902 2569 antiqu.
920 2514 1124 2558 lacunam

233 2601 258 2626 e
294 2580 394 2625 cod.
422 2578 589 2623 Fam„
627 2587 825 2630 quocum
851 2572 954 2615 MS.
980 2572 1118 2631 Neap.

234 2640 338 2684 facit
353 2670 365 2692 5
400 2631 599 2691 explevit.

291 2719 659 2773 magistratuum
705 2716 889 2757 modus.
977 2711 1121 2756 Orell.

234 2776 431 2825 coniecit
464 2782 642 2824 metus,
683 2772 803 2828 quod
841 2787 931 2814 non
969 2779 1120 2827 aptum

233 2846 325 2886 est3
361 2835 530 2883 modus
552 2828 868 2886 intelligendus
893 2838 956 2871 est
980 2831 1033 2870 «ie
1059 2828 1120 2870 es·

233 2894 405 2937 frenata
443 2884 674 2932 oratorum
708 2885 882 2928 licentia
918 2903 996 2943 per
1030 2903 1119 2927 ma-

234 2952 442 3011 gistratus
471 2944 679 2988 coercita.
720 2952 949 3000 nequeunt
970 2951 1117 2986 aulem

232 3011 343 3053 haec
369 3009 471 3049 cum
498 3002 674 3046 Schulz.
697 3011 740 3044 et
764 3001 856 3043 aliis
882 2999 1039 3042 referri
1065 3000 1119 3042 ad

231 3065 566 3121 magistratuum
590 3066 849 3116 potestatem
867 3057 1000 3100 nullis
1016 3057 1121 3115 legi·

231 3125 315 3167 bus
342 3119 750 3173 circumscriptam.

290 3206 402 3248 sicut
455 3200 710 3241 indomitus
761 3213 888 3253 ager,
981 3197 1116 3242 MSS·

234 3265 374 3319 Neap·
406 3258 583 3313 [Fam]
620 3265 660 3298 el
695 3257 765 3299 ed.
799 3255 918 3313 Spir.
953 3255 1118 3298 habent

230 3322 364 3364 sicuti
387 3317 588 3359 domitus
609 3327 745 3368 ager,
781 3330 826 3354 ex
850 3328 937 3369 qna
961 3329 1115 3356 corru-

229 3378 345 3436 ptela
373 3373 592 3430 scriptura
620 3386 642 3412 a
663 3386 733 3412 me
759 3371 942 3426 probata
974 3371 1117 3412 oritur

230 3433 350 3478 facili
371 3430 575 3486 negotio;
596 3444 610 3468 ‹
629 3442 729 3471 uam
753 3427 963 3484 praebent
983 3426 1112 3469 etiam

227 3491 330 3536 edd.
352 3489 454 3531 Ald.
479 3443 652 3528 Dronlt.
680 3484 853 3527 Osann.
878 3483 1019 3526 Orell.
1049 3486 1113 3533 [et

227 3544 595 3597 recentissimae}
668 3542 937 3583 Puteolanus
974 3541 1112 3584 edidit

223 3602 626 3650 sicutiindamz'tus
648 3613 782 3654 ager,
822 3599 943 3656 quod
978 3597 1023 3641 in
1058 3597 1108 3640 li-

1180 2371 1295 2428 suit.

1201 1370 1290 1415 bris
1331 1379 1559 1417 servatum
1600 1380 1667 1416 est
1706 1372 1802 1416 fere
1845 1386 1988 1430 usque
2029 1369 2086 1415 ad

1198 1438 1350 1474 nostra
1380 1438 1600 1488 tempora.

1256 1513 1490 1557 laetiores.
1557 1511 1682 1566 [MS.
1714 1511 1873 1567 Farn.]
1907 1521 1952 1557 et
1981 1512 2083 1558 edd.
2131 1553 2144 1559 -

1199 1571 1317 1627 Spir.
1350 1571 1454 1614 Put.
1483 1570 1586 1614 Riv.
1621 1570 1723 1612 Ber.
1750 1568 1852 1612 Ale.
1882 1568 2086 1614 exhibent

1199 1629 1422 1684 latiores,
1473 1628 1595 1683 quod
1637 1625 1876 1673 Rhenanus
1916 1626 2084 1685 optime

1200 1687 1412 1729 correxit.
1474 1684 1552 1729 Sic
1579 1683 1704 1741 Virf.
1729 1683 1896 1753 Georg.
1924 1687 1962 1736 1,
1982 1683 2088 1732 389.

1199 1746 1338 1787 laetis·
1358 1750 1582 1798 operatus
1601 1742 1650 1784 in
1671 1742 1843 1794 ker-bale,
1862 1741 2084 1795 1h.3.·494.

1199 1804 1336 1844 laetis
1361 1832 1373 1845 .
1394 1832 1404 1842 .
1432 1803 1698 1842 moriuntur
1725 1800 1773 1843 in
1797 1801 1976 1856 herbis,
2019 1801 2083 1850 ib.

1199 1861 1238 1906 1,
1261 1859 1333 1904 69.
1369 1858 1580 1916 officiant
1614 1858 1751 1901 laetis
1782 1872 1842 1900 ne
1861 1856 2084 1915 frugibus

1195 1919 1394 1968 herbae,
1422 1925 1464 1960 et
1494 1915 1684 1974 saepius.
1894 1928 1897 1930 ’

1254 2003 1352 2044 sed.
1407 1997 1750 2044 Schurzsseisch.
1772 2007 1922 2044 narrat
1940 2001 1989 2045 in
2010 2001 2084 2046 ed.

1198 2058 1358 2101 Venet.
1398 2067 1562 2100 exstare
1599 2060 1685 2101 sed
1721 2059 1856 2110 dein,
1911 2057 1959 2102 in
1995 2058 2078 2102 Ri-

1197 2117 1327 2159 viana
1350 2130 1459 2158 vero
1476 2147 1488 2163 ,
1529 2130 1662 2170 quam
1685 2113 1764 2157 illo
1790 2115 1978 2160 nomine
2002 2116 2080 2160 in·

1196 2173 1343 2215 dicare
1368 2173 1479 2214 solet
1501 2171 1746 2225 Schurzfl.,
1777 2172 1864 2217 tale
1884 2174 2080 2220 vocabu·

1197 2230 1289 2272 lum
1318 2246 1410 2272 non
1437 2238 1684 2287 comparet.
1917 2252 1921 2258 ·

1250 2329 1334 2357 nec
1365 2313 1489 2356 tanti
1517 2313 1593 2355 rei
1616 2313 1827 2367 publicae
1851 2312 1936 2362 Gr.
1965 2316 2084 2372 eloq-

1407 2369 1542 2415 MSS.
1591 2369 1733 2429 Neap.
1787 2370 1982 2428 [Fam]
2037 2379 2081 2417 et

1198 2429 1371 2473 Vaticc.
1424 2427 1628 2471 exhibent
1687 2437 1947 2487 corruptam
2009 2429 2078 2475 le-

1197 2487 1421 2531 ctionem:
1482 2499 1566 2529 nec
1611 2492 1713 2528 tuta
1760 2487 1834 2528 rei
1867 2489 2079 2542 publicae

1200 2546 1279 2587 Gr.
1310 2547 1368 2586 el.
1387 2544 1501 2598 fuit.
1562 2542 1635 2587 Ad
1657 2559 1753 2586 eam
1776 2545 2099 2604 compositum·

1197 2609 1286 2652 est,
1331 2600 1453 2660 quod
1489 2601 1535 2643 in
1571 2599 1670 2643 edd.
1696 2599 1816 2657 Spir.
1846 2597 1949 2652 Pm.
1976 2601 2086 2656 Rir.⁸

1195 2659 1298 2702 Ber.
1314 2659 1418 2702 Alc.
1441 2666 1598 2701 exstat:
1626 2672 1707 2700 nec
1730 2664 1833 2701 tuta
1851 2673 1931 2702 res
1946 2662 2076 2712 publ.

1199 2718 1280 2759 Gr.
1302 2716 1426 2771 el.j:‚
1449 2715 1571 2772 quod
1592 2730 1822 2759 revocasse
1844 2732 1890 2759 se
1903 2716 2082 2762 Osann.

1193 2774 1274 2825 ait,
1315 2774 1385 2817 cui
1421 2788 1513 2815 non
1543 2774 1740 2828 paruisse
1764 2771 1972 2818 videmur
2001 2784 2074 2833 ty-

1191 2831 1410 2889 pothetae.
1442 2829 1680 2872 Rhenanus
1695 2829 1970 2885 emendavit:
1994 2847 2077 2876 nec

1191 2890 1317 2931 tanti
1345 2889 1414 2930 rei
1434 2888 1559 2942 publ.
1592 2885 1673 2929 Gr.
1705 2889 1761 2928 el.
1783 2887 1910 2945 suit,
1952 2889 2075 2948 quod

1191 2946 1400 3002 deinceps
1426 2959 1584 2987 omnes
1610 2943 1917 3001 probaverunt
1939 2962 2075 3006 prae·

1189 3011 1258 3045 ter
1289 3001 1506 3053 Seebod.,
1544 3017 1743 3059 quocum
1773 2999 1949 3050 Osann.
1984 3005 2074 3049 edi-

1190 3060 1279 3103 dit:
1304 3074 1386 3101 neo
1410 3067 1549 3101 tanta
1570 3059 1642 3102 rei
1658 3074 1708 3112 p.
1727 3057 1811 3104 Gr.
1824 3062 1878 3105 el.
1891 3061 1939 3118 fi
1997 3061 2071 3108 Cf.

1192 3133 1289 3175 cap.
1320 3116 1392 3160 37.
1434 3130 1531 3159 non
1574 3118 1685 3172 quia
1724 3119 1849 3159 tanti
1871 3118 1973 3175 suit
2004 3121 2079 3163 rei

1185 3175 1394 3229 publicae
1417 3176 1571 3216 malos
1581 3173 1718 3229 ferre
1741 3176 1877 3219 cives.

1246 3272 1331 3299 nec
1383 3259 1497 3299 bene
1538 3257 1732 3312 famam
1785 3259 2073 3314 eloquentiae

1192 3315 1279 3357 Cic.
1317 3322 1350 3356 c.
1390 3329 1467 3356 ex.
1503 3317 1733 3368 pensavit.
1803 3315 1917 3359 Edd.
1953 3318 2071 3360 anti-

1189 3387 1298 3428 quae
1321 3381 1363 3414 et
1386 3387 1481 3428 sqq.
1512 3372 1660 3430 plerae
1695 3387 1749 3414 ue
1783 3374 2074 3419 consentiunt

1184 3427 1229 3470 in
1276 3427 1491 3471 lectione:
1541 3444 1623 3470 nec
1695 3443 1812 3471 onae
1843 3430 2070 3485 formam

1184 3487 1475 3540 eloquentiae
1503 3487 1548 3529 C.
1575 3493 1609 3531 t.
1637 3500 1711 3528 ex.
1734 3501 1893 3540 pens„
1934 3503 2070 3547 quam

1182 3542 1403 3599 imprimis
1435 3544 1468 3584 l.
1499 3544 1573 3587 Fr.
1602 3541 1807 3590 Gronov.
1832 3543 2072 3590 defendere

1179 3599 1380 3642 studebat
1392 3615 1404 3649 ;
1447 3602 1619 3643 bonam
1656 3602 1961 3656 eloquentiam
1995 3617 2066 3646 ex·
