2150 4022
194 280 319 357 234
699 283 818 346 DE
875 284 1537 379 οξὶΑὲιόΒιΒυε

198 423 261 477 in
294 420 509 498 quibus
544 417 682 474 satis
715 413 867 474 mihi
898 437 1188 496 superque
1221 421 1491 488 sudatum
1520 432 1631 492 est,
1687 416 2038 496 sanctiorem

196 507 360 562 illam
388 516 444 562 et
466 503 861 576 augustiorem
885 504 1282 580 eloquentiam
1310 506 1518 565 colam.
1546 531 1549 534 >
1981 520 2033 559 ssia.

366 638 439 700 V.
482 635 611 712 Ego
652 631 823 708 vero,
865 638 1064 716 inquit
1090 637 1427 708 Secundus,
1473 650 1785 716 antequam
1822 662 1915 697 me
1949 643 2042 699 iu-

198 730 387 786 dicem
412 721 576 800 Aper
604 735 859 792 recuset‚
900 724 1114 780 faciam
1132 770 1148 793 ‚
1195 725 1355 801 quod
1383 724 1558 799 probi
1589 737 1644 782 et
1672 727 1921 783 modesti
1953 728 2046 784 iu-

198 816 356 871 dices
380 811 601 878 solent,
644 820 710 866 ut
734 809 799 864 in
824 808 896 864 iis
927 809 1366 883 cognitionibus
1393 821 1696 879 excusent,
1742 811 1805 865 in
1830 812 2046 888 quibus

197 898 578 955 manifestum
614 905 728 964 est,
774 894 1018 950 alteram
1062 894 1219 969 apud
1260 914 1357 949 eos
1395 905 1617 968 partem
1655 896 1838 968 gratia
1878 918 2046 972 prae-

197 985 413 1043 valere.
501 979 635 1058 quis
677 979 836 1036 enim
878 980 1096 1049 nescit,
1151 980 1448 1035 neminem
1485 975 1638 1035 mihi
1678 981 2048 1052 coniunctio-

196 1091 323 1127 rem
374 1087 495 1124 esse
546 1077 603 1131 et
647 1068 761 1122 us'u
811 1065 1104 1121 amicitiae
1159 1077 1216 1121 et
1268 1051 1619 1121 adsiduitate
1676 1068 2049 1124 contubernii

198 1175 377 1233 quam
402 1151 662 1211 Saleium
691 1149 937 1207 Bassum
955 1197 969 1221 ‚
1024 1171 1155 1207 cum
1185 1150 1474 1226 optimum
1501 1150 1695 1206 virum
1718 1196 1734 1222 ‚
1789 1163 1914 1209 tum
1943 1155 2049 1210 ab·

251 1372 530 1417 sanctiorem
546 1370 679 1411 illam
702 1377 746 1412 et
768 1371 1087 1423 augustiorem

195 1429 526 1487 eloquentiam.
604 1426 751 1468 Illam
794 1443 898 1469 cum
946 1426 1083 1470 MSS.

195 1489 288 1532 Nea
323 1519 334 1530 .
360 1487 515 1541 [Farn.
543 1492 577 1527 t.
601 1483 816 1538 neklan]
853 1491 894 1526 et
915 1482 1087 1526 Vatiae.

194 1503 484 1590 scribendum
508 1543 766 1587 curavimus
792 1542 873 1596 [uti
887 1540 1026 1584 Bekk.
1046 1548 1090 1582 et

196 1603 383 1656 Boett.].
415 1623 471 1633 -
526 1598 622 1641 Pro
647 1601 963 1652 augustiorem
989 1597 1090 1641 edd.

146 1684 149 1699 ι
196 1661 317 1719 Spir.
336 1666 379 1702 et
394 1659 510 1701 lunt.
527 1657 733 1700 exhibent
751 1659 1090 1710 angustiorem,

198 1719 326 1763 cuius
348 1715 516 1760 erroris
538 1721 781 1772 patronum
803 1714 1011 1757 exstitisse
1035 1713 1091 1756 A.

197 1774 370 1833 Langiu
436 1771 754 1817 l.l.miraberis
772 1787 967 1814 mecum.
999 1770 1091 1814 Sci-

198 1834 305 1878 licet
339 1791 606 1875 eglauetore
632 1828 937 1880 lusitflTacitus
971 1828 1093 1871 hisce

197 1889 351 1939 verbis
368 1887 627 1943 rettulitque
647 1886 735 1929 hoc
754 1886 808 1930 ad
830 1886 1094 1940 angustias,

198 1949 363 2008 quibus
387 1961 519 2004 supra
545 1953 980 1989 commemoraverat
1003 1942 1092 1986 elo·

200 2005 430 2064 quentiam
451 2001 708 2046 adstrictam
732 2015 839 2047 esse.
889 2000 1094 2043 Sanctus

201 2073 244 2108 et
271 2069 504 2117 augustus
535 2059 689 2101 iuncta
721 2064 825 2103 sunt
855 2058 974 2116 apud
998 2056 1094 2100 Cic.

200 2121 337 2164 Tusc.
359 2125 526 2177 quaest.
544 2116 589 2164 5,
616 2115 684 2170 13,
709 2116 808 2166 37.·,
841 2116 943 2159 Nat.
968 2114 1030 2158 D.
1057 2116 1096 2161 1,

198 2179 272 2228 42,
295 2177 394 2221 119.
425 2174 702 2218 Eleusinum
723 2181 941 2216 sanctam
964 2174 1095 2215 illam

204 2245 252 2280 et
275 2241 530 2288 augustam
541 2248 557 2283 ;
584 2232 628 2280 2,
652 2231 722 2282 24,
745 2231 815 2273 62.
840 2245 977 2287 quem
1002 2244 1096 2271 no-

201 2294 297 2341 stri
321 2291 538 2334 maiores
561 2295 754 2343 auguste
776 2295 1026 2344 sancteque
1051 2317 1064 2330 .
1086 2317 1097 2329 .

203 2353 619 2398 consecraverunt;
673 2345 714 2396 3,
755 2346 827 2394 21,
867 2345 937 2389 53.
983 2358 1096 2401 quos

200 2414 402 2463 auguste
421 2418 585 2450 omnes
609 2411 863 2460 sancteque
895 2417 1097 2448 venera-

205 2480 332 2511 mur.

211 2571 215 2575 ·
262 2548 380 2594 CAP.
408 2547 451 2592 5.
506 2547 650 2601 probi
678 2552 724 2588 et
748 2546 953 2588 modesti
975 2546 1099 2589 iudi-

203 2623 292 2653 ces.
351 2605 421 2651 Cf.
445 2603 568 2648 infra
591 2620 631 2649 c.
649 2604 723 2648 29.
759 2618 842 2645 nec
870 2602 1102 2659 probitati

206 2680 356 2723 neque
383 2663 642 2706 modestiae
659 2694 672 2717 ,
707 2677 748 2705 c.
773 2661 847 2705 40.
870 2662 1103 2716 probitate

204 2731 252 2768 et
284 2721 519 2765 'modestia
534 2736 549 2770 ,·
574 2718 749 2779 ,ὕει-ιη.
777 2735 818 2762 c.
841 2718 910 2762 36.
936 2720 1100 2760 mode-

205 2782 295 2824 stia
330 2795 387 2822 ac
415 2778 643 2834 probitas.
703 2775 807 2820 MS.
839 2774 940 2820 Vat.
977 2775 1104 2819 1862.

212 2838 448 2882 moderati
467 2835 658 2878 iudices.

267 2929 318 2964 ut
342 2922 390 2962 in
411 2919 468 2960 iis
501 2919 832 2972 cognitionibus
865 2925 1102 2965 excusent.

207 2977 483 3036 scripsimus
502 2978 579 3027 iis,
607 2975 958 3024 adsentientibus
970 2975 1104 3020 MSS.

207 3037 302 3083 Nea
338 3065 351 3079 .
398 3035 472 3084 [et
514 3032 654 3077 Farn.
698 3041 807 3077 teste
847 3032 1050 3083 Bekkero
1062 3034 1100 3087 ],

207 3052 333 3155 quog
357 3090 430 3138 vel
454 3089 548 3133 sine
579 3091 803 3136 librorum
835 3090 1103 3135 testimoniis

208 3146 522 3208 recipiendum
546 3156 663 3198 erat,
698 3156 748 3194 ut
774 3156 1009 3206 receptum
1037 3156 1103 3191 est

209 3211 263 3255 ab
271 3204 416 3252 Oreil.
431 3202 628 3261 [1.Bekk.
641 3214 681 3248 et
694 3206 875 3260 Boett.].
905 3205 1104 3250 Eandem

209 3263 540 3314 correctionem
554 3262 727 3320 saepius
739 3262 1050 3310 adhibebimus
1059 3263 1105 3309 in

211 3322 408 3380 dialogo,
431 3335 534 3364 cum
550 3317 756 3377 pluribus
773 3320 899 3372 loeis,
921 3329 969 3363 ut
986 3321 1106 3367 c.14.

210 3381 384 3434 34.41.,
416 3377 546 3435 vulgo
565 3375 757 3420 inlibris
773 3392 1027 3435 expressum
1053 3377 1108 3422 sit

210 3439 300 3482 his.
358 3434 466 3480 Noli
488 3433 750 3498 vero-sequi
772 3433 1107 3484 Heumannum,

214 3494 293 3553 qui
328 3496 377 3541 in
415 3491 796 3550 praepositionem
834 3493 1008 3544 omisit,
1059 3501 1107 3536 ut

208 3558 330 3605 esset
355 3551 555 3600 dativus,
589 3549 714 3596 velut
735 3549 824 3593 An.
848 3552 887 3599 1,
913 3550 1009 3603 123
1036 3567 1109 3595 ne·

217 3625 306 3669 que
326 3606 428 3653 MS.
453 3606 621 3671 Neap.‚
661 3605 708 3651 in
740 3607 832 3666 qu‘o
867 3608 1111 3663 cogitatio-

1158 1371 1292 1413 nibus
1338 1369 1576 1426 reperitur.
1666 1368 1844 1413 Deinde
1887 1371 2052 1415 retinui

1159 1429 1260 1486 MS.
1283 1427 1423 1484 Neap.
1449 1434 1493 1468 et
1517 1427 1616 1469 edd.
1644 1427 1699 1469 ad
1723 1427 1960 1471 pithoeum
1984 1447 2053 1474 us·

1161 1502 1246 1543 que
1284 1484 1494 1527 omnium
1531 1483 1775 1528 lectionem
1813 1497 2049 1543 excusent,

1163 1544 1264 1600 quia
1300 1558 1390 1584 non
1430 1540 1679 1583 necessario
1712 1558 1968 1600 pronomen
2001 1563 2052 1588 se

1163 1599 1367 1644 additum
1425 1596 1687 1655 requiritur.
1767 1599 1845 1644 Sic
1898 1605 2054 1658 Agric.

1162 1675 1200 1704 c.
1215 1659 1284 1700 4⁰2.
1308 1655 1617 1698 Domitianus
1635 1664 1839 1710 paratus
1861 1661 2054 1704 simula·

1163 1717 1289 1758 tione
1306 1715 1457 1756 audiit
1473 1726 1634 1766 preces
1651 1718 1942 1760 excusantis.
1965 1717 2055 1763 Sed

1165 1780 1265 1832 post
1288 1771 1523 1814 pithoeum
1558 1769 1763 1828 plerique
1798 1788 2056 1830 pronomen

1164 1830 1456 1877 addiderunt,
1489 1827 1614 1885 quod
1634 1823 1902 1887 plerumque
1923 1833 2057 1878 adiici

1164 1888 1274 1931 locis
1310 1902 1412 1931 com
1449 1890 1636 1927 robatur
1677 1885 1900 1944 plurimis.
1969 1891 2057 1938 Ta-

1166 1946 1242 1988 cit.
1278 1946 1367 1988 An.
1437 1977 1448 1993 ‚
1479 1941 1549 1986 35.
1587 1953 1847 1988 excusante
1878 1961 1929 1990 se
1966 1949 2057 1992 Le-

1161 2004 1305 2058 pido,·
1363 2001 1481 2043 Plin.
1524 1999 1665 2058 Epist.
1709 2002 1745 2053 l,
1781 2002 1850 2051 15,
1886 2007 1928 2048 4.
1973 2009 2064 2051 nisi

1161 2067 1330 2114 postea
1359 2066 1404 2100 te
1427 2058 1533 2100 aliis
1556 2059 1714 2111 potius
1737 2065 2059 2115 excusaveris5

1167 2117 1302 2160 inseri
1339 2115 1401 2158 tio
1454 2116 1571 2171 apud
1617 2114 1763 2159 Oren.
1807 2119 2057 2180 prolegom.

1166 2191 1213 2275 Εἰ
1239 2175 1315 2217 XL
1343 2172 1395 2215 V.
1428 2173 1503 2214 hic
1533 2180 1658 2214 sorte
1689 2189 1870 2227 procos.
1893 2178 2059 2232 sactus

1207 2231 1437 2275 rovinciae
1457 2231 1601 2273 Asiae
1623 2243 1675 2272 se
1698 2235 1973 2285 excusavit..

1225 2331 1400 2387 gratia.
1482 2330 1560 2374 Sic
1598 2329 1647 2374 in
1688 2333 1899 2380 omnibus
1935 2330 2061 2384 lib'ris

1168 2397 1345 2449 praeter
1365 2387 1486 2446 Lips.
1506 2386 1804 2445 posteriores,
1833 2391 1879 2436 in
1898 2394 2066 2454 quibus

1170 2446 1452 2506 typothetae,
1518 2453 1568 2487 ut
1623 2445 1830 2501 videtur,
1887 2452 2062 2498 incuria

1169 2505 1357 2560 gratiae
1381 2502 1558 2562 legitur.

1175 2662 1488 2708 contuberniis
1512 2661 1828 2709 Romanorum
1860 2611 2066 2726 ἀὶεριιὲξ

1173 2721 1239 2767 vit
1261 2719 1482 2777 Gierigius
1506 2719 1560 2763 ad
1582 2718 1706 2766 Plin.
1729 2721 1867 2781 Epist.
1887 2723 2064 2773 Vol.11.

1173 2795 1220 2838 p.
1243 2777 1342 2821 545.
1367 2792 1466 2835 sqq.
1958 2817 1963 2821 .

1231 2605 1520 2651 adsiduitate
1588 2609 1892 2652 contubernii.

1231 2860 1446 2905 Saleium
1467 2861 1698 2906 Bassum.
1758 2863 1929 2910 Saleius
1950 2867 2062 2912 Bas-

1174 2935 1264 2968 sus,
1280 2926 1437 2977 poetea
1451 2918 1657 2975 egregius
1670 2921 2066 2975 (absolutissimus

1175 2977 1296 3021 enim
1316 2975 1519 3018 aNostro
1544 2986 1736 3021 vocatur
1759 2979 1911 3037 paullo
1932 2985 2067 3041 post).

1174 3034 1250 3079 sed
1306 3047 1442 3090 anper
1469 3034 1623 3085 (tenui
1633 3033 1790 3080 Saleio
1811 3039 1928 3096 apud
1942 3039 2069 3084 luve-

1175 3090 1264 3136 nal.
1311 3090 1421 3141 at.7,
1434 3090 1503 3133 80.
1519 3094 1615 3147 est),
1637 3094 1695 3137 ob
1713 3093 2066 3150 recitationesab

1180 3147 1450 3207 Vespasiano
1479 3149 1668 3194 donatus
1694 3160 1784 3204 est;
1817 3167 1953 3211 quem
1985 3153 2067 3199 im·

1176 3214 1427 3263 peratorem
1447 3214 1718 3265 praestantes
1734 3220 1886 3268 poetas
1902 3211 1986 3254 insi
2020 3212 2067 3255 ni

1180 3262 1412 3321 congiario
1454 3279 1706 3323 magnaque
1743 3268 1959 3312 mercede
2017 3285 2070 3313 o-

1179 3337 1305 3381 nasse
1329 3320 1516 3364 sueton.
1548 3322 1725 3380 Vespas.
1751 3339 1792 3367 c.
1815 3325 1884 3368 18.
1912 3326 2068 3371 tradit.

1178 3379 1415 3444 Qiserepat
1435 3394 1459 3420 a
1480 3378 1646 3422 Nostro
1662 3380 1933 3436 Quintiliani
1957 3382 2070 3427 iudi.

1181 3450 1302 3481 cium
1326 3435 1435 3480 inst.
1463 3452 1533 3482 or.
1560 3439 1792 3489 10,1‚9o.=
1824 3441 2072 3484 vehemens

1183 3500 1227 3535 et
1246 3495 1478 3547 poeticum
1503 3495 1740 3548 ingenium
1759 3496 1915 3540 Saleii
1925 3499 2074 3543 Bassi

1171 3550 1296 3607 suit,
1343 3566 1427 3593 nec
1459 3553 1611 3607 ipsum
1643 3561 1878 3598 senectute
1908 3564 2068 3599 matu-

1184 3623 1291 3651 rum
1313 3606 1404 3664 (alii
1425 3608 1598 3656 malunt
1619 3614 1873 3669 maturuit,
1907 3629 1958 3657 ex
1974 3613 2069 3671 qui·
