2150 4022
198 235 239 293 6
540 235 608 296 C.
663 214 1725 300 CORNEL1us-TAc1'1*st‘

196 364 312 421 bus
342 383 408 422 ac
445 364 712 438 regibus,
749 381 900 442 quos
933 363 1159 422 bellum
1196 367 1428 442 aperuit
1510 363 1763 429 Rhenus
1787 365 2066 431 Raetica-

196 469 333 506 rum
372 445 620 526 Alpium
662 449 956 506 inaccesso
1003 469 1071 506 ac
1106 451 1414 527 praecipiti
1452 453 1670 510 vertice
1719 465 1885 513 ortus
1930 479 2064 517 mo-

196 535 343 591 dico‘
369 535 526 592 flexu
566 535 631 590 in
664 532 1050 593 Occidentem
1089 555 1293 606 versus
1332 538 1781 612 septentrionali
1817 530 2062 602 Oceano

193 620 491 680 miscetur.

604 619 920 678 Danubius
963 619 1134 676 molli
1183 633 1239 679 et
1276 622 1596 680 clementer
1639 624 1797 681 edito
1841 629 2062 685 montis

194 700 489 763 Abnobae
536 705 674 780 iugo
722 705 941 762 effusus
989 705 1190 780 plures
1241 706 1494 782 populos
1540 708 1697 778 adit,
1762 711 1950 770 donec
1999 714 2065 770 in

192 789 512 849 Ponticum
540 811 702 849 mare
737 810 833 847 sex
868 790 1160 856 meatibus
1187 804 1474 868 erumpat.

152 947 156 950 Π
191 895 262 958 οει
282 876 604 952 paludibus
628 873 921 936 hauritur.

190 1185 219 1227 b
247 1142 305 1170 ac
321 1128 525 1183 regibus.
585 1127 688 1173 MS.
718 1128 881 1185 Stuttg.
907 1133 951 1171 et
975 1129 1091 1184 regi-

221 1199 289 1230 us-

246 1243 442 1287 Rhenus
540 1243 600 1287 cf.
641 1242 730 1287 An.
765 1243 807 1294 2,
839 1241 883 1288 6.
958 1241 1087 1288 Caes.

189 1299 242 1343 B.
269 1300 328 1344 G.
359 1301 402 1350 4,
433 1302 485 1344 10
566 1300 689 1345 Mela
722 1299 763 1352 3,
783 1301 830 1344 2.

247 1361 431 1401 modico
443 1357 590 1416 flexu
611 1361 657 1401 in
673 1357 727 1401 Ο.
751 1372 932 1400 versus.
986 1358 1088 1401 Mo·

187 1416 346 1458 dicum
358 1417 554 1474 flexum
578 1414 804 1459 Beckerus
840 1415 1003 1474 accipit
1034 1415 1087 1459 il·

187 1472 311 1525 lum,
357 1491 450 1532 quo
481 1474 664 1517 Rhenus
698 1473 745 1516 in
784 1471 1087 1537 Occidentem

183 1532 378 1575 ’vertitur
418 1532 693 1590 Brigantiam
737 1530 855 1574 inter
891 1537 934 1573 et
965 1530 1089 1574 Basi-

186 1587 320 1633 leam.
388 1589 616 1644 Dilthejus
645 1588 812 1632 rectius
843 1587 1010 1646 cogitat
1033 1587 1088 1630 de

183 1646 330 1698 flexu,
388 1647 464 1706 qui
529 1647 577 1689 fit
634 1645 751 1703 apud
808 1645 1086 1688 Arenacum.

184 1705 391 1757 Versus,
454 1704 557 1762 quia
605 1703 727 1747 deest
774 1703 934 1761 copula
982 1710 1086 1745 ante

183 1763 367 1805 modim
382 1797 392 1815 ,
422 1761 633 1805 Ernestio
656 1769 698 1804 et
721 1761 931 1803 Broterio
957 1759 1084 1804 aliis-

183 1828 270 1879 qu'e
293 1819 480 1864 habetur
501 1835 585 1879 pro
608 1818 939 1878 praepositione
961 1816 1084 1875 pleo-

182 1877 354 1921 nasticc
386 1879 555 1938 posita:
596 1876 763 1920 rectius
790 1874 861 1918 alii
889 1875 1081 1934 partici-

181 1934 310 1993 pium
349 1952 442 1980 esse
482 1942 682 1979 censent.
765 1933 880 1976 Nam
917 1931 1081 1992 copula

180 2001 285 2036 ante
317 1995 497 2036 modico
532 1993 662 2051 plane
701 2007 795 2035 non
832 1990 1080 2034 necessaria

181 2058 274 2102 est,
313 2052 349 2095 si
373 2068 479 2096 cum
505 2048 910 2107 Dilthejoflexum
941 2047 1082 2091 intel-

179 2106 307 2166 ligis=
342 2109 413 2153 sin
447 2125 551 2153 cum
580 2106 803 2158 Beckem,
837 2106 907 2151 vix
932 2105 1079 2148 omitti

180 2167 342 2226 copula
374 2175 536 2225 potest.
608 2165 691 2209 Ed.
713 2165 912 2208 Monac!
939 2163 1081 2206 omit-

178 2225 232 2267 tit
265 2225 534 2268 vocabulum
567 2223 751 2267 uersus.
817 2221 877 2264 cf.
902 2221 1016 2265 Hist.
1041 2222 1083 2272 Ξ,

179 2281 251 2326 83.
287 2297 478 2326 versum
516 2284 564 2325 in
597 2281 799 2324 Italiam
833 2293 996 2331 mare;
1044 2281 1083 2331 1,

179 2340 254 2384 76.
278 2355 449 2384 versae
474 2343 521 2383 in
534 2339 783 2383 'Orientem
793 2338 1079 2393 provinciae.

235 2411 505 2454 Danubius.
566 2408 626 2455 cf.
651 2409 773 2457 Plin.
796 2409 840 2462 4,
861 2408 929 2452 12.

237 2481 371 2523 molli
394 2488 438 2523 et
461 2483 716 2526 clementer
747 2481 889 2523 edito.
951 2476 1077 2537 Opp.

176 2541 406 2582 &accesso
486 2553 542 2580 ac
615 2536 879 2594 praecipiti.
1013 2537 1079 2580 lta

176 2598 321 2639 molle
352 2595 517 2638 dicitur
547 2595 590 2639 id
623 2594 747 2653 quod
778 2601 970 2637 non-est
1002 2609 1076 2636 ar-

176 2655 318 2697 duum
367 2662 443 2696 aut
491 2654 750 2697 molestum.
844 2652 903 2695 cf.
954 2650 1076 2696 Ptin.

176 2728 277 2771 epp.
303 2712 344 2762 9,
367 2710 409 2754 7.
441 2713 555 2753 haec
585 2726 731 2753 unum
762 2712 919 2754 sinum
948 2711 1084 2752 molli

176 2769 449 2812 curvamine
488 2769 812 2822 amplectitur,
854 2768 940 2809 illa
976 2769 1077 2810 edi-

174 2829 355 2871 tissimo
385 2829 527 2869 dorso
552 2829 671 2868 duos
700 2826 895 2869 dirimit.
924 2822 926 2830 ’
963 2824 1075 2869 Cod.

173 2885 406 2928 Huuunel.
433 2891 543 2927 teste
568 2881 784 2940 Sellingio
822 2899 905 2941 pro
933 2890 978 2926 et
997 2898 1074 2925 ex-

173 2942 295 2987 hibet
318 2958 373 2985 ac
404 2944 539 2988 clem.

231 3003 473 3044 Abnobae.

173 3058 329 3117 scripti
373 3066 416 3100 et
461 3055 567 3100 editi
611 3055 849 3113 insigniter
890 3055 1076 3098 variant.

170 3118 396 3161 Arbonae
423 3114 559 3158 codd.
585 3113 717 3156 MSS.
745 3112 916 3156 Vaticc.
947 3112 1074 3156 1518.

173 3182 217 3217 et
240 3174 369 3217 4498.
404 3172 507 3216 edd.
543 3169 573 3213 S
610 3171 660 3215 ir.
695 3170 828 3213 Kath.
865 3170 968 3214 Put.
1003 3169 1074 3213 M.

172 3241 218 3276 et
238 3231 298 3275 V.
328 3229 539 3274 Beroald.
611 3229 666 3272 lc.
689 3227 830 3271 Paris.
866 3251 926 3260 —
975 3229 1075 3271 Ar-

170 3292 288 3333 bone
307 3289 406 3332 MS.
437 3287 551 3331 Tur.
579 3315 638 3323 —-
692 3286 912 3329 Arnobae
935 3283 1072 3328 MSS.

177 3347 348 3391 Vaticc.
370 3346 500 3389 1862.
526 3351 568 3388 et
589 3343 717 3387 2964.
741 3342 842 3386 edd.
861 3341 1072 3386 Norimb.

171 3403 316 3448 Rhen.
332 3404 498 3460 (1519.)
522 3430 581 3438 —
611 3402 799 3446 Arnobe
814 3399 917 3443 MS.
931 3399 1073 3443 Stutt·

171 3470 284 3519 gart.
323 3486 373 3495 —
441 3461 650 3505 Anribae
684 3458 788 3501 MS.
830 3458 1074 3514 Bamberg.

170 3527 282 3562 teste
306 3518 471 3580 Lipsio.
488 3542 546 3551 --
581 3517 792 3561 Arnibae
808 3514 911 3559 MS.
925 3515 1074 3558 Arun-

174 3577 260 3621 del.
295 3606 350 3615 —-
420 3578 642 3621 Abnobae
684 3573 883 3633 primuni
926 3588 1074 3631 reper-

570 2997 623 3041 In
650 2996 738 3041 hoc
761 2997 946 3042 nomine
971 2995 1073 3040 libri

1560 794 1875 870 septimum
1904 798 2065 855 enim

1161 1135 1258 1171 tum
1297 1135 1363 1170 est
1403 1127 1450 1171 in
1495 1128 1699 1186 margine
1731 1131 1839 1175 edit.
1875 1132 2002 1179 1497.
2034 1149 2062 1178 e

1163 1185 1429 1229 coniectura
1474 1183 1711 1241 Hermolai
1749 1188 1961 1235 Barbari:
2012 1184 2061 1235 in

1161 1250 1373 1286 contextu
1406 1243 1464 1286 ita
1498 1242 1662 1286 habent
1694 1245 1797 1288 edd.
1826 1246 2060 1293 Benedict.

1161 1300 1317 1349 1507..
1361 1299 1565 1343 Rhenan.
1602 1301 1731 1346 1538.
1771 1304 1863 1360 (tan
1901 1321 2003 1347 nam
2035 1320 2060 1348 e

1161 1357 1265 1401 cod.
1291 1357 1544 1415 Artoiphi),
1575 1358 1796 1418 Atd.-sqq.
1913 1361 2057 1405 onfir-

1161 1423 1343 1458 marunt
1367 1432 1460 1457 eam
1485 1414 1757 1473 scripturam
1781 1419 2058 1464 monimenta

1159 1473 1287 1516 annis
1312 1473 1435 1515 1778.
1460 1481 1501 1515 et
1527 1473 1650 1517 1784.
1685 1474 1729 1518 in
1759 1475 1871 1521 silva
1894 1475 1969 1521 itta
1991 1494 2059 1521 re·

1159 1539 1284 1589 perta
1344 1530 1427 1573 hac
1477 1531 1798 1589 inscriptione:
1857 1533 2059 1578 Deanae

1157 1589 1397 1632 Abnobae.
1456 1587 1516 1632 cf.
1540 1586 1751 1634 Oberlin.
1779 1591 1832 1635 ad
1867 1589 1913 1634 h.
1948 1592 1978 1635 Ι.
2015 1601 2058 1636 et

1160 1643 1368 1688 Gerbert.
1411 1645 1458 1687 in
1491 1644 1687 1690 Historia
1703 1646 1860 1696 ,silvae
1900 1650 1948 1691 ni
1981 1666 2058 1694 rae

1157 1702 1296 1746 Tom.
1321 1702 1354 1744 I.
1395 1718 1440 1761 p.
1465 1702 1508 1746 7.
1546 1711 1589 1746 et
1614 1703 1748 1748 Tum.
1775 1704 1839 1751 H.
1879 1721 1927 1765 p.
1983 1707 2055 1752 43.

1156 1760 1292 1803 Favet
1319 1761 1451 1802 etiam
1476 1760 1606 1804 tertia
1632 1760 1886 1821 inscriptio,
1918 1779 2055 1822 quam

1155 1817 1361 1860 Tutelius
1382 1818 1618 1875 descripsit
1636 1819 1680 1861 in
1695 1819 1907 1864 Seebodii
1920 1823 2056 1868 Arch.

1155 1891 1260 1918 ann.
1294 1876 1417 1943 1828.
1448 1891 1489 1933 p.
1516 1875 1613 1919 153.
1689 1876 1857 1921 Eadem
1885 1887 1951 1923 est
1978 1897 2053 1924 re-

1153 1941 1542 2050 {lipiaqsuearriiitdlarrb
1559 1949 1644 2034 ³51¹
1650 1933 1741 2034 iibip
1746 1933 1916 2039 'vigi-effls
1932 1937 2057 2040 1llibffi

1152 2048 1346 2093 variant.
1416 2050 1533 2093 Sunt
1558 2057 1710 2093 tamen
1736 2039 1813 2108 qu⁸i
1837 2051 2059 2108 dubitent,

1154 2122 1210 2149 an
1244 2115 1404 2150 contra
1442 2106 1581 2151 codd.
1608 2105 1743 2150 MSS.
1769 2115 1811 2150 et
1835 2109 2056 2157 editiones

1152 2172 1326 2207 veteres
1364 2166 1586 2208 Abnobae
1614 2163 1671 2208 sit
1705 2165 2050 2214 admittendum.

1154 2221 1213 2266 cf.
1271 2220 1482 2265 Seebodii
1528 2221 1745 2266 Biblioth.
1792 2225 1895 2269 crit.
1943 2243 2052 2273 ann.

1156 2280 1283 2322 1819.
1326 2296 1372 2338 p.
1395 2280 1496 2322 298.
1542 2289 1586 2323 et
1619 2295 1724 2323 ann.
1758 2281 1885 2327 1828.
1916 2300 1988 2328 nr.
2011 2286 2054 2330 8.

1151 2336 1341 2380 Molter.
1375 2339 1421 2380 in
1455 2338 1607 2381 Ersch.
1643 2344 1686 2380 et
1719 2337 1916 2386 Gruber.
1954 2341 2054 2386 Eu-

1153 2396 1270 2471 cycl.
1304 2393 1408 2438 Vol.
1435 2395 1469 2438 I.
1502 2411 1547 2454 p.
1580 2395 1678 2438 145.

1203 2480 1383 2535 plureS.
1443 2478 1528 2522 Ed.
1555 2477 1697 2523 Paris.
1714 2482 1907 2539 pluris„

1209 2578 1299 2608 sex
1330 2565 1578 2606 meatibus.
1650 2563 1871 2610 Herodot.
1902 2566 1944 2619 4,
1975 2566 2048 2613 47.

1147 2630 1352 2665 recenset
1375 2621 1574 2689 quinque
1603 2623 1739 2676 ostia;
1767 2622 1889 2668 Ptin.
1911 2624 1968 2670 N.
1993 2627 2050 2672 Η.

1145 2679 1192 2791 {³
1206 2678 1574 2793 13551123113313
1593 2678 1659 2729 7.‚
1688 2678 1846 2739 p.469.
1868 2690 1912 2726 et
1927 2684 2050 2760 ”ela

1206 2826 1441 2875 erumpat.
1550 2821 1627 2865 Sic
1682 2822 1815 2868 MSS.
1871 2822 2046 2871 Vaticc.

1149 2878 1379 2936 Stuttgart.
1405 2877 1636 2922 Hummel.
1662 2880 1764 2924 edd.
1789 2881 1930 2926 Paris.
1952 2883 2046 2927 No-

1148 2935 1283 2980 rimb.
1308 2935 1469 2978 Vienn.
1503 2936 1707 2984 Rhenan.
1736 2939 1899 2997 (1533.)
1935 2941 2044 2988 Ald.

1148 3008 1244 3051 sqq.
1267 2993 1321 3036 ad
1338 2993 1594 3046 Pichenam,
1625 2995 1702 3052 qui
1723 2996 1865 3040 edidit
1891 3013 2046 3043 erum·

1143 3054 1238 3107 pit,
1274 3050 1316 3092 id
1355 3067 1409 3093 ue
1433 3052 1643 3094 exstat'in
1670 3053 1775 3098 edd.
1799 3053 1918 3113 Spir.
1941 3056 2045 3103 Put.

1146 3109 1215 3152 M.
1247 3116 1289 3150 et
1312 3069 1368 3154 ὅ.
1402 3107 1609 3152 Beroald.
1645 3109 1805 3155 Alciat.
1841 3112 2045 3160 Rhenan.

1147 3164 1332 3222 (1519.).
1389 3165 1507 3209 Uter
1533 3166 1696 3211 modus
1716 3168 2046 3229 sit-praeferen-

1146 3224 1229 3267 dus
1294 3221 1411 3266 varie
1471 3224 1699 3282 disputant
1760 3226 2044 3287 interpretes.

1144 3281 1383 3325 Passovius
1414 3280 1595 3324 humani
1629 3282 1738 3341 quid
1771 3301 1926 3343 passus
1966 3297 2046 3341 est,

1147 3338 1257 3382 dnm
1280 3338 1461 3398 scripsit
1484 3342 1626 3382 donec
1649 3356 1756 3384 cum
1783 3343 2045 3390 coniuncti-
2103 3374 2106 3377 >

1146 3413 1202 3439 vo
1261 3404 1421 3440 contra
1478 3396 1624 3441 Taciti
1688 3415 1864 3442 morem
1931 3418 2042 3448 esse.

1149 3454 1280 3510 Quae
1308 3469 1409 3496 vera
1444 3454 1501 3497 sit
1527 3454 1658 3499 huius
1690 3457 1935 3514 particulae
1966 3476 2041 3504 ra-

1145 3512 1211 3560 tio
1233 3511 1374 3555 disces
1396 3527 1419 3554 e
1445 3511 1610 3556 notatis
1635 3512 1690 3556 ad
1714 3514 1804 3558 An.
1828 3515 1870 3567 2,
1890 3513 1932 3563 6.
1959 3519 2043 3562 sub

1147 3585 1225 3619 vv.
1250 3572 1393 3613 donec
1411 3570 1596 3614 Oceano
1620 3571 1883 3618 misceatur.
1915 3625 1925 3635 ‚
1942 3575 2043 3621 Dis-
