2150 4022
489 250 611 312 DE
668 222 1198 312 GERMt-ANIA
1265 249 1462 314 CAP..
1502 253 1557 313 s.
1597 253 1656 311 9.

1849 238 1999 313 '27

141 386 290 445 olim
302 368 617 442 Auriniam
642 393 699 439 et
722 380 1042 456 compluris
1064 380 1210 436 alias
1226 383 1492 440 venerati
1514 393 1679 451 sunt,
1706 402 1826 438 non
1849 384 2000 441 adu—

138 471 361 529 latione
386 489 495 526 nec
517 479 806 568 tanquarq
825 466 1086 523 facerent
1112 467 1267 524 deaS.

310 605 417 666 IX.
460 603 724 663 Deorum
751 598 1004 659 makime
1030 599 1402 659 Mercurium
1431 601 1661 674 colunt,
1706 606 1803 662 cui
1827 607 1997 665 certis

134 694 351 765 ⁴diebus
375 687 654 749 humanis
680 709 913 766 quoque
937 683 1148 744 hostiis
1187 687 1358 743 litare
1395 688 1480 743 fas
1515 684 1755 750 habent.

1839 689 1997 749 Her—

142 780 334 838 culem
354 798 418 834 ac
432 775 687 834 Martem
713 773 997 831 concessis
1022 773 1375 829 animalibus
1400 773 1654 847 placant:
1699 795 1835 852 pars
1849 776 2000 835 Sue-

142 1015 189 1059 p.
213 999 313 1044 360.
373 998 481 1041 Mox
504 998 664 1041 verba:
697 998 923 1040 habitam.
954 996 1039 1061 sed
1062 981 1066 986 ’

144 1066 190 1100 et
210 1060 322 1100 olim
336 1058 592 1099 Auriniam
613 1065 658 1099 et
688 1055 962 1108 compluris,
990 1068 1035 1094 in

141 1115 244 1159 MS.
267 1114 412 1158 Vatie.
435 1110 564 1157 2964.
590 1130 684 1156 non
706 1114 932 1169 leguntur.

198 1186 470 1231 Auriniam.
513 1184 588 1228 Sic
604 1184 733 1227 MSS.
749 1182 891 1225 Vatic.
910 1180 1036 1224 1518.

143 1240 309 1299 stuttg.
334 1240 827 1297 edd.Spir.Kath.Put.
849 1254 947 1297 sqq.
978 1266 1036 1274 —-

143 1299 420 1342 Alberm‘am
433 1297 534 1342 MS.
552 1298 698 1343 Vatie.
714 1298 837 1342 1862.
865 1325 924 1332 --
954 1299 1034 1338 Al·

143 1357 346 1412 brz'niam
380 1355 524 1400 Vatic.
558 1356 687 1399 4498.
738 1380 787 1388 -
860 1353 1035 1411 Lipsius

142 1414 189 1456 in
242 1413 343 1456 MS.
390 1414 574 1457 Farnes.
622 1413 728 1456 vidit
769 1411 1034 1479 Flurirziam

143 1471 484 1571 ἓῗῗιΐέἶοῃῖῗέῗ
478 1471 1036 1575 ff'51¹2'Lss}..·.5¹.f‘{''2'112‘1'5².{3

144 1583 358 1628 lornand.
398 1586 445 1627 in
478 1586 572 1628 reb.
595 1585 731 1628 Goth.
768 1601 805 1628 c.
830 1585 927 1634 24„
964 1584 1038 1639 qui

144 1641 274 1685 habet
289 1643 563 1686 Aliorunas.
621 1642 758 1698 Lipsii
779 1640 1040 1685 coniectura

145 1698 315 1757 placuit
349 1699 590 1742 Seebodio.
665 1700 849 1742 Rectius
883 1697 955 1740 alii
991 1697 1038 1739 in

145 1755 364 1813 scriptura
398 1756 578 1802 Farnes.
614 1757 862 1799 existimant
900 1754 1037 1797 latere

145 1812 372 1869 vulgatam
424 1813 515 1858 levi
565 1814 883 1870 depravatione
930 1828 1035 1856 cor-

144 1879 341 1927 ruptam.
389 1894 441 1904 —-
499 1870 666 1928 Xiphil.
690 1870 758 1921 67,
781 1869 824 1912 5.
855 1884 1035 1912 menzo-

143 1935 269 1970 ratur
299 1925 454 1971 Γάννα
489 1924 745 1985 πάρθενος,
794 1925 911 1984 μετὰ
958 1925 1038 1981 τὴν

143 1980 357 2035 Bel-ridant
379 1986 430 2031 ἐν
449 1987 643 2047 Κελτικῇ
669 1981 931 2035 θειάζουσα.

201 2057 468 2108 compluris.
540 2057 618 2101 Sic
650 2057 751 2101 edd.
784 2056 901 2114 Spir.
930 2055 1038 2122 Put.

143 2111 211 2155 M.
232 2121 276 2156 et
291 2113 345 2156 V.
371 2114 512 2159 Paris.
538 2114 746 2158 Beroald.
770 2115 869 2157 Ate.
884 2113 1035 2155 V1teb.

145 2169 365 2240 Melan-th.
389 2172 561 2217 Broter.
582 2170 770 2215 Bekker.
792 2195 847 2206 -·
909 2186 1035 2213 com—

140 2229 322 2340 222‘3'2‘5
346 2229 608 2353 aaliz}
630 2228 1036 2354 {3ss9n2533125‘22}

143 2340 618 2456 {zlifssssdffi'sslxfflffitffffj
635 2346 750 2444 ιἱξὲῗι·
762 2342 1038 2444 ἷξὲἓέῗῖἓιέ

146 2455 306 2522 Tacito
327 2474 419 2502 non
437 2468 502 2502 est
518 2459 697 2510 usitata,
733 2458 796 2500 uti
822 2458 1037 2524 adnAnna-

146 2513 255 2556 lium
278 2513 418 2558 hbros
444 2516 680 2560 docuimus
703 2516 952 2572 aliquoties.
976 2543 1038 2582 7—

147 2573 410 2625 complures
433 2572 672 2630 pleraeque
697 2573 797 2617 edd.
817 2580 1036 2616 recentio-

146 2644 232 2671 res.
269 2655 328 2664 —-
416 2630 559 2673 Malui
590 2639 782 2675 veterem
827 2630 1038 2681 sormam,

146 2700 234 2744 qua
255 2685 419 2730 Noster
439 2687 703 2732 delectatur.

203 2786 286 2813 neo
345 2779 570 2827 tanquam
626 2773 844 2828 facerent
905 2776 1037 2816 deas.

146 2826 372 2872 Beckerus
405 2829 786 2886 (Antnerkungen
813 2835 910 2875 und
931 2831 1037 2873 Ex·

149 2899 296 2936 curse,
326 2902 367 2942 p.
392 2886 469 2940 60)
504 2894 545 2929 et
578 2886 645 2929 vir
669 2887 827 2931 doctus
858 2890 903 2934 in
928 2888 1036 2930 See-

149 2942 257 2986 bod·
281 2942 398 2986 Bibl·
427 2943 527 2987 erit.
555 2944 677 2988 1825.
708 2962 752 3003 p.
777 2947 872 2989 199.
904 2945 1039 2988 dubi-

149 3007 270 3051 tant,
314 3016 369 3043 an
403 2999 531 3044 locus
565 3012 697 3044 sanus
728 3003 798 3046 sit.
859 3002 1040 3046 Malunt

148 3060 233 3100 sed
262 3073 342 3116 pro
375 3073 481 3107 nec,
525 3059 627 3117 quia
650 3059 762 3103 Hist.
784 3061 827 3109 4,
849 3061 918 3104 61.
948 3059 1040 3102 Ta-

150 3115 263 3158 citus
288 3115 466 3159 scribit=
503 3125 655 3160 vetere
679 3122 808 3171 apud
835 3118 1038 3161 Germa-

148 3187 237 3215 nos·
260 3187 415 3221 more,
451 3189 538 3229 quo
555 3177 803 3231 plerasque
821 3175 1039 3231 femina-

149 3245 256 3272 rum
263 3230 492 3286 fatidicas
514 3238 557 3273 et
577 3242 856 3285 augescente
875 3247 1041 3287 super-

88 3309 94 3314 ·
150 3287 343 3329 stitione
368 3289 752 3331 arbitrentur
774 3294 907 3333 deas.
949 3290 1038 3333 Sed

151 3344 384 3386 arbitrari
412 3349 528 3387 deas
559 3349 601 3388 et
618 3349 783 3400 facere
816 3348 1038 3390 diversum

153 3408 239 3443 est:
276 3401 388 3444 illud
423 3402 470 3445 fit
497 3420 543 3445 ex
567 3403 706 3446 animi
738 3406 1040 3462 persuasione,

153 3456 257 3501 hoe-
270 3458 542 3502 adulatione.
614 3460 877 3518 perstringit
907 3462 1037 3504 Taci-

153 3523 224 3557 tus
267 3530 440 3559 morem
485 3517 714 3560 Romanae
760 3519 1040 3566 adulationis,

156 3584 241 3630 qua
272 3573 494 3632 principes
526 3573 723 3619 defuncti
750 3575 907 3619 fierent
932 3575 1039 3621 divi.

1108 992 1261 1037 Verbo
1301 991 1521 1047 facerent
1561 994 1608 1037 in
1646 995 1732 1039 hoc
1767 998 1997 1043 enuntiato

1107 1050 1395 1108 praeeipuam
1419 1050 1555 1092 tribui
1575 1053 1663 1094 vim
1682 1053 1869 1097 minime
1892 1073 2000 1100 con-

1108 1117 1276 1150 tortum
1294 1116 1374 1156 est,
1395 1116 1444 1149 ut
1458 1108 1630 1152 videtur
1642 1110 1865 1155 Beckero:
1894 1131 1999 1158 nam

1107 1165 1211 1208 ideo
1245 1165 1290 1208 id
1324 1165 1517 1208 verbum
1543 1168 1844 1225 anteponitur.

1163 1265 1276 1310 CAP.
1308 1265 1351 1312 9.
1423 1265 1653 1310 Deorum.
1733 1266 2001 1315 Tenendum

1108 1331 1172 1366 est
1209 1321 1369 1366 Tacito
1412 1322 1746 1367 Germanorum
1791 1325 1900 1370 deos
1941 1330 2000 1372 ob

1106 1380 1442 1423 similitudinem
1467 1380 1705 1425 numinum
1732 1382 1820 1425 dici
1849 1386 2002 1428 nomi-

1108 1438 1238 1480 nihus
1264 1438 1498 1481 Romanis.
1561 1439 1603 1484 A
1624 1440 1791 1482 Nostro
1815 1457 2000 1498 prorsus

1108 1495 1304 1540 diversus
1326 1503 1391 1538 est
1417 1496 1542 1540 Caes.
1564 1496 1617 1539 B.
1647 1497 1708 1542 G.
1732 1498 1774 1547 6,
1797 1501 1868 1542 21.

1170 1594 1468 1637 Mercurium.
1563 1595 1622 1639 cf.
1680 1597 1772 1643 An.
1810 1598 1886 1650 ’13,
1929 1601 2000 1647 57.

1112 1651 1239 1695 Caes.
1263 1651 1316 1694 Β.
1339 1650 1394 1694 G.
1420 1653 1460 1703 6,
1487 1653 1551 1695 17.
1586 1652 1739 1698 iisdem
1769 1658 1918 1701 verbis
1945 1660 2000 1703 de

1113 1708 1278 1752 Gallis:
1309 1709 1466 1752 Deum
1488 1711 1701 1755 maxime
1723 1714 2002 1760 Mercurium

1108 1770 1279 1810 colunt.
1348 1766 1683 1811 Germanorum
1720 1772 2001 1818 Mercurium

1109 1825 1191 1866 viri
1219 1825 1338 1867 docti
1364 1824 1588 1866 Wodano
1610 1827 1895 1874 adsimulant.
1938 1833 2000 1875 cf.

1109 1882 1234 1925 Paul.
1257 1880 1555 1925 Warnefrid.
1587 1880 1641 1924 de
1673 1877 1771 1929 reb.
1799 1886 2001 1945 Langob.

1109 1941 1244 1995 1,10.
1313 1939 1499 1985 Passov.
1541 1938 1595 1981 ad
1637 1941 1682 1986 h.
1718 1941 1751 1987 l.
1790 1953 1834 1987 et
1862 1945 2002 1991 Ruhs.

1109 2013 1156 2056 p.
1174 1997 1271 2040 274.

1167 2098 1392 2140 humanis
1434 2113 1612 2157 quoque
1656 2102 1830 2146 hostiis.
1915 2104 2004 2150 Ed.

1111 2155 1253 2199 Paris.
1277 2156 1409 2198 hul'us
1432 2172 1611 2215 quoque
1642 2161 1833 2216 hostius,
1880 2165 2002 2221 quod

1110 2214 1271 2259 vitium
1299 2215 1568 2272 compendio
1595 2215 1843 2274 scripturae
1864 2220 2003 2266 debe-

1109 2281 1198 2318 tur.
1254 2272 1324 2314 De
1350 2288 1398 2315 re
1418 2271 1478 2316 cf.
1497 2275 1592 2319 An.
1617 2277 1656 2326 1,
1677 2275 1747 2319 61.
1782 2277 1849 2329 13,
1874 2277 1944 2321 57:
1974 2291 1978 2293 ’

1107 2431 1136 2473 2
1166 2372 1428 2473 {Isserctdenn
1487 2374 1546 2418 cf.
1568 2390 1693 2432 supr.
1713 2391 1753 2419 c.
1779 2376 1823 2420 2.
1851 2385 1895 2421 et
1917 2356 2004 2425 Ᾰη.

1165 2531 1220 2558 ac
1232 2516 1455 2557 Martem.
1487 2514 1600 2558 Edd.
1612 2514 1820 2564 Norimb.
1836 2517 2003 2587 Vieun.

1107 2581 1150 2615 et
1179 2573 1396 2615 Martem.
1454 2574 1526 2616 De
1558 2572 1707 2616 Marte
1743 2574 1999 2622 Germano-

1106 2646 1209 2675 rum
1254 2630 1314 2672 cf.
1353 2631 1437 2672 An.
1477 2629 1543 2680 13,
1576 2629 1646 2673 57.
1705 2631 1818 2676 Hist.
1850 2635 1893 2684 4,
1926 2636 2001 2682 64.

1107 2687 1196 2730 Atii
1242 2686 1381 2730 intelli
1417 2698 1496 2732 unt
1539 2701 1704 2732 numen
1740 2689 1872 2733 Thor
1905 2693 2003 2738 sive

1108 2744 1298 2786 Theron
1316 2744 1391 2798 (cf.
1445 2743 1763 2790 iebuhr..Rt·›m.
1779 2747 1939 2796 Gesch.
1951 2752 2005 2803 L,

1107 2818 1152 2860 p.
1178 2802 1295 2857 94.);
1333 2800 1406 2844 alii
1434 2801 1547 2846 vbelli
1580 2802 1713 2846 deum
1738 2806 1851 2861 apud
1882 2806 2003 2853 Ger-

1109 2876 1266 2902 manos
1321 2859 1526 2902 exhibent
1577 2860 1684 2917 Tyr.
1738 2862 1814 2916 (cf.
1857 2863 1998 2911 Riihs.

1165 3003 1388 3045 concessis
1408 3001 1706 3046 animalibus.
1738 3002 2002 3052 Ed.Vienn.

1111 3059 1301 3100 concisis
1321 3060 1610 3101 animalibus.
1670 3059 2004 3108 Concessa‘ani-

1112 3115 1245 3158 malia
1269 3123 1394 3167 sunt,
1425 3117 1522 3173 quis
1547 3116 1672 3160 litare
1695 3117 1763 3160 fas
1792 3130 1869 3163 est.
1927 3122 2004 3167 Sic

1113 3172 1205 3216 An.
1233 3173 1298 3224 14,
1316 3174 1386 3215 21.
1425 3188 1567 3215 aures
1595 3175 1763 3217 studiis
1793 3179 2005 3223 honestis

1113 3237 1158 3271 et
1175 3231 1485 3284 voluptatibus
1507 3246 1640 3274 conc
1654 3232 1800 3275 ess-is
1822 3236 2000 3291 impar-

1113 3288 1202 3330 tiri.
1269 3287 1578 3345 Opponuntur
1604 3289 1808 3332 humanis
1833 3293 2005 3344 hostiis,

1112 3360 1226 3401 quae
1250 3353 1351 3388 sunt
1376 3346 1523 3388 dirum
1545 3345 1686 3389 nefas.
1748 3348 1808 3389 At
1828 3350 1884 3394 de
1905 3350 2002 3395 Go..

1112 3403 1195 3446 this
1222 3402 1467 3444 lornandes
1497 3419 1537 3445 c.
1565 3403 1608 3445 5.
1643 3403 1849 3449 Martem
1877 3423 2004 3451 sem-

1107 3474 1195 3514 per
1229 3464 1491 3514 asperrima
1520 3463 1767 3514 placavere
1792 3468 1976 3508 cultura
1990 3484 2005 3511 ,-

1111 3532 1226 3560 nam
1271 3518 1483 3559 victimae
1519 3519 1615 3559 eius
1652 3528 1831 3564 mortes
1861 3524 2008 3580 fuera,

1113 3582 1368 3630 captorum·
