2150 4022
219 232 320 295 ⁴34

236 361 586 419 multantur.

238 445 574 502 vindicatur
624 442 720 498 vel
768 443 1118 520 propinquis

581 225 1267 318 o-‘coRNE-Lms
1326 208 1757 303 TAcl‘r'us

673 377 807 431 pars
839 357 1059 416 multae
1085 358 1210 434 regi
1247 361 1342 416 vel
1377 359 1630 428 civitati,
1671 376 1805 434 pars
1837 355 1951 431 ipsi
1991 356 2096 433 qni

1169 443 1294 501 eius
1336 441 1680 517 *exsobritun
1771 438 2096 516 Eliguntur

240 531 304 586 in
347 526 556 585 iisdem
594 526 860 583 conciliis
900 539 956 585 et
997 529 1321 602 principeS,
1358 527 1479 604 ,qui
1502 527 1631 584 iura
1659 546 1764 602 per
1792 545 1970 600 pagos
2001 524 2095 580 vi-

239 633 452 691 cosque
478 612 754 669 reddunt.
803 613 1048 674 (centeni
1074 613 1322 686 singulis
1351 634 1419 670 ex
1441 612 1611 688 plebe
1637 610 1907 680 comites,
1940 610 2094 667 'con-

237 700 439 757 silium
468 697 645 754 simul
678 707 734 754 et
757 698 1073 756 auctoritas
1104 698 1335 756 adsunt„

236 915 334 973 quis
369 912 555 963 dicitur,
594 919 642 955 ut
675 917 849 955 constet
880 908 935 952 de
964 923 1127 966 genere

179 993 182 996 ·
206 1006 209 1011 .
234 970 460 1024 criminis3
479 971 708 1012 convictus
723 968 771 1011 in
789 967 950 1022 aliqua
965 981 1028 1018 re,
1049 966 1128 1010 ubi

233 1029 465 1087 quaeritur
487 1027 540 1070 de
556 1027 808 1073 occasione,
831 1040 919 1082 qua
941 1031 1004 1066 est
1021 1039 1127 1067 con-

235 1087 374 1130 victus
398 1085 579 1137 (cf.not.
593 1083 646 1126 ad
662 1085 750 1127 An.
773 1080 919 1133 15,44.
952 1080 1127 1125 Ernest.

235 1142 462 1187 Clav.Cic.
477 1143 519 1184 h.
532 1143 593 1196 v.)
610 1141 869 1194 3c0nvictus
883 1140 1047 1194 aliqua
1059 1153 1127 1187 re,

232 1210 281 1245 ut
306 1199 522 1256 intelligas
546 1214 721 1241 causam
747 1195 1056 1240 convictionis.

286 1260 568 1299 multantur.
591 1292 593 1294 .
626 1255 695 1297 De
716 1254 846 1298 huius
868 1252 995 1298 verbi
1016 1252 1127 1296 scri·

230 1323 358 1373 ptura
403 1312 462 1357 cf.
496 1321 595 1356 not.
631 1312 684 1355 ad
720 1313 810 1355 An.
850 1314 885 1360 1,
916 1309 986 1352 77.
1016 1311 1057 1358 6.
1079 1311 1122 1354 9.

235 1371 301 1424 13,
324 1372 396 1414 28.
427 1370 494 1422 14,
522 1370 586 1413 17.
656 1368 754 1412 Hoc
787 1369 889 1412 loco
920 1370 1123 1409 multan-

228 1439 307 1473 tur
332 1438 375 1472 et
400 1445 502 1471 mox
525 1429 703 1469 multae
728 1425 829 1469 edd.
854 1426 970 1484 Spir.
988 1425 1122 1469 Kath.

208 1487 326 1532 ·Pu1.
340 1486 408 1528 Μ.
431 1483 538 1528 etV.
556 1483 765 1526 Beroaid.
782 1482 926 1526 Rhen.
949 1482 1118 1539 (1519.)

223 1545 344 1602 Lips.
368 1541 496 1585 Pich.
520 1541 608 1584 alii.
638 1569 696 1576 --
755 1542 1048 1583 mulctantur
1080 1549 1123 1582 et

224 1603 328 1646 dein
347 1602 527 1642 multae
550 1597 650 1641 edd.
666 1596 767 1642 Ale.
785 1595 930 1640 Rhen.
956 1596 1122 1653 (1533.)

223 1659 329 1703 Ald.
346 1655 523 1713 Micyll.
547 1683 605 1693 --
636 1655 900 1697 multantur
921 1662 962 1696 et
986 1653 1119 1712 paulo

221 1723 324 1775 post
345 1717 547 1756 mulctae
568 1713 637 1756 ed.
653 1712 794 1754 Paris.
817 1720 925 1754 teste
947 1710 1119 1760 Hessi0‚

223 1774 297 1832 qui
325 1781 473 1815 tamen
497 1771 552 1813 de
575 1770 643 1812 ed.
660 1768 801 1812 Rhen.
828 1769 953 1812 1533.
980 1768 1118 1812 falsus

222 1838 302 1874 est.
325 1828 574 1876 Passovius‚
586 1826 808 1883 Dilthejus
821 1825 1118 1870 etWalchius

222 1886 485 1947 praeferunt
505 1887 793 1933 mulctantur
811 1891 853 1926 et
871 1887 1087 1927 mulctae.

278 1945 358 2000 qui
386 1974 397 1985 .
416 1975 426 1986 .
450 1974 460 1984 .
479 1975 490 1985 .
511 1946 728 1985 reddunt.
799 1941 935 1984 MSS.
955 1941 1117 1985 Bamb.

187 2039 189 2043 ,
220 2010 263 2044 et
287 1999 507 2043 Arundei.
543 2000 622 2055 qui
649 2000 743 2041 vita
767 2013 853 2045 per
871 2013 1022 2051 pagos
1045 1999 1117 2040 vi-

219 2073 379 2114 cosque
424 2061 667 2099 excellunt.
753 2055 890 2099 Unde
930 2054 1117 2099 Colerus

220 2116 423 2161 volebat:
479 2117 561 2171 qui
599 2117 693 2156 vica
735 2116 990 2164 excellunt,
1040 2115 1122 2169 qui

219 2177 328 2217 iura
359 2187 447 2226 per
474 2185 622 2228 pagos
659 2173 865 2226 m‘cosque
896 2175 1116 2214 reddunt.

218 2230 307 2276 Sed
345 2229 460 2272 illud
504 2229 590 2285 qui
624 2229 719 2270 vita
757 2231 991 2270 excellunt
1024 2228 1115 2271 for·

217 2297 332 2332 tasse
373 2287 826 2343 interpretamentum
869 2294 932 2330 est
983 2302 1054 2330 vo.
1072 2301 1113 2327 a·

217 2345 312 2388 buli
354 2346 596 2399 principe&
666 2342 727 2385 Ex
768 2342 960 2386 Ernestii
1006 2359 1112 2385 con-

214 2404 384 2446 iectura
407 2399 666 2460 Bipontini,
697 2399 971 2453 Oberlinus,
1002 2399 1112 2442 Bek-

217 2459 348 2503 kerus
381 2458 439 2501 ai.
465 2458 706 2501 ediderunt
729 2461 948 2501 reddant.
1012 2457 1112 2500 Pas-

214 2517 382 2567 sovius,
402 2515 596 2564 Hessius,
618 2514 842 2571 Dilthejus
863 2515 923 2559 al.
947 2516 1112 2558 rectius

213 2583 413 2620 veterem
437 2573 705 2628 scripturam
730 2572 938 2616 retinent.
999 2573 1112 2615 Nam

213 2630 433 2675 sententia
456 2629 544 2672 loci
569 2646 663 2673 non
689 2639 778 2673 est:
818 2629 921 2688 eligi
946 2630 1111 2688 princi·

215 2705 293 2747 pes
329 2704 382 2730 eo
423 2687 639 2739 consilio,
691 2697 739 2730 ut
777 2688 871 2730 iura
909 2688 1111 2735 reddant,

214 2745 289 2790 sed
310 2744 552 2803 principes,
571 2745 645 2801 qui
671 2745 764 2787 iura
787 2745 994 2797 reddunt,
1020 2749 1110 2798 (res

212 2810 333 2848 certa
357 2818 409 2845 ac
431 2803 582 2857 nota),
626 2802 726 2859 eligi
747 2802 794 2844 in
818 2802 973 2845 iisdem
1003 2819 1110 2846 con·

213 2859 344 2904 ciliis.
405 2858 663 2901 Discrimen
688 2859 920 2915 utriusque
946 2859 1109 2903 dictio-

213 2917 283 2960 nis
306 2917 354 2959 in
377 2923 591 2974 promptu
616 2925 693 2959 est.
757 2917 814 2960 cf.
837 2916 1107 2960 Ramshorn.

213 2974 294 3018 Gr.
319 2977 346 3027 §
372 2973 468 3016 193.
499 2981 605 3016 extr.
632 2988 679 3029 p.
697 2973 795 3016 609.
854 2974 924 3018 De
946 2991 992 3017 re
1013 2973 1106 3019 vid.

211 3031 336 3075 Caes.
375 3031 425 3073 B.
461 3029 517 3073 G.
544 3031 583 3078 6,
610 3029 680 3072 23.
718 3030 776 3072 In
804 3046 922 3084 pace
950 3035 1109 3075 nullus

211 3097 279 3132 est
323 3089 580 3131 communis
623 3088 932 3141 mugz'slratus
947 3123 958 3144 ‚
1025 3093 1109 3131 sed

203 3147 434 3200 principes
453 3147 690 3200 regionum
712 3154 852 3200 atque
869 3161 1107 3201 pagorum

209 3204 334 3245 inter
374 3217 484 3246 suos
526 3203 597 3245 ius
639 3202 797 3244 dicunt
840 3214 1108 3247 ecmerover-

208 3262 391 3316 siusque
415 3261 643 3302 minuunt.

266 3319 462 3361 centeni.
535 3316 723 3359 anneri
771 3317 1012 3360 centenarii
1060 3317 1106 3360 iu

207 3384 411 3422 veterum
485 3372 818 3417 Germanorum
891 3373 1104 3418 institutis

208 3449 338 3475 usum
405 3439 598 3489 arguunt
658 3430 794 3489 Leges
861 3431 1102 3475 Alennann.

206 3490 293 3534 Tit.
333 3489 401 3532 36.
451 3490 538 3547 leg.
577 3490 615 3532 l.
657 3488 917 3531 Conventus·
948 3490 1106 3532 secun·

202 3552 316 3590 dum
340 3547 719 3590 consuetudinem
746 3547 993 3600 antiquam
1005 3548 1104 3602 fiat

1199 913 1250 954 ln
1296 913 1430 954 omni
1467 911 1675 955 Centena
1717 924 1877 952 eoram
1919 907 2094 952 Comtte

1199 978 1286 1012 aut
1314 985 1403 1013 suo
1432 969 1573 1013 Mmo
1606 976 1652 1011 et
1683 981 1847 1011 coram
1869 967 2092 1010 Centeno·

1198 1030 1283 1071 rio.
1342 1025 1402 1070 cf.
1425 1027 1509 1083 leg.
1531 1027 1574 1069 2.
1608 1035 1650 1068 et
1673 1025 1912 1082 Capitular.
1939 1021 2090 1069 carol.

1199 1085 1268 1128 M.
1299 1085 1340 1135 4,
1370 1084 1444 1128 26.
1493 1081 1707 1129 ¹Manent
1743 1081 1877 1125 etiam
1907 1078 2091 1136 vestigia

1198 1142 1246 1185 in
1265 1143 1485 1184 hundred
1505 1147 1655 1183 courts
1666 1137 1936 1197 Anglorum.
1972 1136 2091 1182 Sunt

1196 1208 1349 1243 tamen
1384 1199 1460 1256 qui
1493 1198 1567 1241 hic
1594 1196 1801 1240 Tacitum
1832 1212 1947 1241 voce
1970 1223 1975 1230 ‹-
2023 1209 2091 1238 er·

1199 1257 1372 1300 manica
1404 1255 1640 1312 deceptum
1675 1260 1889 1298 centenos
1918 1251 1973 1296 de
2006 1249 2019 1262 “
2038 1254 2092 1294 'se

1197 1321 1352 1372 putent
1377 1329 1457 1372 pro
1472 1314 1708 1363 Zentner‚
1739 1309 1862 1368 quod
1883 1307 2092 1354 derivan-

1194 1372 1302 1415 dum
1329 1379 1420 1413 erat
1453 1387 1476 1413 a
1505 1372 1638 1413 zelzn.
1698 1369 1800 1412 Vid.
1823 1366 2011 1426 Longol.
2034 1364 2091 1409 ad

1192 1428 1237 1472 h.
1253 1428 1282 1471 l.
1333 1428 1642 1486 Berneggerus
1666 1427 1831 1485 cogitat
1853 1434 1896 1467 et
1921 1427 2012 1479 ipse
2033 1424 2089 1467 de

1193 1485 1395 1537 iudiciis,
1435 1501 1548 1542 quae
1580 1484 1844 1527 dicebantur
1873 1483 2091 1535 Zehnge-

1193 1545 1360 1592 rimie,
1391 1558 1585 1601 quorum
1611 1539 1834 1600 praesides
1851 1540 2088 1593 Zentgrass

1160 1603 1164 1612 ’
1178 1601 1271 1658 sen
1306 1600 1391 1655 (sic
1422 1601 1618 1655 Anton),
1660 1611 1903 1642 assessores
1935 1596 2085 1640 Zent-

1191 1656 1441 1712 schb'pfen:
1491 1671 1648 1700 vocem
1681 1659 1795 1700 *vero
1841 1653 2022 1697 deducit
2057 1668 2087 1696 a

1191 1730 1385 1758 numero
1408 1712 1682 1758 centenario.
1740 1710 1893 1754 Barth.
1915 1711 1961 1754 in
1975 1709 2088 1755 Risi.

1191 1771 1350 1817 Germ.
1383 1771 1423 1814 T
1428 1805 1438 1815 .
1463 1772 1519 1814 ll.
1555 1787 1597 1828 p.
1619 1770 1720 1814 419.
1747 1769 1872 1812 Zent
1899 1783 1936 1812 s.
1959 1765 2090 1822 Segni

1190 1830 1509 1887 interpretatur
1529 1827 1721 1875 turbam,
1750 1825 2086 1870 multitudini-ni

1187 1895 1520 1944 congregatam.
1585 1884 1809 1928 Gebauer.
1830 1898 1875 1941 p.
1889 1881 1987 1927 594.
2005 1897 2086 1926 vo·

1188 1943 1398 1988 cabulum
1445 1945 1624 1986 centeni
1659 1949 1783 2001 putat
1808 1955 1917 1997 ,esse
1960 1937 2087 1998 glos-

1188 2017 1335 2050 sema,
1376 2001 1450 2046 vel
1482 1998 1842 2044 substituendum
1866 1997 2083 2041 duodeni.

1188 2057 1527 2102 Kirchmaierus
1553 2057 1725 2101 mavult
1752 2056 1867 2100 certi
1884 2055 2084 2110 singulis

1187 2124 1303 2168 etc.;
1354 2115 1427 2159 aiii
1458 2116 1640 2170 septeni
1671 2113 1880 2169 singulis.
1955 2111 2084 2168 Quae

1188 2173 1394 2217 Ore—llius
1429 2173 1484 2217 ad
1520 2173 1561 2215 h.
1592 2171 1622 2214 l.
1656 2169 1906 2220 adnotavit,
1950 2170 2082 2228 digna

1187 2231 1295 2274 mihi
1337 2232 1548 2275 videntur
1592 2245 1704 2288 quae
1746 2226 2083 2272 adscribantur:

1186 2288 1298 2340 „Bis
1332 2289 1402 2332 vel
1434 2296 1500 2329 ter
1523 2288 1567 2330 in
1597 2287 1752 2331 codice
1777 2283 2080 2329 Gothtandico

1185 2354 1408 2390 vocantur
1441 2343 1635 2387 Gothico
1670 2357 1878 2389 sermone
1910 2340 2081 2385 iudice·

1187 2403 1255 2446 isti
1288 2405 1512 2446 hunden's
1541 2415 1683 2444 menn
1714 2402 1764 2442 in
1795 2411 1935 2442 sumu
1963 2400 2080 2441 hun·

1183 2462 1286 2503 deri
1301 2460 1475 2518 (Gnta·
1494 2459 1627 2518 Lagh.
1657 2475 1693 2503 c.
1721 2457 1790 2509 38,
1812 2457 1883 2513 6),
1911 2456 1984 2499 ubi
2006 2471 2081 2499 an·

1184 2517 1306 2576 tiqua
1367 2517 1515 2560 versio
1575 2517 1742 2560 habet:
1812 2518 1872 2570 dy
1929 2513 2080 2566 ‹ling-fs

1184 2591 1358 2618 manne
1380 2577 1425 2617 in
1449 2579 1580 2617 deme
1603 2574 1750 2617 selbin
1770 2575 1922 2625 (linge.
1967 2569 2080 2613 ibid.

1185 2649 1224 2677 c.
1250 2633 1319 2683 41,
1346 2634 1382 2676 1.
1413 2664 1439 2683 ‚,
1455 2633 1718 2675 Raehmenn
1746 2632 1878 2673 sculu
1900 2634 2026 2671 reeta
2048 2645 2080 2669 a

1182 2691 1407 2732 hunderis
1426 2688 1684 2742 thingum.”
1726 2689 1970 2731 Ratmane
1990 2687 2079 2728 sul·

1182 2750 1248 2789 lin
1320 2748 1504 2789 richten
1573 2746 1635 2802 uf
1691 2749 1782 2789 den
1848 2745 2082 2786 hunderes

1180 2806 1410 2860 dynghen.
1498 2804 1613 2846 Mihi
1659 2801 1848 2846 Gothica
1894 2801 1959 2843 lex
2001 2815 2079 2843 eos

1181 2863 1478 2915 thingsmenn
1511 2863 1743 2920 ipsumque
1766 2863 1927 2918 pagum
1951 2859 2080 2911 tlu’ng

1181 2919 1384 2977 appellat.
1447 2918 1627 2967 Infelix,
1667 2919 1837 2976 siquae
1862 2914 1972 2965 alia,
2014 2923 2080 2958 est

1181 2992 1350 3034 nupera
1393 2975 1596 3019 Minolae
1640 2977 1896 3020 coniectura
1938 2974 2078 3029 (Bes-

1180 3039 1319 3087 truge
1366 3049 1452 3075 zur
1505 3035 1772 3076 Urbersiclzt
1821 3034 1906 3072 der
1955 3036 2078 3074 rb'm.

1179 3092 1387 3133 deutsch.
1407 3091 1584 3142 (lesda,
1607 3089 1746 3134 Koln.
1764 3089 1910 3138 1818.)
1934 3095 2078 3130 cence-

1179 3149 1251 3190 m's
1287 3150 1482 3202 singulis
1519 3164 1580 3190 ex
1607 3150 1739 3203 plebe
1770 3147 1962 3189 comites
1992 3147 2079 3188 ad·

1178 3213 1290 3248 sunt
1357 3206 1539 3261 tegentis
1604 3215 1647 3249 et
1717 3203 2078 3260 interpretantis:

1179 3261 1376 3306 centenis
1417 3262 1586 3306 civibus
1627 3269 1700 3304 aut
1741 3260 1917 3303 samiiiis
1954 3275 2078 3318 prae·

1176 3319 1314 3362 fuisse
1348 3319 1588 3368 comitem,
1633 3335 1686 3361 eo
1713 3317 1884 3362 scilicet
1909 3316 2077 3376 signifi·

1176 3385 1278 3420 calu
1306 3392 1397 3434 quo
1424 3377 1619 3420 medium
1649 3391 1804 3422 aevum
1831 3375 1916 3418 hoc
1949 3389 2076 3418 voca·

1178 3433 1335 3476 bulum
1362 3434 1623 3492 usurpabat,
1660 3433 1865 3490 (Graj).
1893 3431 2076 3488 eiusque

1177 3506 1344 3534 nomen
1400 3491 1537 3535 fuisse
1590 3493 1894 3534 [lundreder.
1985 3489 2074 3534 Sed

1176 3546 1322 3594 evinci
1350 3549 1501 3606 nequit
1528 3548 1733 3593 Tacitum
1756 3546 2074 3591 Germanicam
