2150 4022
90 2044 298 2090 *Ox-euius
321 2059 405 2102 pro
429 2057 513 2086 ars
535 2043 763 2085 medentis
786 2041 983 2086 scriben-

87 2102 205 2149 dum
224 2103 475 2159 suspicatur
492 2115 579 2143 ars
598 2102 836 2154 medendi„
860 2100 982 2157 quod

571 202 877 270 DLAIuO
895 205 1096 268 GUS„
1173 205 1384 274 ‘CAR
1411 206 1517 266 41.
1836 209 1954 274 391

120 337 311 394 dentis
336 332 514 392 habet
536 335 602 391 in
630 335 701 391 iis
725 333 1028 408 gentibus,
1079 356 1232 411 quae
1258 318 1596 402 firmissima
1622 335 1958 400 valetudine

119 444 184 479 ac
210 421 609 482 saluberrimis
627 420 980 495 corporibus
1004 431 1279 477 utuntur:
1320 421 1407 477 sic
1432 421 1631 477 minor
1655 431 1956 482 ora-torum

121 502 404 588 [horum]
435 505 856 582 obscuriorque
884 505 1068 579 gloria
1094 517 1181 562 est
1203 505 1361 561 inter
1384 506 1574 562 bonos
1600 521 1791 562 mores
1814 516 1868 561 et
1892 507 1955 560 in

109 592 466 668 obsequium
486 591 743 664 regentis
770 602 1022 665 parato-s,
1106 590 1254 666 quid
1284 591 1440 645 enim
1470 610 1618 665 opus
1650 603 1735 648 esst
1762 591 1954 663 long-is

115 679 180 734 in
208 679 414 733 senat-u
443 676 774 744 sententiiS,
819 697 952 733 cum
972 675 1184 750 optimi
1205 675 1320 730 cito
1347 675 1754 733 consentiant?
1804 676 1951 751 quid

111 763 314 820 multis
343 762 507 836 apud
546 761 834 836 populum
865 760 1283 829 concionibUS,
1336 779 1470 816 cum
1502 763 1578 816 de
1611 779 1676 817 re
1712 760 1950 835 publica

112 868 236 924 non
270 846 530 922 imperi-ti
563 857 623 902 et
653 847 826 903 multi
852 847 1211 915 deliberent,
1263 846 1360 900 sed
1392 845 1862 920 sapientissimus
1898 857 1952 902 et

110 933 308 990 unus?
357 931 504 1008 quid
537 930 888 988 voluntariis
924 930 1430 999 adcusationibuS,
1486 949 1621 987 cum
1654 943 1777 988 tam
1814 951 1949 987 raro

110 1030 168 1076 et
199 1029 319 1074 tam
358 1036 531 1092 parce
566 1016 874 1090 peccetur?
922 1016 1074 1093 rquid
1109 1015 1419 1071 invidiosis
1452 1026 1509 1072 et
1536 1015 1949 1073 excedentibus

109 1105 353 1159 modum
385 1102 856 1170 defensionibu8‚
910 1122 1041 1158 cum
1080 1100 1386 1156 clementia
1417 1101 1816 1173 cognoscentis
1840 1101 1951 1156 ob—

108 1189 264 1244 viam
302 1187 768 1263 periclitantibus
804 1186 939 1242 eat?
1019 1184 1282 1255 Credite,
1328 1186 1539 1260 optimi
1575 1197 1631 1243 et
1663 1186 1731 1241 in
1756 1205 1950 1261 quan-

109 1285 235 1330 tum
274 1291 421 1347 opus
452 1284 535 1329 est
561 1271 932 1328 disertissimi
957 1271 1102 1340 viri,
1157 1270 1208 1326 si
1239 1282 1340 1326 aut
1363 1290 1468 1326 vos
1494 1270 1793 1345 prioribus
1823 1290 1949 1325 sae-

107 1358 254 1414 culis
280 1369 380 1414 aut
405 1357 536 1425 isti,
590 1376 737 1432 quos
761 1356 1076 1424 miramur,
1133 1351 1227 1410 his
1268 1355 1392 1411 nati
1431 1367 1648 1425 essent,
1702 1375 1768 1411 ac
1804 1356 1947 1410 deus

106 1437 319 1519 aliquis
345 1441 493 1498 vitas
516 1460 582 1497 ac
602 1452 795 1497 vestra
818 1453 1078 1515 tempora
1102 1450 1343 1515 repente
1363 1451 1668 1510 mutasset,
1708 1458 1819 1496 nec
1839 1459 1946 1495 vo-

105 1529 196 1583 bis
218 1547 450 1583 *summa
483 1526 583 1582 illa
613 1527 742 1582 laus
777 1537 833 1590 et
870 1526 1053 1599 gloria
1090 1525 1155 1582 in
1195 1525 1559 1601 eloquentia,
1609 1545 1804 1601 neque
1818 1522 1947 1582 'ill-is

97 1613 315 1668 modus
362 1622 424 1668 et
467 1621 997 1686 temperamentum
1044 1611 1336 1669 defuisset.
1445 1630 1618 1675 nunc-2
1663 1609 1944 1687 quoniam

47 1683 53 1693 ι
103 1718 276 1754 nemo
306 1698 511 1754 eodem
541 1707 807 1771 tempore
835 1695 1079 1772 adsequi
1111 1706 1302 1772 potest
1332 1713 1605 1769 magnam
1635 1695 1853 1752 famam
1889 1705 1945 1751 et

99 1946 184 1990 pro
215 1930 552 1986 minimumque
582 1928 632 1971 in
659 1928 735 1981 ed.
759 1929 790 1972 S
823 1927 877 1971 ir.
907 1920 986 1971 ηἰ-

96 1990 334 2043 miumque
370 1994 522 2030 exstat.
574 2010 626 2018 —
697 1986 842 2029 Pauo
885 1994 986 2043 post

1090 1926 1379 1970 osterioribus
1405 1925 1588 1984 Lipsius
1629 1924 1849 1981 coniecit,
1901 1933 1944 1968 et

1074 1983 1176 2027 tud.
1207 1984 1418 2042 Agricola
1454 1999 1599 2040 quum
1636 1983 1817 2038 optima
1855 1983 1949 2026 citu

1055 2051 1330 2085 censeamur
1381 2039 1604 2100 roposuit.
1865 2083 1868 2087 ,

1113 2099 1357 2142 excedens
1383 2100 1438 2143 us
1477 2101 1687 2141 modum.
1759 2095 1811 2139 In
1851 2106 1941 2140 vet.

891 2157 982 2200 Re·
1052 2154 1228 2199 Pithoei
1250 2155 1368 2199 libro
1391 2157 1717 2199 excellentibus
1738 2169 1943 2217 morum?

96 2159 355 2217 neutiquam
393 2158 693 2203 necessarium
734 2166 816 2201 est.

89 2217 210 2262 ttius
243 2218 360 2259 idem
392 2215 464 2260 vir
496 2217 655 2259 doctus
685 2231 736 2256 ex
767 2215 838 2257 ed.
865 2206 982 2265 Ald„

97 2273 171 2318 cui
194 2275 295 2318 MS.
317 2271 456 2328 Neap.
480 2273 675 2322 accedit,
714 2274 764 2313 in
790 2273 846 2314 iis
862 2287 978 2326 gen-

94 2332 219 2375 tibus
245 2329 381 2374 edidit
402 2345 487 2386 pro
511 2328 782 2386 reliquarum
807 2329 907 2371 edd.
933 2332 980 2370 in

96 2391 165 2431 his
186 2390 418 2444 gentibus,
452 2386 593 2443 [quod
619 2385 802 2452 Rupert.
825 2401 976 2428 serva-

94 2446 186 2494 vit,
242 2443 429 2488 Bekker.
479 2451 522 2486 et
564 2442 832 2487 Boetticher.
871 2457 977 2486 cor-

93 2507 334 2555 rexerunt]-

151 2587 308 2629 minor
324 2593 572 2628 oratorum
592 2586 801 2640 [hor-eun]
823 2585 978 2626 obsen-

93 2646 284 2699 riorque
323 2645 486 2696 gloria.
556 2642 634 2685 Sic
670 2640 804 2683 MSS.
839 2641 975 2698 Neap.

92 2700 265 2746 Vaticc.
309 2700 408 2743 edd.
444 2699 562 2757 Spir.
601 2699 703 2742 Put.
743 2699 836 2742 Riv.
876 2698 976 2740 Ber.

92 2758 219 2806 Ale„
261 2757 337 2800 sed
360 2762 527 2800 horum
556 2773 660 2800 cum
686 2756 882 2799 otiosum
909 2756 977 2807 sit,

93 2815 301 2860 cancellis
328 2814 371 2857 id
395 2816 576 2858 inclusit
598 2814 791 2857 Seebod.
808 2843 819 2860 ,
850 2829 977 2870 prm·-

92 2889 166 2916 sus
199 2870 455 2916 deleverunt
488 2888 589 2915 cum
623 2871 838 2914 Rhenano
873 2871 973 2913 edd.

92 2937 191 2987 post
215 2945 315 2971 eum
339 2930 537 2986 vulgatae
564 2945 735 2972 ornnes.
799 2928 972 2970 Proba-

93 2987 179 3029 bile
203 2995 287 3037 est,
314 2988 434 3042 quod
450 2987 594 3030 Orell.
616 2986 872 3044 proposuit,
895 2987 975 3026 Ιιο-

90 3059 199 3085 rum
232 3053 380 3086 ortum
415 3060 505 3086 esse
529 3061 577 3086 ex
599 3047 749 3085 honor
771 3061 805 3087 s.
827 3045 974 3086 honos

92 3109 333 3158 corrupto3
373 3101 588 3144 vocabula
618 3117 720 3143 vero
749 3104 901 3143 honos
930 3109 973 3143 et

90 3159 246 3213 gloria
261 3158 499 3201 coniuncta
516 3168 619 3201 sunt
640 3175 772 3216 supra
794 3158 971 3213 cap.12.

90 3223 133 3258 et
174 3216 287 3271 apud
323 3214 500 3258 Sallust.
536 3215 628 3259 Cat.
674 3232 711 3258 e.
750 3218 819 3264 11,
849 3219 892 3259 2.
931 3222 972 3257 et

95 3273 214 3330 Virg.
236 3274 350 3316 Aen.
382 3274 446 3322 12,
472 3271 566 3315 135.

150 3358 310 3407 optirm'
334 3358 422 3399 cito
449 3358 752 3400 consentiant.
813 3358 888 3398 Sic
920 3373 970 3397 ex

92 3415 289 3457 Rhenani
332 3415 639 3457 emendatione
676 3415 775 3456 edd.
814 3430 969 3455 onmes

92 3489 184 3528 sqq.
204 3496 251 3503 -
281 3476 455 3526 optimo
473 3471 568 3512 MS.
583 3472 715 3530 Neap.
735 3472 834 3513 edd.
851 3472 966 3526 Spir.

91 3531 189 3573 Put.
205 3530 303 3575 Riv.
320 3530 413 3571 Ber.
431 3528 527 3572 Ale.
607 3531 794 3582 optimis
809 3529 852 3571 in
869 3527 967 3571 edd.

1052 2229 1146 2256 non
1190 2216 1408 2268 modum,
1460 2222 1510 2256 ut
1546 2210 1726 2258 Dronk.
1769 2220 1938 2267 narrat,

1051 2269 1267 2327 scriptum
1295 2279 1385 2318 est,
1424 2270 1547 2329 quod
1575 2267 1780 2325 vulgatae
1807 2277 1938 2325 ,post-

1048 2326 1312 2384 ponendum
1330 2344 1422 2371 esse
1437 2327 1579 2385 quivis
1594 2325 1772 2376 videbit,
1799 2325 1938 2381 modo

1051 2394 1099 2426 tu
1117 2383 1380 2442 cogitaveris
1397 2385 1450 2427 de
1466 2381 1819 2432 defensionibus,
1842 2381 1938 2440 qui-

1050 2441 1134 2484 bus
1168 2449 1366 2484 oratores
1398 2440 1612 2484 libertatis
1647 2438 1833 2482 modum
1869 2456 1936 2482 ex-

1052 2497 1263 2543 cedentes
1290 2498 1597 2557 potentiorum
1631 2513 1759 2540 aures
1793 2496 1936 2541 offen-

1051 2556 1181 2599 dunt.
1215 2579 1268 2589 —-
1327 2555 1506 2599 Deinde
1529 2571 1612 2614 pro
1643 2563 1720 2597 eat
1749 2553 1817 2610 ed,
1836 2554 1936 2602 Riv.

1052 2613 1179 2656 habet
1202 2627 1273 2655 ea.
1758 2617 1761 2619 ’

1107 2674 1224 2712 vitas
1261 2686 1317 2712 ac
1360 2669 1518 2711 vestra'
1549 2675 1793 2724 tempora.'
1859 2667 1935 2712 Sic

1050 2728 1150 2770 MS.
1205 2727 1340 2784 Neap.
1363 2758 1374 2775 ,
1444 2725 1565 2782 quod
1620 2724 1931 2782 recipiendum

1049 2785 1176 2834 duxi;
1201 2809 1255 2816 —
1286 2785 1407 2826 vitas
1432 2791 1514 2825 auc
1537 2790 1691 2825 vestra
1715 2791 1934 2838 tempora

1047 2841 1148 2884 edd.
1175 2842 1292 2898 Spir.
1320 2851 1360 2884 et
1381 2841 1483 2884 Riv.
1516 2864 1572 2872 -—
1604 2841 1726 2882 vitas
1748 2849 1932 2883 vestras

1045 2906 1127 2940 aut
1150 2907 1308 2941 vestra
1332 2906 1544 2951 tempora
1569 2897 1681 2940 liber
1706 2906 1827 2941 vetus
1848 2897 1927 2940 Pi-

1046 2955 1185 3007 timei,
1223 2956 1345 3012 quod
1375 2953 1547 2999 Dronk.
1572 2955 1740 3011 recepit
1776 2981 1822 2989 ·-·
1856 2957 1930 2997 υί-

1046 3021 1121 3055 tos
1135 3047 1145 3064 ,
1178 3022 1337 3055 vestra
1358 3024 1573 3067 tempora
1597 3011 1695 3054 edd.
1712 3013 1811 3055 Put.
1827 3012 1927 3055 Ber.

1044 3069 1144 3113 Alc.
1171 3095 1225 3103 —
1260 3072 1380 3112 vitas
1400 3078 1606 3116 vestras,
1639 3078 1792 3113 vestra
1811 3076 1925 3110 tem·

1038 3143 1157 3181 pora
1215 3127 1416 3170 Rhenan.
1479 3135 1522 3169 et
1582 3142 1739 3170 oannes
1798 3140 1922 3183 seqq.

1044 3184 1250 3239 [Bekker.
1294 3192 1337 3226 et
1376 3183 1644 3227 Boetticher.
1691 3183 1927 3227 ediderunt

1042 3244 1161 3284 vitas
1182 3249 1362 3284 vestras
1383 3258 1437 3285 ae
1460 3250 1698 3292 tempora,
1727 3240 1773 3282 in
1789 3241 1924 3285 Fam.

1041 3299 1142 3342 cod.
1167 3298 1240 3341 ille
1261 3315 1316 3341 ac
1340 3308 1522 3342 vestras
1546 3314 1636 3340 esse
1662 3297 1834 3353 tradic]
1874 3324 1921 3331 --

1041 3355 1131 3398 Pro
1152 3363 1379 3399 mutasset
1401 3357 1470 3398 ed.
1488 3355 1605 3412 Spir.
1629 3355 1799 3398 exhibet
1823 3372 1923 3399 mu-

1041 3421 1247 3464 tuasset;
1289 3414 1447 3456 deiude
1479 3416 1567 3454 illis
1603 3427 1758 3455 omnes
1788 3427 1917 3479 prae-

1041 3471 1145 3513 bent
1171 3470 1270 3514 edd.
1296 3480 1468 3530 praeter
1491 3485 1625 3512 unam
1652 3469 1833 3522 Aleiau,
1872 3471 1919 3515 in

1040 3544 1126 3583 qua
1149 3530 1252 3571 illos
1277 3544 1533 3587 expressum
1557 3536 1619 3571 est
1647 3529 1778 3585 typis.
