2150 4022
369 215 1014 293 ⁴1UL11AGRIC.

816 357 973 416 nihil
1004 359 1111 435 per
1148 361 1391 418 libertos
1419 380 1731 439 servosque
1761 362 1962 437 publi-

116 359 482 438 provinciam
517 380 730 434 regere.

1061 229 1301 290 VITA
1345 230 1540 291 CAP.
1579 233 1674 293 19.
1840 227 1956 292 151

116 445 350 505 cae'rei:
404 465 530 501 non
555 445 764 503 studiis
786 446 1031 520 privatis
1066 464 1174 500 nec
1211 465 1279 501 ex
1313 447 1823 504 commendatione
1860 458 1964 503 aut

113 531 386 608 precibus
438 531 857 587 centurionum
915 530 1134 586 milites
1186 530 1367 586 ascire
1394 576 1410 600 ,

1502 533 1604 589 sed
1667 532 1960 607 optimum

112 635 402 693 quemque
426 615 1097 690 fidelissimum‘putare:
1143 615 1343 670 omnia
1372 615 1550 686 scire,
1609 637 1730 674 non
1757 616 1959 673 omnia

111 700 377 777 exsequi:
449 701 646 777 parvis
692 700 943 777 peccatis
988 699 1257 770 veniam,
1319 700 1548 773 magnis
1592 701 1958 760 severitatem

162 917 288 960 nihil
312 932 402 972 per
424 919 609 962 libertos
630 933 880 977 servosque
899 933 994 974 pu·-

105 974 251 1018 blicae
283 976 370 1019 rei.
428 974 506 1020 Sic
535 975 638 1020 libri
670 986 776 1021 vett.
812 992 996 1029 omnes;

105 1031 184 1074 sed
236 1048 374 1091 quum
425 1048 567 1087 agere
619 1035 810 1080 verbum
860 1032 994 1078 intel·

104 1088 334 1146 ligendum
385 1106 478 1133 esse
527 1091 791 1141 Rhenanus,
855 1091 993 1148 idque

104 1147 163 1190 ob
188 1146 457 1205 praecedens
477 1161 640 1204 regere
669 1148 881 1193 excidisse
904 1148 994 1192 Er-

103 1205 274 1247 nestius
315 1204 614 1258 censuissent,
673 1206 772 1250 edd.
812 1207 994 1264 Bipont.

104 1259 470 1305 Ober1.Seebod.
486 1262 671 1307 Becker.
696 1262 885 1318 (uncisis
910 1264 994 1307 cir-

103 1319 382 1376 cumpositis)
402 1317 450 1361 in
471 1321 713 1364 verborum
735 1329 991 1364 contextum

101 1373 147 1417 id
169 1383 458 1433 receperunt,
490 1378 567 1420 sed
591 1378 876 1421 collocarunt
900 1395 995 1435 pes·

100 1432 213 1475 sime
244 1434 332 1476 sic:
370 1447 512 1487 agere
542 1436 663 1478 nihil
695 1442 809 1486 cet„
851 1451 990 1493 quum

98 1488 235 1532 scribi
278 1489 502 1534 debuisset
554 1502 629 1536 aut
682 1493 800 1535 m'lzil
851 1509 993 1546 agere

99 1555 176 1589 aut
198 1546 319 1590 nilu'l
333 1562 424 1601 per
445 1550 630 1592 libertos
651 1565 813 1605 ogere,
842 1560 890 1592 ut
903 1551 992 1594 An.

102 1604 171 1652 12,
191 1605 264 1647 40.
284 1619 371 1658 per
390 1606 624 1650 ministros
646 1621 804 1661 agere.
850 1608 988 1650 Recte

99 1670 292 1704 veterem
311 1662 576 1720 scripturam
599 1665 893 1707 restituerunt
909 1680 987 1706 nu·

99 1718 194 1774 peri
210 1718 329 1770 edd„
349 1728 398 1761 ut
412 1719 602 1771 Dronk„
624 1723 695 1766 cui
719 1731 867 1764 tamen
883 1737 988 1764 con·

98 1783 168 1817 tra
200 1775 336 1820 animi
371 1775 489 1835 leges
521 1787 564 1821 et
592 1780 781 1822 omnino
816 1777 990 1836 ἄλογον

97 1833 188 1877 hoc
210 1848 349 1889 genus
371 1834 548 1879 dicendi
576 1838 781 1887 videtur3
809 1837 989 1889 Hertel„

99 1892 394 1951 qui'certum
437 1893 617 1951 aliquod
655 1894 843 1936 verbum
882 1895 989 1937 scri·

96 1948 213 2019 ptori
236 1966 331 1993 non
352 1948 576 1995 suffecisse
603 1951 780 2002 scribit,
809 1953 983 1995 nullum

95 2008 233 2066 igitur
251 2009 446 2066 positum
465 2025 582 2061 esse;
604 2007 857 2051 VValchius
871 2042 882 2060 ,
907 2009 983 2066 qui

94 2079 236 2119 ogere
259 2065 381 2108 verbi
405 2064 619 2123 ellipsim,
647 2081 733 2122 qua
762 2065 870 2109 nihil
898 2067 983 2108 fre·

97 2121 330 2180 quentius,
350 2121 502 2167 multis
525 2123 810 2168 confirmavit
832 2139 982 2167 exem-

94 2179 191 2238 plis.
241 2179 296 2222 cf.
327 2189 426 2223 not.
450 2182 504 2224 ad
527 2182 617 2224 An.
646 2183 683 2230 1,
704 2181 773 2224 32.
802 2182 884 2223 sub
911 2198 982 2224 νν.

95 2241 222 2292 quod
233 2253 377 2292 neque
391 2238 667 2282 disiecticet.
688 2238 817 2294 [Item
834 2238 983 2282 LBek-

93 2293 224 2350 ker.].
253 2294 363 2338 Vide
375 2295 557 2353 Selliug.
570 2296 742 2339 observ.
755 2296 854 2339 crit.
870 2297 987 2352 p.16.

94 2351 311 2395 Schedius
342 2367 508 2397 novam
546 2353 810 2409 excogitavit
840 2355 987 2396 ratio-

94 2425 198 2451 nem
220 2407 357 2451 hanc:
390 2425 533 2465 quam
547 2412 853 2464 provinciam.
896 2413 987 2453 Re-

93 2480 202 2520 gere
218 2467 336 2509 nihil
342 2481 431 2521 per
445 2468 517 2510 lib.
541 2467 743 2510 Groslot.
769 2468 986 2511 correxit:

91 2524 210 2566 nihil
252 2538 342 2577 per
398 2524 474 2567 lib.
523 2539 767 2579 servosque
808 2528 987 2578 publice

91 2583 206 2636 geri.
237 2603 289 2615 -
350 2580 441 2624 Pro
475 2583 663 2625 libertos
694 2584 738 2624 in
772 2582 866 2624 MS.
892 2582 983 2624 Va-

92 2639 169 2681 tic.
185 2638 311 2682 3429.
337 2647 473 2683 exstat
498 2641 682 2690 liberos,
713 2639 981 2682 confusione

90 2696 352 2755 pervulgari.
386 2721 440 2731 —
496 2711 584 2750 per
609 2714 697 2741 om.
725 2697 795 2740 ed.
819 2697 924 2741 Ald.

143 2757 352 2809 precibus
415 2756 746 2798 centurionum
809 2756 979 2796 milites

91 2814 257 2856 ascire.
315 2810 392 2854 Sic
423 2812 522 2855 edd.
546 2811 721 2854 Puteol.
759 2828 830 2870 pr.
855 2811 976 2855 Med.

90 2868 345 2918 Ven.,Alc.
383 2869 526 2912 Rhen.
564 2870 668 2912 Ald.
699 2869 817 2925 Lips.
844 2868 976 2926 prim.

93 2927 260 2981 (1574.)
283 2924 467 2970 Pichen.
482 2959 493 2977 ,
523 2927 639 2969 inter
662 2934 848 2970 recentt.
870 2925 978 2967 Her·

90 2982 373 3027 tel.Walch.
398 2982 646 3039 [Bekker.].
683 3008 736 3015 —
795 2984 978 3031 adscire

91 3041 193 3084 edd.
225 3041 344 3099 Lips.
378 3039 520 3098 Ryck.
558 3042 683 3084 Brot.
717 3040 892 3085 Ernest.
924 3063 977 3072 -

89 3100 238 3141 accire
311 3097 492 3155 Bipont.
566 3098 728 3142 Oberl.
801 3097 975 3142 Dronk.

89 3155 276 3199 Becker.
315 3155 387 3198 alii
428 3179 482 3188 -
523 3158 699 3198 nescire
736 3154 834 3198 MS.
871 3155 974 3198 Vat-

89 3213 218 3257 3429.
254 3219 308 3269 (t.
346 3212 568 3264 Dronk.)‚
609 3212 782 3256 vitiose.
854 3213 974 3256 Pro-

88 3270 235 3314 banda
274 3278 338 3312 est
372 3281 568 3314 veterum
605 3269 827 3312 librorum
859 3272 976 3315 scri-

122 3337 244 3378 tura,
275 3329 310 3370 si
335 3328 518 3386 quidem
535 3326 715 3369 Tacitus
739 3328 792 3369 de
819 3327 978 3373 militi-

89 3344 174 3428 bus
203 3401 226 3428 e
246 3385 446 3428 tironum
472 3398 690 3434 numero,
731 3400 780 3425 ex
802 3384 975 3430 adscri-

90 3444 245 3499 ptivis,
275 3443 493 3493 accensis,
521 3441 771 3484 ferentariis
792 3442 975 3498 ((1.Νο-

90 3499 192 3545 nius
220 3515 263 3544 v.
285 3501 419 3556 legio)
443 3500 491 3542 in
515 3498 744 3556 legionum
767 3502 974 3544 cohortes

92 3558 375 3603 adsumendis
396 3556 809 3616 promovendisque
829 3558 970 3616 loqui·

1065 926 1155 963 tur.
1187 915 1300 960 Nam
1317 925 1499 962 auctore
1512 917 1718 964 Varrone
1731 919 1778 963 in
1790 917 1952 977 fragm.

1065 976 1181 1034 apud
1214 974 1414 1018 Nonium
1451 992 1493 1021 v,
1531 976 1780 1031 optiones:
1826 976 1954 1033 rese·-

1064 1032 1277 1076 rentibus
1302 1034 1647 1077 centurionibus
1669 1037 1888 1090 adoptati
1904 1035 1955 1076 in

1063 1093 1276 1133 cohortes
1297 1093 1540 1144 subibant,
1580 1098 1631 1133 ut
1650 1106 1833 1144 semper
1846 1093 1953 1147 ple-

1065 1162 1159 1190 nae
1194 1154 1349 1190 essent
1379 1150 1596 1202 legiones.
1670 1148 1774 1205 Qua
1814 1147 1860 1191 in
1904 1164 1955 1191 re

1064 1204 1272 1261 usurpari
1296 1207 1446 1248 ascire
1466 1207 1651 1249 verbum
1677 1207 1842 1249 docent
1862 1203 1954 1249 loci

1065 1278 1089 1305 a
1115 1261 1346 1306 Walchio
1378 1262 1550 1307 excitati
1575 1265 1665 1308 An.
1691 1265 1730 1315 l,
1751 1262 1795 1305 3.
1836 1261 1953 1305 Hist.

1064 1320 1106 1370 4,
1136 1320 1208 1363 24.
1242 1320 1312 1363 80.
1372 1319 1509 1363 Vides
1543 1320 1775 1363 mendasse
1805 1319 1956 1378 potius

1066 1393 1200 1434 quam
1249 1377 1505 1420 emendasse
1549 1378 1703 1420 locum
1745 1375 1954 1419 Boxhor-

1065 1435 1215 1485 nium,
1269 1435 1345 1492 qui
1392 1437 1609 1478 correxi-t:
1663 1434 1956 1477 centuriones

1064 1494 1272 1534 militum
1313 1492 1463 1534 ascire
1496 1492 1687 1547 (scilicet
1718 1491 1952 1536 centurio-

1063 1566 1141 1592 nes
1177 1556 1425 1604 optontur,
1480 1551 1761 1605 eliguntur);
1807 1548 1954 1592 Erne-

1063 1607 1223 1658 stium,
1266 1607 1340 1663 qui
1366 1605 1572 1649 Tacitum
1600 1608 1952 1659 expeditionum

1059 1667 1248 1706 comites
1270 1662 1497 1720 scripsisse
1520 1663 1749 1721 opinatur,
1772 1679 1954 1706 sermo-

1059 1737 1164 1763 nem
1201 1719 1323 1762 enim
1359 1736 1452 1762 esse
1483 1736 1577 1763 non
1604 1721 1656 1763 de
1681 1737 1731 1763 re
1754 1720 1954 1773 militari,

1060 1778 1135 1822 sed
1161 1779 1214 1821 de
1238 1774 1472 1835 disciplina
1499 1778 1769 1831 domestica;
1800 1779 1945 1821 Dane-

1060 1835 1203 1886 sium,
1265 1834 1342 1892 qui
1393 1835 1715 1877 centurionum
1763 1837 1954 1878 comites

1060 1896 1320 1935 adsciscere
1337 1891 1472 1949 scrjbi
1489 1891 1650 1936 voluit.
1683 1891 1741 1935 cf.
1753 1892 1951 1936 Walch.

1059 1950 1112 1993 ad
1146 1950 1189 1992 h.
1222 1948 1255 1993 l.
1301 1977 1359 1984 -
1425 1948 1516 1991 Pro
1550 1951 1766 2003 precibus
1794 1950 1842 1993 in
1877 1950 1949 1993 ed.

1057 2006 1162 2050 Put.
1201 2006 1357 2050 Venet.
1392 2014 1615 2050 exaratum
1652 2017 1717 2051 est
1749 2008 1953 2064 precipi-

1058 2066 1156 2108 bus,

1115 2123 1342 2176 optimum
1361 2138 1584 2179 quemque
1593 2123 1949 2180 fidelissimum.

1058 2179 1128 2223 Cs.
1142 2179 1246 2223 Sall.
1259 2179 1359 2224 Cat.
1384 2181 1451 2228 59,
1468 2180 1507 2223 3.
1532 2196 1593 2223 ex
1612 2182 1840 2236 gregariis
1863 2182 1949 2223 mi-

1054 2238 1209 2278 litibus
1244 2245 1487 2291 optumum
1518 2254 1745 2294 quemque
1776 2253 1947 2281 arma-

1057 2302 1158 2336 tum
1199 2298 1247 2337 in
1284 2297 1490 2350 primam
1531 2297 1679 2338 aciem
1718 2298 1945 2339 subducit.

1060 2351 1275 2407 Optimus
1328 2352 1497 2395 dicitur
1540 2353 1841 2402 fortissimus,
1896 2361 1946 2395 ut

1060 2410 1313 2452 docuerunt
1352 2411 1540 2467 interpr.
1590 2410 1646 2452 ad
1687 2409 1796 2453 Sall.
1834 2411 1864 2453 l.
1909 2409 1942 2454 l.

1060 2466 1150 2508 Pro
1180 2467 1522 2521 fidelissimum
1567 2483 1616 2509 ex
1652 2467 1755 2510 MS.
1796 2466 1946 2511 Vatic.

1057 2523 1186 2566 3429.
1213 2525 1478 2566 auctoritate
1507 2522 1734 2566 Beckerus
1764 2524 1944 2583 scripsit

1041 2581 1344 2634 fidissimum,
1380 2598 1471 2623 non
1497 2580 1599 2623 satis
1623 2590 1759 2633 recte,
1795 2597 1942 2640 quan-

1055 2653 1189 2694 quam
1204 2637 1431 2680 firmatum
1445 2637 1556 2680 illud
1572 2637 1709 2681 videri
1724 2640 1862 2696 possit
1876 2639 1946 2682 Ci-

1052 2709 1142 2737 cer.
1158 2694 1279 2738 Phil.
1291 2698 1356 2746 10,
1374 2699 1437 2746 11,
1449 2695 1519 2738 24.
1532 2697 1762 2739 exercitus
1767 2698 1944 2753 fidz'ssi-

1050 2767 1152 2794 mus
1171 2760 1214 2794 et
1237 2755 1678 2805 constantissimum
1709 2753 1944 2798 Tac.Hist.

1046 2809 1088 2859 2,
1109 2810 1182 2851 46.
1196 2810 1486 2866 fidissimum
1512 2814 1798 2862 exercituum
1826 2813 1943 2855 Am-

1050 2867 1188 2909 mian.
1216 2866 1422 2910 Marcell.
1441 2869 1511 2918 20,
1536 2867 1576 2909 5.
1613 2877 1939 2923 propugnato-

1048 2938 1122 2966 res
1137 2955 1146 2966 .
1162 2957 1171 2967 .
1187 2924 1369 2980 ,fortes
1392 2932 1436 2966 et
1449 2926 1551 2978 fidi,
1577 2926 1651 2968 sed
1669 2926 1763 2968 vide
1789 2935 1834 2968 tu
1849 2927 1938 2969 An.

1050 2982 1115 3032 15,
1128 2982 1197 3024 67.
1213 2997 1294 3023 nec
1308 2983 1552 3038 quisquam
1568 2984 1650 3025 tibi
1651 2985 1843 3042 fidelior
1857 2985 1940 3025 mi-

1047 3040 1181 3080 litum
1196 3056 1210 3089 ‚·
1232 3038 1407 3086 Liv..24‚
1420 3039 1488 3082 47.
1503 3055 1651 3094 opera
1663 3056 1824 3082 eorum
1844 3041 1920 3094 (ni

1049 3112 1211 3154 spanos
1227 3095 1350 3151 diei-t)
1361 3098 1553 3151 sortiuc
1563 3099 1705 3155 fideli
1713 3113 1937 3151 persaepe

1049 3168 1127 3194 res
1154 3155 1281 3206 publ.
1314 3169 1401 3196 usu
1435 3163 1531 3205 est;
1570 3156 1632 3198 id.
1656 3155 1724 3207 22,
1748 3157 1819 3197 60.
1852 3159 1939 3197 laa-

1048 3211 1213 3252 beretis
1243 3234 1299 3242 -
1333 3213 1484 3253 millia
1498 3211 1654 3266 fortia
1677 3229 1731 3254 ac
1751 3214 1938 3268 fidelia.

1048 3268 1119 3310 De
1145 3267 1376 3325 utriusque
1404 3271 1528 3311 vocis
1562 3269 1822 3312 discrimine
1845 3269 1936 3311 vid.

1050 3323 1278 3369 Drakenb.
1304 3328 1355 3369 ad
1381 3327 1482 3369 Liv.
1507 3326 1575 3374 33,
1599 3329 1668 3375 28,
1696 3328 1789 3378 134
1826 3343 1934 3370 ean-

1047 3383 1154 3481 gem
1196 3382 1509 3427 confusionem
1552 3385 1802 3442 reperimus
1843 3387 1934 3428 An.

1076 3473 1088 3490 2
1108 3445 1148 3485 lo

1105 3500 1400 3541 sevm'tatem
1443 3500 1757 3541 commodare.
1839 3499 1930 3543 Nc·

1047 3571 1133 3613 que
1169 3570 1354 3613 zeugma
1390 3572 1533 3613 neque
1575 3555 1756 3600 dicendi
1792 3560 1933 3601 auda-
