2150 4022
195 265 314 328 194

193 391 459 474 peditum
512 415 571 451 se
604 394 844 470 proelio
883 394 1186 451 miscuere.

192 496 480 541 terrorem
519 480 875 548 intulerant,
928 480 1124 536 densis
1165 479 1364 536 tamen
1409 475 1672 536 hostium
1718 476 2054 550 agminibus
2127 487 2131 493 '

196 581 253 626 et
295 565 710 642 inaequalibus
750 564 897 622 locis
941 561 1287 622 haerebant:
1355 563 1718 640 minimeque
1769 562 2053 639 equestris
2131 616 2134 624 ,

196 674 261 711 ea
287 670 518 727 pugnae
544 650 892 719 sacies'erat,
937 670 1071 706 cum
1096 669 1263 723 aegre
1291 647 1397 705 diu
1421 660 1636 707 stantes
1666 647 1843 703 simul
1870 667 2052 727 equo-

492 262 737 326 IULII
783 260 1110 325 AGRIC.
1154 256 1629 325 VITACAP.
1655 248 1756 321 36.

1282 405 1348 451 et
1383 394 1725 470 quanquam
1761 389 2054 449 recentem
2123 379 2132 433 ἶ·

193 758 331 800 rum
361 736 711 811 corporibus
740 733 1204 810 impellerentur,
1249 755 1313 790 ac
1342 753 1511 810 saepe
1534 732 1669 807 vagi
1695 734 1920 800 curruS,
1956 751 2054 788 ex-

195 821 389 882 territi
414 822 540 895 sine
565 821 894 878 rectoribus
921 820 1083 896 equi,
1128 832 1194 878 ut
1223 822 1516 896 quemque
1539 816 1795 875 formido
1821 817 2055 885 tulerat,

196 918 561 966 transversos
592 917 693 963 aut
721 905 928 963 obvios
953 905 1353 962 incursabant.

191 1089 309 1128 gare
353 1072 638 1127 covinarios,
698 1073 1002 1128 peditumque
1041 1084 1090 1114 se

186 1133 367 1189 proelio
387 1133 615 1174 miscuere
642 1129 819 1173 reiectis
846 1129 959 1172 duos
989 1144 1090 1174 ver-

190 1206 266 1234 sus
321 1188 532 1233 excidisse
582 1195 684 1244 post
719 1186 896 1243 sugere
948 1192 1089 1244 putet.

192 1246 324 1304 Quae
371 1245 554 1304 quidem
603 1245 833 1303 ingeniose
870 1243 935 1288 sic
979 1259 1083 1301 sup·

168 1305 360 1364 =ple‘vit:
415 1303 607 1345 interim
648 1303 856 1358 equitum
896 1309 1086 1344 turmae

185 1360 504 1418 protentis
558 1361 764 1402 hastis
812 1361 871 1402 in
918 1359 1086 1402 covi-

190 1422 406 1464 narios
468 1431 580 1473 pro
642 1419 925 1460 cornibus
985 1418 1108 1459 in-·

155 1484 159 1491 ”
190 1478 350 1527 υεῘιίς
400 1476 852 1530 perruptisque
881 1476 1088 1528 ¹impe-

192 1542 255 1577 tu
286 1534 598 1576 ordinibus
625 1540 950 1588 postquam
983 1532 1090 1586 dif-

180 1590 408 1648 fugere
462 1590 707 1645 covinarii,
779 1591 989 1643 peditum
1040 1603 1091 1631 se

188 1650 370 1706 proelio
395 1648 644 1691 miscuere.
713 1645 780 1691 Ut
811 1647 997 1689 omnino
1022 1653 1092 1688 tot

195 1707 332 1764 verba
367 1704 579 1749 excidisse
610 1704 678 1747 vix
703 1703 799 1751 veri
827 1703 1004 1747 videtur
1026 1702 1082 1745 si-

191 1764 301 1808 mile
333 1779 454 1814 esse,
491 1762 551 1805 ita
577 1763 625 1805 in
656 1760 874 1805 sententia
900 1761 974 1805 illa
999 1761 1090 1804 duo

192 1830 298 1866 sunt
319 1837 493 1865 errores
515 1819 682 1878 aperti,
745 1819 872 1862 uibus
896 1819 1090 1863 rectiora

131 1931 132 1936 ¹
191 1880 228 1924 si
254 1877 566 1928 docuerimus,
591 1877 719 1921 cadat
814 1875 948 1920 alchii
966 1893 1090 1920 com·

190 1946 396 1984 mentum
422 1949 605 1978 necesse
630 1941 710 1977 est.
769 1934 976 1977 Priorem
999 1935 1089 1977 iam

190 1992 488 2049 refutavimus
514 2007 720 2034 errorem
749 1991 804 2036 ad
833 2007 930 2048 cap.
958 2008 1088 2049 prae-

118 2076 130 2083 *
191 2052 367 2102 cedens,
380 2050 498 2093 unde
517 2049 759 2092 discrimen
774 2064 867 2091 esse
881 2050 998 2092 inter
1014 2065 1087 2091 co-

188 2107 386 2153 vinari'os
410 2115 454 2150 et
475 2106 644 2163 equites
668 2105 954 2150 manifestum
981 2106 1090 2159 erit;

192 2167 405 2225 equitum
439 2172 630 2207 turmae
656 2172 760 2207 sunt
796 2164 932 2221 igitur
966 2163 1087 2221 equi·

187 2235 252 2282 tes
296 2223 623 2266 Britannorum
645 2236 659 2275 3
719 2222 844 2279 quod
898 2220 1087 2265 adieeti-

188 2297 301 2328 vum
329 2289 378 2324 ut
399 2287 647 2336 poneretur
671 2279 774 2322 ideo
805 2294 898 2322 non
932 2294 1086 2322 neces-

189 2339 359 2384 sarium
385 2345 502 2388 erat,
538 2335 660 2393 quod
683 2337 738 2379 de
759 2336 1086 2379 Britannorum

190 2396 286 2441 acie
317 2410 468 2439 sermo
498 2403 580 2436 est.
649 2394 856 2436 Turmas
886 2409 997 2439 vero
1033 2394 1087 2436 de

191 2452 392 2498 barbaris
424 2467 603 2509 quoque
629 2451 718 2494 diei
741 2467 897 2510 posse,
933 2450 1088 2494 decla-

191 2521 318 2555 ratur
337 2510 430 2553 An.
458 2509 525 2558 14,
543 2509 615 2552 34.
642 2510 995 2552 Britannorum
1018 2524 1089 2551 co-

182 2571 292 2624 piae
306 2568 486 2621 passim
502 2581 586 2620 per
602 2574 819 2610 catervas
841 2574 885 2609 et
901 2574 1090 2610 turmas

191 2627 516 2670 exsultabant.

243 2740 449 2782 hostium
483 2741 765 2794 agminibus.
825 2739 980 2781 hostes
1014 2739 1088 2781 in-

190 2796 339 2854 tellige
363 2797 620 2847 Romanos,
662 2798 727 2840 uti
767 2814 861 2855 cap.
884 2795 956 2839 32.
990 2795 1086 2839 Cal-

190 2871 325 2913 gacus
363 2856 565 2897 hostium
600 2856 715 2897 vitia
747 2869 1085 2898 commemora-

190 2911 638 2955 veratBritannorum
656 2911 927 2969 intelligens.
963 2899 1083 2953 Nihil

188 2969 200 3012 i
234 2969 326 3012 itur
359 2978 423 3010 est
447 2970 779 3013 emendandum
805 2977 847 3011 et
876 2968 1083 3011 reiicien-

224 3042 300 3070 um
336 3025 485 3083 potius
517 3026 689 3069 Nlureti
726 3035 770 3068 et
805 3026 838 3068 l.
862 3025 936 3069 Fr.
968 3024 1085 3068 Gro-

188 3082 314 3126 novii
334 3089 611 3125 nostrorum
636 3091 677 3126 et
701 3083 894 3127 Ernestii
922 3086 1086 3125 cohor-

187 3142 329 3191 tium,
380 3155 578 3197 quorum
622 3141 888 3183 alterutrum
925 3142 1087 3199 probat

173 3197 435 3243 <Brona-ius.
496 3197 739 3253 Per-peram
767 3198 819 3240 de
844 3198 1083 3241 Britanno·

188 3271 290 3298 rum
327 3253 579 3312 agminibus
611 3254 898 3300 somniabant
922 3254 1083 3300 Acida-

187 3312 273 3356 lius
294 3322 339 3357 et
358 3311 611 3372 Bipontini.

243 3427 532 3483 minimeque
556 3427 781 3481 equestris
808 3443 865 3470 ea
892 3442 1082 3482 pugnae

171 3484 330 3541 facies
360 3491 491 3540 erat,
525 3499 628 3526 eum
657 3499 795 3538 aegre
819 3487 898 3527 diu
935 3492 1078 3526 stan·-

183 3549 252 3585 t-es
276 3571 290 3584 .
314 3571 351 3586 ..
369 3573 380 3585 .
406 3543 770 3599 impellerentur.
842 3542 945 3584 MS.
974 3542 1076 3586 var.

1162 1069 1288 1115 Med.
1311 1069 1473 1113 Venet.
1503 1069 1602 1130 Alc·
1626 1075 1872 1125 equestres.
1910 1082 1965 1110 en
1990 1065 2054 1121 (in

1162 1185 1311 1230 Vatic.
1352 1185 1470 1228 libro
1510 1168 1583 1239 eia)
1629 1183 1754 1225 enim
1789 1183 1888 1240 (per
1924 1197 2055 1224 com-

1162 1244 1376 1303 pendium
1410 1258 1458 1286 η.
1489 1242 1652 1299 scripta
1693 1239 1928 1298 particula)
1959 1253 2052 1292 pu-

1159 1317 1285 1358 gnae
1309 1301 1464 1356 facies
1499 1307 1629 1353 erat,
1665 1313 1768 1340 cum
1801 1310 1948 1351 aegra
1971 1296 2056 1339 diu
2135 1319 2150 1332 .-

1159 1367 1244 1403 aut
1291 1367 1451 1402 stante
1492 1367 1577 1401 etc.
1663 1354 1794 1411 Quae
1843 1362 2055 1410 corrupta

1160 1432 1254 1462 esse
1275 1432 1416 1475 quum
1441 1421 1696 1475 appareret,
1729 1410 1972 1455 Rhenanus
1997 1410 2054 1453 le·

1163 1475 1362 1533 gendum
1405 1483 1448 1518 et
1490 1470 1855 1528 distinguendum
1897 1468 2055 1511 suade-

1161 1535 1261 1576 bat:
1307 1532 1591 1586 minimeque
1621 1528 1849 1584 equestris
1881 1541 1940 1569 ea
1963 1541 2053 1579 pu-

1163 1606 1283 1647 gnae
1304 1590 1457 1646 facies
1491 1595 1624 1640 erat,
1658 1601 1801 1642 quum
1827 1585 1877 1626 in
1903 1586 2057 1638 gradu

1161 1655 1372 1698 stantes,
1410 1648 1553 1689 simul
1585 1657 1811 1700 equorum
1842 1641 2055 1695 corpori-

1163 1710 1244 1749 bus
1266 1707 1635 1759 impellerentur.
1693 1698 1892 1743 Picheua
1915 1698 2056 1742 salsis·

1161 1765 1324 1807 simum
1370 1761 1482 1805 illud
1528 1761 1736 1818 opinatus
1773 1753 1821 1799 in
1863 1771 1912 1799 ea
1963 1763 2058 1799 erat

1162 1821 1394 1868 sententia,
1430 1827 1481 1862 ut
1503 1835 1598 1862 non
1619 1822 1873 1874 equestrem
1892 1812 2057 1857 intelli·

1162 1887 1286 1938 geret
1319 1878 1488 1925 aciem,
1522 1875 1598 1920 sed
1629 1873 1907 1931 pedestrem,
1941 1885 2056 1928 quae

1162 1936 1404 1981 covinariis
1439 1944 1481 1979 et
1511 1933 1736 1991 equitibus
1757 1927 1892 1972 mixta
1914 1944 2052 1986 eque-

1159 1993 1262 2037 stris
1315 1993 1510 2049 speciem
1563 2003 1738 2049 pugnae
1793 1985 2055 2030 ostenderit.
2128 2017 2140 2028 x

1159 2050 1367 2094 Rhenani
1388 2076 1390 2078 v
1412 2050 1631 2108 scriptura
1676 2044 1848 2102 vulgata
1892 2050 1956 2086 est
1997 2043 2053 2086 ad

1159 2109 1339 2151 Broter.
1365 2115 1407 2150 et
1431 2107 1632 2154 Ernest„
1667 2102 1745 2161 qui
1778 2116 1884 2144 cum
1908 2099 2054 2144 Ober-

1161 2166 1280 2215 lino,
1314 2163 1525 2208 Dronkio
1555 2171 1597 2205 et
1621 2162 1754 2204 Imm.
1777 2157 1982 2201 Bekkero
2006 2156 2052 2200 id

1160 2224 1390 2274 exhibent,
1443 2221 1564 2280 quod
1600 2235 1685 2263 nos
1724 2217 1771 2260 in
1802 2217 2051 2262 verborum

1159 2289 1421 2324 contextum
1445 2278 1719 2336 recepimus.
1766 2274 1948 2333 Bipom.
1967 2272 2052 2315 En-

1160 2340 1243 2397 gel.
1267 2338 1489 2381 Seebod.:
1515 2334 1748 2391 equestris
1773 2348 1833 2376 ea
1847 2339 2052 2386 tumpu-

1159 2410 1279 2451 gnae
1291 2396 1443 2452 facies
1467 2401 1572 2437 erat
1592 2401 1676 2437 etc.
1702 2398 1745 2434 et
1765 2405 1848 2449 pro
1872 2396 2055 2433 stantes

1163 2454 1282 2511 apud
1309 2451 1503 2495 Seebod.
1539 2458 1603 2494 est
1636 2453 1911 2497 adstante-53
1952 2445 2054 2490 edd.

1165 2509 1351 2554 Becker.
1378 2518 1420 2553 et
1442 2508 1638 2552 Hei-tela
1677 2507 1958 2562 minimeque
1980 2518 2050 2559 eq.

1165 2585 1222 2612 ea
1242 2570 1338 2610 iam
1357 2581 1544 2622 pugnae
1567 2566 1721 2621 facies
1745 2570 1875 2618 erut,
1909 2577 2053 2619 quum

1164 2641 1306 2679 aegre
1335 2630 1450 2667 dum
1481 2628 1730 2666 adstantes
1761 2622 1906 2663 simul
1931 2652 1942 2663 .
1966 2651 1978 2662 .
2004 2650 2016 2663 .
2041 2650 2053 2661 .

1160 2685 1526 2736 impellerentur.
1620 2677 1798 2722 Triller.
1821 2679 2051 2733 ,observa

1160 2741 1259 2784 crit.
1283 2741 1325 2791 4,
1350 2741 1415 2783 19.
1443 2756 1483 2796 p.
1504 2737 1606 2782 4⁶24.
1631 2735 1929 2782 coniiciebat:
1959 2734 2052 2776 mi·-

1157 2802 1370 2853 nz'meque
1401 2798 1625 2853 equestris
1654 2810 1711 2837 ea
1737 2793 1927 2836 interim
1955 2808 2050 2846 pu-

1155 2871 1277 2908 gnae
1289 2856 1411 2910 sac„
1447 2869 1592 2909 quum
1615 2866 1759 2906 aegre
1779 2851 2049 2894 cliuo-stan-

1156 2921 1225 2955 tes
1258 2920 1341 2954 ete.
1433 2910 1704 2954 Walchius:
1759 2922 1868 2952 eum
1909 2920 2051 2962 aegre

1156 2973 1269 3012 dum
1299 2972 1347 3010 in
1373 2969 1541 3011 declivi
1558 2976 1745 3011 stantes
1766 2974 1851 3010 etc.
1919 2965 2047 3008 Doe-

1157 3026 1343 3069 derlein.
1372 3026 1420 3069 in
1444 3026 1598 3069 transl.
1622 3023 1882 3069 Germanic.
1951 3056 1962 3066 .
1980 3022 2048 3065 59.

1157 3085 1430 3141 transposuit
1453 3086 1587 3127 verba
1616 3084 1662 3126 in
1694 3083 1815 3126 hunc
1834 3038 2049 3125 mogum:

1158 3142 1440 3196 minimeque
1465 3143 1692 3198 equestris
1719 3142 1791 3195 (ea
1817 3139 1938 3181 enim
1956 3154 2050 3192 pu·-

1157 3202 1272 3255 gna)
1293 3199 1447 3254 facies
1483 3201 1613 3246 er'at,
1659 3213 1764 3240 cum
1798 3203 2050 3250 aegre-aut

1157 3257 1238 3298 diu
1266 3263 1445 3299 stantes
1467 3258 1612 3300 simul
1632 3269 1854 3312 equorum
1882 3267 2047 3310 eorpo-

1156 3315 1284 3356 ribus
1303 3315 1670 3367 impellerentur.
1726 3309 2049 3354 Britannorum

1157 3371 1331 3427 agmina
1354 3370 1460 3429 ipsis
1485 3371 1611 3430 equis
1634 3377 1854 3427 urgentur
1871 3383 2049 3412 eorum·

1156 3444 1245 3483 que
1269 3427 1441 3486 impetu
1465 3429 1589 3472 inviti
1613 3428 1882 3479 incitamur;
1910 3426 2049 3470 intel-

1151 3486 1327 3541 ligenda
1355 3493 1458 3528 sunt
1485 3485 1604 3530 enim
1628 3501 1705 3532 ea,
1737 3499 1850 3541 quae
1906 3499 2048 3541 ugnae

1149 3542 1293 3587 adhuc
1327 3545 1519 3600 expertia
1555 3559 1606 3585 ex
1643 3541 1836 3584 collibus
1866 3500 2047 3598 depulsa

181 3598 309 3643 3429.
334 3599 464 3654 (teste
488 3597 715 3652 Dronkio)
742 3598 843 3643 edd.
874 3599 975 3642 Put.
1002 3616 1070 3656 pr.
1146 3601 1191 3643 in
1214 3599 1445 3657 planitiem
1471 3601 1734 3644 vincuntur.
1809 3648 1815 3654 ⁵
