2150 4022
1818 819 1844 826 φ

1007 859 1116 913 DE

249 967 1879 1093 ORAT9sslssus

546 1165 1579 1230 DIALOGUS.

728 1481 1406 1529 BREVIARIUM.

372 1590 484 1635 CAP.
516 1594 558 1634 1.
617 1592 796 1650 Dialogi
822 1592 1017 1638 occasio.
1078 1594 1120 1638 Ξ.
1143 1593 1186 1637 3.
1225 1593 1616 1638 Consabulationis
1649 1607 1986 1656 argumentum.

142 1647 395 1692 Curiatium
421 1649 681 1693 Maternum
715 1667 765 1693 ex
802 1660 980 1695 oratore
1014 1660 1190 1709 poetam
1218 1652 1285 1695 M.
1307 1652 1430 1709 Aper
1469 1662 1646 1704 orator,
1689 1655 1840 1700 iudice
1873 1658 1992 1703 Iulio

143 1706 353 1750 Secundo
371 1738 384 1755 ‚
423 1723 447 1750 a
473 1709 657 1765 poeticis
685 1708 843 1752 studiis
875 1724 1065 1755 avocare
1097 1716 1251 1753 tentat.
1311 1709 1355 1751 4.
1393 1709 1626 1752 Maternus
1649 1714 1921 1759 sanctiorem
1944 1733 2005 1778 se¹

143 1763 446 1821 eloquentiam
476 1766 632 1809 sectari
657 1765 911 1824 profitetur.
971 1766 1120 1810 5—7.
1157 1767 1296 1810 Instat
1321 1767 1444 1824 Aper
1468 1774 1510 1808 et
1534 1771 1754 1813 oratoriae
1779 1772 1886 1815 artis
1909 1775 1994 1818 uti·

144 1821 340 1871 litatem,
380 1821 685 1880 voluptatem,
727 1823 986 1880 dignitatem
1024 1824 1245 1872 celebrat,
1284 1823 1422 1881 idque
1480 1824 1522 1866 8.
1554 1824 1762 1870 Marcelli
1788 1828 1916 1886 Eprii
1950 1839 1996 1875 et

144 1878 290 1936 Crispi
315 1879 434 1922 Vibii
458 1880 667 1939 exemplis
694 1883 985 1939 comprobat;
1041 1882 1084 1925 9.
1118 1889 1277 1924 contra
1308 1882 1509 1924 carmina
1539 1881 1754 1940 dignitate
1790 1895 1833 1929 et
1866 1888 1994 1931 utili-

142 1943 239 1986 tate·
259 1935 464 1988 destitui,
503 1953 593 1992 nec
626 1938 709 1981 nisi
734 1938 912 1982 laudem
938 1939 1115 1982 inanem
1140 1938 1247 1981 dare
1275 1945 1316 1981 et
1341 1938 1554 1994 gaudium
1581 1939 1782 1986 volucre.
1840 1942 1994 1990 Laude

143 1992 326 2051 dignam
347 2010 440 2036 esse
464 1994 726 2052 Vespasiani
752 1993 1063 2039 liberalitatem
1088 1997 1135 2039 in
1156 2004 1299 2038 vatem
1326 1995 1522 2039 Saleium
1549 1996 1760 2050 Bassum3
1790 2000 1993 2058 pulcrius

141 2058 294 2094 tamen
325 2066 447 2105 esse,
485 2052 568 2095 sibi
599 2052 682 2111 ipsi
707 2054 966 2112 prospicere
992 2055 1036 2096 et
1057 2069 1185 2098 suum
1213 2053 1396 2111 genium
1420 2055 1680 2112 propitiare.
1734 2055 1831 2102 Nec
1854 2059 1991 2104 volu-

141 2108 273 2168 ptatis
298 2108 541 2167 quidquam
573 2110 786 2168 praebere
816 2111 1063 2169 poeticam,
1108 2110 1273 2169 quippe
1307 2112 1488 2157 vatibus
1525 2112 1572 2155 in
1606 2111 1899 2160 solitudinem
1936 2119 1994 2161 sit

142 2166 474 2218 recedendum;
515 2169 586 2211 10.
611 2177 707 2211 tum
731 2178 884 2225 poetas
906 2184 1000 2212 esse
1023 2168 1202 2213 offensis
1224 2169 1458 2213 obnoxios.
1520 2169 1784 2216 Maternum
1804 2174 1996 2231 proinde

143 2225 322 2325 Set-,tiusd
343 2232 549 2268 acturum
565 2257 577 2274 ‚
617 2225 653 2268 si
682 2225 736 2268 ab
761 2226 995 2270 auditoriis
1016 2236 1059 2271 et
1079 2227 1259 2272 theatris
1284 2228 1333 2270 in
1358 2225 1510 2270 forum
1536 2235 1579 2270 et
1598 2227 1652 2271 ad
1678 2244 1832 2274 causas
1854 2248 1993 2291 agen-

176 2297 223 2324 as
243 2297 292 2325 re
328 2289 409 2324 eat.

319 2365 450 2408 11.-
466 2364 534 2410 13.
563 2366 799 2410 Maternus
825 2375 984 2411 contra
1007 2367 1208 2426 poeticae
1232 2366 1431 2411 studium
1454 2367 1739 2413 securitatem
1767 2379 1995 2428 praestare

147 2429 192 2464 et
211 2420 519 2465 innocentiam
534 2456 546 2474 ,
590 2426 808 2467 maiorem
835 2439 1015 2482 quoque
1040 2425 1227 2482 gloriam
1245 2457 1257 2476 ,
1334 2442 1432 2467 uam
1455 2424 1653 2468 forensis
1677 2426 1807 2471 labor
1828 2445 1995 2474 conce-

147 2479 247 2530 dat,
288 2481 409 2538 quod
443 2481 564 2524 aurei
594 2482 759 2524 saeculi
789 2483 989 2540 exemplo
1028 2490 1218 2525 constet.
1323 2481 1568 2540 oluptatem
1595 2499 1735 2540 porro
1761 2487 1995 2543 puriorem

149 2536 323 2580 adferre
355 2555 577 2581 secessum
604 2539 651 2581 in
678 2555 868 2582 nemora
896 2549 938 2583 et
963 2538 1114 2587 lucos,
1157 2555 1291 2596 quam
1314 2539 1653 2597 sanguinantem
1678 2541 1996 2600 eloquentiam.

146 2594 319 2638 Dulees
342 2596 496 2639 Musas
523 2611 744 2640 revocare
766 2613 870 2641 suos
893 2596 1090 2640 cultores
1112 2612 1134 2638 a
1159 2596 1536 2641 sollicitudinibus
1561 2606 1603 2641 et
1626 2598 1762 2642 curis.
1855 2602 1862 2611 ⁸

324 2677 391 2721 14.
428 2676 694 2735 Supervenit
730 2677 974 2735 Vipstanus
1002 2676 1228 2721 Messalla.
1295 2675 1364 2728 Is,
1405 2676 1692 2734 antiquorum
1734 2675 1996 2735 admira-tor,

150 2735 191 2779 A
225 2751 325 2777 rum
359 2751 382 2777 a
413 2749 635 2778 novorum
666 2734 898 2778 rhetorum
933 2751 1060 2778 more
1097 2735 1151 2777 ad
1181 2742 1372 2778 veterem
1398 2733 1593 2777 formam
1620 2735 1795 2781 trahere
1821 2739 1997 2787 nititur.

153 2750 289 2838 15li—
306 2793 372 2836 18.
404 2791 526 2849 Aper
549 2808 804 2851 repugnans
830 2800 980 2836 movet
1004 2793 1338 2850 quaestionem,
1370 2790 1550 2848 quinam
1575 2802 1777 2838 oratores
1801 2800 1998 2843 vocandi

152 2853 240 2896 sint
271 2850 458 2906 antiqui.
519 2849 614 2893 Hos
650 2859 925 2895 venerantur
956 2848 1195 2898 Messalla,
1241 2849 1508 2901 Secundus,
1546 2849 1800 2898 Maternus.
1870 2856 2001 2914 Aper

152 2908 315 2953 saeculi
348 2907 415 2951 sui
447 2915 592 2964 partes
625 2915 797 2959 tuetur,
837 2924 924 2951 nec
959 2916 1132 2952 veteres
1170 2923 1261 2950 esse
1294 2906 1508 2950 dicendos
1535 2906 1727 2966 iudicat,
1775 2926 1890 2969 quos
1917 2930 1999 2956 eo-

151 2965 358 3009 rumdem
383 2964 618 3007 hominum
641 2981 769 3008 aures
798 2980 1042 3023 agnoscere
1073 2964 1319 3021 potuerint.
1381 2963 1647 3008 Ciceronem
1675 2976 1717 3011 et
1743 2985 1999 3026 aequaevos

152 3023 248 3066 fere
270 3022 318 3066 in
341 3021 493 3064 medio
518 3021 690 3079 positos
710 3023 763 3066 ab
787 3024 1075 3081 antiquorum
1103 3021 1291 3065 adseclis
1313 3020 1407 3065 istis
1428 3023 1673 3067 accenseri.
1733 3026 1786 3068 In
1810 3029 1862 3070 iis
1877 3058 1890 3076 ‚
1923 3030 2001 3086 qui

154 3088 377 3126 vocentur
398 3079 593 3136 antiqui,
623 3079 775 3138 plnres
798 3078 1072 3140 deprehendi
1094 3078 1290 3136 species,
1322 3094 1406 3122 nec
1430 3093 1573 3121 unum
1599 3096 1692 3124 esse
1718 3083 2001 3142 eloquentiae

154 3138 348 3183 vultum.
419 3135 699 3193 Malignitate
737 3137 933 3181 humana
962 3145 1113 3181 vetera
1149 3137 1195 3178 in
1228 3136 1385 3191 laude,
1439 3137 1683 3193 praesentia
1731 3140 1776 3183 in
1817 3141 1999 3187 fastidio

156 3211 268 3251 esse.
329 3194 400 3238 19.
435 3192 637 3237 Cassium
668 3195 910 3246 Severum,
952 3210 1084 3253 quem
1118 3194 1361 3236 terminum
1397 3194 1670 3292 antiquitatis
1706 3199 2001 3253 constituant,

155 3261 338 3300 avetere
357 3251 614 3296 flexissavia
637 3267 731 3294 non
757 3252 959 3304 inscitia,
998 3251 1073 3294 sed
1106 3249 1273 3293 iudicio
1317 3259 1361 3294 et
1390 3251 1497 3293 intel
1521 3260 1647 3304 ectu;
1696 3270 1799 3297 cuni
1836 3257 2000 3301 condi-

155 3315 279 3357 tione
310 3319 566 3368 temporum
604 3324 657 3352 ac
693 3309 946 3354 diversitate
978 3309 1155 3351 aurium
1189 3306 1385 3351 formam
1412 3323 1593 3375 quoque
1620 3311 1836 3355 orationis
1861 3313 2001 3359 fuisse

157 3368 434 3413 mutandam.
493 3367 565 3409 20.
596 3365 744 3409 Variis
763 3368 974 3411 scatuisse
999 3374 1193 3408 veterem
1213 3364 1513 3423 eloquentiam
1535 3365 1663 3410 vitiis.
1722 3367 2000 3416 Auditorum

159 3441 376 3472 coronam
400 3423 571 3481 exigere
593 3421 684 3466 iam
707 3424 938 3467 laetiorem
962 3431 1004 3466 et
1025 3421 1302 3479 pulcriorem
1325 3422 1579 3466 orationem
1604 3431 1646 3465 et
1670 3426 1898 3481 poeticum
1926 3431 2001 3474 de-

163 3499 331 3528 corem.
399 3481 470 3524 21.
505 3482 578 3525 22.
624 3479 854 3525 Diiudicat:
893 3481 995 3524 dein
1027 3481 1153 3538 Aper
1186 3478 1339 3532 Calvi,
1381 3480 1554 3532 Coelii,
1592 3478 1815 3536 Caesaris,
1854 3486 2001 3538 Bruti,

162 3541 321 3591 Asinii,
352 3538 541 3585 Corvini
566 3536 790 3582 orationes
811 3547 854 3582 et
876 3538 1076 3583 carmina
1099 3543 1142 3579 et
1163 3537 1398 3596 praecipue
1413 3537 1662 3586 Ciceronis,
1697 3540 1823 3585 cuius
1847 3541 2002 3588 laudes

163 3598 282 3643 canit
323 3604 367 3639 et
408 3594 516 3642 vitia
555 3595 858 3652 reprehendit,
909 3610 1020 3652 quae
1054 3592 1149 3637 sola
1185 3595 1408 3652 perversis
1442 3594 1744 3639 imitatoribus
1780 3600 1999 3657 placeant.
