2150 4022
438 396 444 406 Ι
497 314 618 374 DE
672 313 1199 386 (ΞΕΒ-ΜΑΝῙΑ
1273 313 1603 379 CAP.²46.
1856 320 1974 377 103

184 500 189 510 ,
240 444 244 448 ’
285 443 504 507 XLVI.
562 444 677 502 Hic
717 444 967 521 Sueviae
1015 444 1168 503 finis.
1253 444 1651 504 Peucinorum
1691 443 1969 502 Venedo—

118 553 367 610 rumque
394 543 447 590 et
469 531 813 588 Fennorum
842 531 1108 588 nationes
1124 526 1439 587 Germanis
1464 553 1540 588 an
1554 524 1838 589 Sarmatis
1864 531 1969 587 ad-

116 619 365 677 scribam
388 618 622 674 dubito:
651 635 987 692 quanquam
999 614 1272 684 Peucini,
1302 637 1448 692 quos
1473 617 1714 693 quidam
1727 612 1966 671 Bastar—

116 724 220 761 nas
247 713 490 771 vocant,
534 722 829 770 sermone,
874 702 1067 770 cultu,
1111 701 1247 756 sede
1276 721 1341 756 ac
1370 702 1686 758 domiciliis
1717 712 1784 757 ut
1810 698 1963 756 Ger-

113 789 274 846 mani
302 798 507 862 agunt:
550 788 750 842 sordes
778 786 1049 842 omnium
1075 806 1141 842 ac
1166 797 1371 860 torpor
1397 807 1707 859 procerum
1738 806 1965 842 connu-

113 875 227 932 biis
262 874 457 930 mixtis
494 868 775 929 nonnihil
809 871 873 926 in
897 871 1299 929 Sarmatarum
1330 866 1598 928 habitum
1633 871 1964 930 foedantur.

162 1066 276 1112 οη.
297 1064 370 1113 46.
415 1063 554 1120 finis.
616 1053 694 1107 sie
724 1063 824 1107 MS.
857 1062 999 1105 Hum-

110 1124 213 1167 mel.
256 1123 357 1166 edd.
399 1122 502 1165 Put.
538 1121 604 1165 M.
641 1129 682 1163 et
715 1120 772 1165 V.
806 1122 993 1164 Monac.

1071 1062 1357 1109 distinctione
1375 1063 1528 1106 locum
1544 1061 1709 1120 *legunt
1730 1063 1832 1108 MS.
1850 1063 1962 1107 Tur.

1069 1122 1170 1165 edd.
1215 1121 1332 1178 Spir.
1375 1121 1509 1165 Kaih.
1559 1144 1616 1152 —
1685 1119 1960 1164 Puteolanus
1996 1108 2003 1130 ¹

107 1181 271 1224 Vienn.
296 1178 500 1223 Beroald.
522 1179 620 1222 Alc.
647 1177 791 1224 Rhen.
817 1194 913 1236 sqq.
941 1202 996 1212 —-
1066 1188 1288 1236 punctum
1331 1178 1482 1236 posuit
1534 1186 1636 1222 ante
1685 1193 1780 1220 non
1828 1178 1958 1221 nihil.

53 1251 62 1255 ⁴·
92 1238 220 1294 fines
249 1237 384 1281 MSS.
416 1237 526 1280 Tur.
553 1237 717 1293 Stuttg.
751 1235 850 1279 edd.
875 1235 992 1292 Spir.

1063 1237 1129 1279 Ita
1164 1243 1206 1278 et
1244 1237 1310 1280 ed.
1344 1236 1483 1279 Paris.
1525 1264 1584 1271 —-
1641 1235 1724 1278 Ed.
1752 1234 1960 1279 Beroald.

105 1295 238 1339 Kath.
259 1294 614 1340 Paris.N0rimb.
631 1294 762 1336 Rom.
785 1301 827 1335 et
848 1308 994 1351 nuper
1064 1301 1238 1349 agunt.-
1279 1297 1443 1336 sordes
1469 1296 1680 1336 omnium
1711 1308 1766 1334 ac
1799 1300 1962 1347 torpor

104 1353 287 1396 Passov.
319 1351 445 1395 Hess.
478 1351 673 1395 Walch.
707 1350 798 1393 alii.
858 1351 994 1410 Apud
1060 1365 1312 1407 procerum
1338 1352 1572 1393 connubiis
1602 1351 1794 1394 mixtis:
1834 1348 1955 1392 non-

101 1409 354 1453 Bekkerum
377 1408 539 1452 mansit
544 1409 683 1467 finis.
742 1408 897 1453 Recte.
937 1407 994 1452 cf.

103 1468 192 1511 An.
219 1467 286 1516 16,
312 1466 380 1510 15.
413 1470 542 1520 apud
561 1468 714 1524 finem
744 1465 990 1521 Ligurum.

100 1524 243 1568 Fines
272 1533 375 1568 sunt
406 1527 492 1567 das
518 1524 694 1567 Gebiet.
755 1523 816 1567 cf.
838 1524 928 1567 An.
952 1525 991 1573 1,

101 1582 173 1626 60.
241 1581 354 1627 Hist.
386 1583 426 1631 1,
458 1582 499 1624 8.
536 1582 607 1625 24.
637 1581 707 1625 53.
758 1581 800 1629 4,
829 1580 904 1625 64.
948 1589 991 1622 et

100 1639 221 1683 alibi.

155 1696 473 1741 Peucinorum.
532 1695 616 1738 Ed.
638 1694 780 1738 Paris.
803 1694 988 1737 Peucci-

98 1769 291 1808 norum;
322 1753 437 1798 infra
462 1752 675 1796 Peuccini
693 1760 735 1796 et
760 1751 862 1794 dein
876 1751 990 1793 Peu-

683 1809 987 1864 peut-inarum

96 1869 240 1913 cinos.
313 1869 408 1912 MS.
451 1868 617 1926 Sluttg.
664 1867 984 1921 Prutinorum,

96 1926 244 1970 etsie
282 1925 352 1969 his
395 1925 530 1968 infra.
618 1923 719 1967 MS.
756 1922 983 1974 Hummel.

93 1983 438 2035 Peucurorum,
468 1982 516 2025 in
539 1998 679 2038 marg.
701 1982 764 2024 αῖ.
787 1980 986 2039 Peucini.

151 2040 546 2096 Venedorumque.
612 2039 689 2083 Sic
723 2039 829 2081 edd.
857 2037 981 2080 Rhe-

90 2112 198 2141 nan.
213 2095 373 2154 (1533.)
385 2097 494 2140 Ald.
508 2113 607 2155 sqq.
650 2095 710 2141 cf.
724 2094 842 2138 Plin.
857 2094 912 2139 N.
922 2095 978 2140 H.

88 2154 212 2206 4,13.
235 2162 278 2198 et
295 2154 489 2200 Ptolem.
515 2154 555 2206 3,
576 2155 645 2206 6.,
675 2154 750 2211 qui
773 2162 979 2198 auctores

89 2211 278 2256 eandem
314 2213 510 2256 retinent
543 2210 749 2255 vocabuli
783 2211 978 2268 scriptu-

88 2284 209 2312 ram.'
260 2295 314 2305 —
403 2270 454 2312 V
449 2278 777 2326 enetorumque
843 2270 979 2314 codd.

87 2325 227 2370 MSS.
251 2335 294 2370 et
314 2326 415 2370 edd.
435 2336 536 2370 ante
559 2326 848 2379 Rhenanum,
884 2343 975 2369 nu·-

121 2401 168 2427 er
188 2383 450 2432 Passovius‚
493 2383 620 2427 Hess.
649 2383 827 2442 aliique.
889 2384 978 2428 Sed

85 2400 261 2485 {senui
279 2441 445 2487 diversi
467 2449 571 2483 sunt
595 2440 670 2496 (cf.
686 2441 773 2491 An,
796 2441 978 2497 11,23.),

88 2514 174 2541 nec
209 2496 312 2543 libri
343 2498 452 2542 certi
484 2507 588 2541 sunt
621 2505 751 2541 testes
784 2498 833 2541 in
864 2499 976 2541 eius-

86 2554 211 2598 modi
234 2554 458 2598 varietate.

141 2611 429 2656 Fennorum.
458 2611 535 2656 Sic
548 2612 977 2672 MSS.Tu1-..Stuttg.

85 2670 187 2715 edd.
217 2669 359 2714 Paris.
382 2669 589 2714 Norimb.
618 2671 751 2714 Rom.
776 2670 977 2714 Rhenan.

87 2725 251 2786 (1533.)
275 2727 378 2771 Ald.
398 2743 498 2786 sqq.
525 2736 569 2770 et
590 2726 647 2772 ita
671 2745 774 2772 mox
788 2729 835 2771 F
832 2744 977 2773 ennos

85 2794 130 2829 et
140 2785 330 2829 Fennis.
362 2809 415 2819 —
471 2785 740 2829 Femiorum
762 2818 773 2828 .
791 2817 802 2828 .
821 2818 832 2830 .
853 2787 979 2830 Fen-

85 2857 174 2886 nos
209 2870 222 2884 .
250 2872 262 2885 .
293 2871 306 2884 .
341 2842 515 2885 Fennis
553 2843 654 2896 edd.
691 2843 805 2904 Spir.
838 2843 971 2890 Kath.

84 2900 190 2943 Put.
209 2899 279 2944 M.
301 2907 343 2942 et
363 2899 477 2942 Ven.
505 2899 582 2935 --’
619 2900 676 2944 Et
694 2901 753 2946 ita
776 2901 978 2960 plerique

83 2965 288 3001 veterum
306 2955 525 3000 librorum
547 2956 592 2999 in
614 2959 900 3016 sequentibus
913 2958 976 3006 ⁴ad

85 3015 266 3057 Fennos
299 3013 513 3065 redeunt,
552 3022 602 3058 ut
631 3015 690 3059 ita
717 3015 975 3074 pervulgari

87 3070 162 3115 illa
188 3069 436 3118 litterarum
463 3074 533 3113 mi
549 3080 592 3115 et
613 3087 679 3115 nn
706 3073 974 3116 confusione

8 3129 12 3140 '
85 3127 345 3173 varietatem
391 3136 585 3172 exortam
633 3129 767 3175 facile
813 3130 973 3175 intelli-

87 3201 431 3290 gashastarnas.
489 3244 594 3288 MS.
606 3243 716 3287 Tur.
740 3244 972 3302 edd.Spir.

86 3299 215 3344 Kath.
234 3300 527 3349 Bostranas.
579 3300 724 3345 Ceteri
745 3301 845 3344 libri
868 3318 973 3345 con-

85 3357 281 3401 sentiunt
301 3356 349 3402 in
369 3359 665 3401 Bastarnas.
723 3358 782 3402 cf.
803 3368 896 3402 not.
915 3359 972 3402 ad

86 3413 177 3458 An.
205 3415 248 3462 2,
277 3414 350 3458 65.
391 3438 450 3448 —
515 3414 607 3458 Pro
643 3416 832 3473 quidam
865 3415 969 3460 MS.
1001 3449 1004 3456 s

86 3469 310 3516 Hummel.
338 3472 540 3528 quidem.

143 3530 304 3573 sordes
323 3530 530 3572 omnium
551 3545 606 3572 oc
631 3537 793 3581 torpor
809 3543 969 3586 proce·

85 3600 190 3629 rum
221 3588 453 3630 connubiis
488 3588 650 3631 mixtis
682 3587 896 3632 nonnihil
917 3588 969 3628 in

86 3644 136 3690 S.
176 3643 382 3687 habitum
413 3643 691 3701 foedantur.
774 3644 838 3688 lta
872 3645 967 3688 sine

1064 1410 1186 1451 nihil
1215 1417 1302 1452 etc.
1341 1436 1401 1444 -—
1465 1407 1580 1451 Edd.
1613 1407 1758 1451 Rhen.
1790 1406 1956 1463 (1519.)

1066 1475 1108 1509 et
1132 1464 1232 1509 Alc.
1256 1474 1430 1519 agunt,
1464 1468 1625 1508 sordes
1654 1468 1866 1508 omnium
1899 1480 1957 1507 ac

1063 1531 1227 1578 torpor
1241 1538 1491 1578 procerum
1513 1524 1756 1565 connubiis
1779 1524 1954 1575 miaetis,

1062 1583 1277 1624 nonnihil
1295 1588 1380 1624 etc.
1406 1603 1463 1612 —
1503 1579 1952 1636 Edd.Rhen.(1533.)

1062 1638 1167 1681 Ald.
1184 1645 1346 1693 agunt.
1376 1641 1540 1681 sordes
1564 1640 1772 1690 omnium
1787 1652 1842 1679 ac
1857 1645 1952 1679 tor-

1056 1710 1160 1750 por.
1167 1710 1413 1750 procerum
1425 1695 1660 1738 connubiis
1671 1696 1836 1738 mixtis
1844 1710 1955 1746 non-

1058 1755 1179 1797 nihil
1194 1755 1242 1796 in
1252 1752 1300 1796 S.
1313 1754 1523 1796 habztum
1527 1753 1778 1809 foedatur.
1823 1751 1888 1795 Ita
1908 1760 1952 1795 et

1059 1811 1256 1869 Micyll„
1288 1810 1372 1853 nisi
1397 1810 1518 1868 quod
1543 1808 1725 1853 retinuit
1734 1808 1941 1864 foedan-

1059 1876 1152 1912 tur.
1183 1893 1242 1902 —
1287 1867 1368 1911 Ed.
1379 1869 1498 1926 Lips.
1516 1863 1639 1910 1574.
1665 1867 1832 1921 agunt,
1851 1881 1949 1909 sor·

1056 1929 1140 1968 des
1163 1925 1375 1967 omnium
1394 1942 1449 1968 ac
1471 1932 1648 1980 torpor.
1701 1939 1950 1977 procerum

1055 1983 1293 2026 connubiis
1315 1983 1484 2025 mixtis
1504 1982 1718 2037 nonnihil
1735 1983 1783 2023 in
1794 1980 1842 2025 S.
1863 1984 1947 2034 Iza-

1055 2041 1202 2083 bitum
1210 2039 1459 2096 foedatur.
1519 2038 1781 2096 Edd.Lipsii
1801 2047 1945 2097 poste·

1051 2098 1219 2142 riores:
1258 2106 1422 2152 agunt.
1471 2100 1633 2140 sordes
1655 2098 1866 2139 omnium
1891 2113 1947 2139 ac

1048 2163 1224 2210 torpor.
1281 2170 1536 2210 procerum
1558 2155 1789 2197 connubiis
1814 2158 1947 2197 milr-

1049 2215 1131 2265 tis‚
1180 2214 1399 2257 nonnihil
1432 2214 1481 2255 in
1514 2213 1563 2256 S.
1594 2214 1802 2254 habitum
1826 2212 1945 2267 soe-

1048 2274 1240 2314 dantur.
1301 2271 1367 2313 Ita
1395 2279 1437 2313 et
1470 2271 1571 2319 edd.
1596 2269 1722 2313 Pich.
1758 2269 1944 2314 Gruter.

1050 2345 1100 2386 sq
1135 2360 1147 2372 .
1234 2327 1436 2371 Eandem
1492 2327 1712 2371 rationem
1761 2335 1945 2370 tuentur

1048 2386 1112 2428 Be
1147 2385 1304 2434 kerus,
1343 2384 1565 2433 Hackius,
1605 2383 1849 2440 Sellingius
1875 2386 1938 2440 (in

1051 2442 1279 2488 Observxr.
1307 2458 1374 2486 cr.
1395 2444 1443 2484 in
1468 2443 1577 2499 Agr.
1601 2457 1640 2484 c.
1661 2440 1724 2496 3.)
1759 2450 1802 2483 et
1823 2442 1937 2484 Hes-

1048 2501 1138 2543 sius
1169 2499 1234 2553 (in
1257 2498 1390 2542 Varr.
1422 2498 1508 2543 LL.
1531 2500 1591 2551 l.,
1626 2514 1672 2556 p.
1698 2498 1813 2554 46.),
1852 2499 1938 2543 nisi

1049 2556 1172 2615 quod
1209 2559 1396 2600 comma
1425 2554 1591 2599 tollunt
1626 2563 1728 2598 ante
1767 2558 1939 2599 nonni·

1047 2615 1133 2657 hil.
1156 2642 1224 2654 ,-—
1277 2621 1438 2668 agunt.
1468 2616 1631 2657 sordes
1653 2615 1865 2656 omnium
1886 2630 1942 2656 αι’

1047 2679 1209 2727 torpor
1235 2686 1506 2726 procerum:
1546 2671 1779 2713 connubias
1807 2672 1938 2714 mix-

1048 2730 1130 2780 tis,
1167 2729 1384 2770 nonnihil
1414 2729 1464 2770 in
1498 2727 1548 2771 S.
1585 2730 1795 2770 habitum
1821 2729 1939 2784 soe—

1038 2790 1231 2841 ιἀαηιιιι·
1274 2785 1376 2828 edd.
1414 2785 1513 2843 Bip.
1553 2783 1713 2829 Oberl.
1749 2786 1935 2833 Passov.

1049 2844 1174 2887 Hess.
1199 2845 1405 2899 (utraque
1429 2843 1522 2886 sine
1546 2846 1785 2900 commate)
1807 2843 1936 2886 aliae·

1050 2917 1151 2960 que.
1172 2925 1229 2932 —
1261 2899 1354 2943 Alii
1374 2900 1683 2946 emendatione
1703 2902 1806 2944 loco
1826 2917 1934 2944 eon·
1970 2951 1972 2954 .

1047 2958 1283 3002 sulendum
1330 2965 1615 3001 censuerunt.
1697 2958 1937 3002 Rhenanus

1045 3014 1254 3063 volebat:
1294 3015 1471 3059 Sordes
1502 3018 1708 3058 omnium
1743 3031 1798 3058 ac
1832 3023 1931 3057 tor-

1039 3088 1144 3129 por.
1205 3073 1242 3115 C
1254 3087 1278 3114 e
1291 3080 1310 3114 t
1321 3087 1378 3116 er
1390 3089 1420 3115 u
1430 3089 1477 3115 m
1507 3075 1742 3116 connubiis
1759 3075 1935 3125 mixtis,
2011 3101 2013 3105 κ

1044 3130 1254 3172 nonnihil
1280 3131 1327 3172 in
1348 3128 1397 3174 S.
1427 3132 1638 3173 habitum
1653 3132 1932 3188 foedantur.

1044 3186 1330 3245 Sprengelius
1350 3196 1394 3230 et
1406 3186 1656 3231 Walchius
1677 3187 1935 3231 ediderunt:

1045 3246 1220 3288 Sordes
1249 3247 1483 3293 omnium,
1525 3261 1581 3287 ao
1610 3253 1769 3299 torpor
1797 3259 1931 3286 cor-

1038 3316 1248 3360 porum
1261 3317 1276 3344 .-
1318 3304 1552 3345 connubiis
1572 3304 1740 3345 mixtis
1761 3305 1927 3345 nonni-

1043 3361 1114 3402 hil
1140 3360 1188 3402 in
1215 3361 1268 3405 S.
1300 3361 1509 3402 habitum
1528 3360 1806 3416 foedantur.
1871 3362 1933 3403 At

1042 3432 1130 3464 vox
1153 3431 1398 3471 procerum
1420 3418 1475 3461 ab
1510 3417 1728 3459 eiusmodi
1758 3414 1930 3461 insidiis

1043 3474 1148 3517 satis
1185 3481 1279 3518 tuta
1314 3482 1392 3518 est.
1462 3474 1577 3517 Nam
1608 3486 1828 3528 proceffi‘es
1857 3473 1932 3517 hie

1040 3538 1191 3597 aperte
1219 3539 1510 3590 opponuntur
1539 3532 1778 3579 omnibus,
1813 3539 1862 3574 ut
1886 3529 1937 3573 hi-

1039 3587 1294 3645 significent
1311 3605 1492 3632 omnem
1514 3597 1705 3646 gentem,
1727 3588 1797 3632 illi
1817 3589 1930 3632 eius·

1041 3644 1142 3689 dem
1185 3646 1324 3705 gentis
1364 3645 1602 3705 principes.
1682 3646 1778 3691 lam
1817 3659 1926 3689 vero

2123 1354 2135 1377 δ
