2150 4022
406 235 530 297 DE
587 228 1114 293 GERMANLA
1169 230 1508 295 CAP.43.
1821 232 1902 292 95

50 381 276 446 partem
311 367 671 424 tributorum
712 363 1041 431 Sarmatae,
1093 374 1321 437 partem
1361 361 1563 435 Quadi
1596 375 1664 425 ut
1695 363 1906 420 alieni-

52 455 215 531 genis
247 448 579 527 imponunt.
667 447 906 518 Gotini‚
950 468 1069 523 quo
1094 449 1279 519 magis
1303 450 1556 523 pudeat,
1599 460 1657 506 et
1679 449 1906 509 ferrum

54 538 360 595 effodiunt.
447 555 767 611 omnesque
791 530 855 590 hi
883 533 1091 608 populi
1116 553 1302 607 pauca
1328 535 1766 608 campestrium,
1810 555 1904 591 ce-

52 635 245 680 terum
267 623 446 678 saltus
483 633 538 677 et
570 620 817 676 vertices
852 618 1149 675 montium
1184 618 1503 694 iugumque
1539 620 1903 679 insederunt.

51 707 296 764 Dirimit
342 707 501 762 enim
544 706 872 781 scinditque
913 703 1190 761 Sueviam
1227 703 1576 766 ,continuum
1611 705 1905 763 montium

54 793 288 866 iugum,
331 792 489 848 ultra
524 792 684 866 quod
721 789 1010 866 plurimae
1041 798 1239 862 gentes
1276 799 1476 860 agunt.
1577 809 1645 846 ex
1687 790 1903 866 quibus

52 877 330 934 latissime
350 888 510 951 patet
529 875 854 952 Lygiorum
878 893 1096 930 nomen
1121 871 1186 927 in
1210 872 1409 953 plures
1439 873 1698 931 civitates
1725 875 1907 932 diffu-

54 982 200 1018 sum.
286 960 732 1018 Valentissimas
757 961 1090 1017 nominasse
1118 958 1393 1026 sufficiet,
1436 952 1645 1029 ArioS‚
1686 958 1907 1017 Helve-

53 1065 255 1115 conaS‚
312 1044 647 1115 Manim08‚
699 1043 960 1123 Elysios,
1001 1039 1465 1104 NahanarvaIOS.
1563 1040 1744 1118 Apud
1783 1043 1906 1102 Na..

55 1128 408 1189 hanarvalos
448 1131 723 1208 antiquae
766 1129 1068 1205 religionis
1103 1128 1270 1186 lucus
1305 1128 1652 1186 ostenditur.
1736 1150 1908 1205 prae-

32 1360 34 1368 '
108 1373 378 1417 Sarmatae.
438 1370 515 1415 Sic
537 1372 825 1416 edd.Puteol.
842 1388 939 1432 sqq.
1012 1388 1110 1430 sqq.
1153 1396 1209 1405 —
1282 1343 1572 1416 Eluheeonas
1615 1370 1718 1416 MS.
1759 1369 1904 1417 Vatie.

51 1454 108 1466 -ο-
137 1431 390 1473 Sermatae
428 1429 527 1472 MS.
559 1428 671 1472 Tur.
703 1455 759 1464 —-
819 1430 938 1474 Sar-

52 1490 212 1551 mathg
232 1487 334 1530 edd.
353 1484 473 1544 Spir.
500 1495 543 1530 et
562 1487 697 1530 Kath.
760 1487 819 1532 cf.
842 1497 940 1531 not.

50 1547 105 1590 ad
126 1545 240 1588 Hist.
268 1545 305 1594 1,
324 1545 392 1595 2.,
416 1552 459 1586 et
481 1545 600 1588 alibi.

106 1618 193 1658 quo
213 1603 368 1655 magis
388 1633 399 1644 .
412 1634 424 1645 .
437 1633 446 1644 .
463 1602 702 1655 effodiunt.
765 1601 941 1645 Etenim

53 1660 174 1704 ferro
199 1658 448 1718 potuissent
470 1659 534 1701 uti
567 1661 620 1702 ad
647 1675 771 1702 arma
805 1660 942 1702 fabri-

52 1716 218 1768 canda,
257 1716 419 1773 quibus
454 1732 501 1759 se
532 1733 556 1759 a
579 1716 757 1759 tributis
783 1715 942 1759 libera-

53 1783 170 1818 rent.
259 1772 507 1831 Longolius
559 1790 667 1817 cum
708 1773 941 1817 Brissonio

51 1847 129 1889 per
164 1847 286 1875 eram
311 1828 468 1874 locum
491 1830 784 1888 accipiebant,
817 1832 942 1888 quasi

50 1889 105 1932 ad
150 1904 303 1932 errum
325 1887 627 1930 effodiendum
654 1887 851 1931 damnati
877 1887 941 1931 illi

51 1945 239 1989 fuissent
261 1960 287 1987 a
311 1944 492 2003 populis
526 1945 879 1988 dominantibus.

108 2016 374 2058 omnesque.
432 2001 516 2045 Ed.
537 2001 749 2046 Norimb.
773 2005 941 2047 omnis-

53 2076 156 2118 que.
247 2087 252 2096 ·

107 2119 158 2160 hi
175 2118 352 2173 populi.
440 2115 525 2160 Ed.
564 2117 704 2160 Paris.
744 2117 821 2160 his
850 2133 942 2172 po-

48 2178 163 2229 puli.
205 2203 264 2211 --
330 2174 441 2217 Mox
485 2175 754 2219 vocabulum
799 2189 938 2217 mon-

53 2234 171 2275 tium
191 2241 301 2276 teste
325 2231 503 2274 Orellio
526 2232 692 2281 in,›MS.
706 2233 820 2276 Tur.
845 2224 941 2276 flou

53 2291 199 2339 deest,
230 2289 295 2332 uti
316 2289 606 2346 prodiderant
626 2289 803 2333 Ernest.
828 2289 940 2333 Bro-

53 2358 134 2390 ier.
159 2347 347 2404 aliiquez
378 2347 500 2390 deest
529 2363 637 2392 vero
662 2357 765 2406 post
787 2349 940 2390 conti-

52 2419 212 2448 nuum.

108 2461 367 2517 iugumque.
429 2460 529 2504 MS.
552 2461 777 2505 Arundel.
801 2463 940 2517 iuga-

54 2534 370 2632 quZygiorum.
455 2574 534 2626 Sic
587 2575 689 2619 edd.
730 2577 939 2621 Beroald.

659 2633 717 2678 cf.
751 2642 846 2678 not.
883 2635 939 2678 ad

17 2617 34 2629 ν
50 2633 151 2678 Alc.
175 2633 319 2676 Rhen.
347 2630 454 2676 Ald'.
482 2649 580 2690 sqq.

21 2694 142 2736 'Am
176 2692 244 2739 12,
275 2690 348 2733 29.
388 2719 448 2726 --
511 2691 764 2744 Legiorum
798 2692 937 2735 MSS.
998 2694 999 2702 ¹

50 2747 156 2793 Tur.
187 2747 351 2805 stuttg.
381 2747 555 2791 Vaticc.
582 2749 707 2792 1862.
741 2757 784 2791 et
803 2751 934 2793 2964.

51 2805 151 2849 edd.
175 2805 295 2864 Spir.
319 2805 576 2862 Kalb.Put.
602 2806 670 2849 Μ.
697 2813 739 2849 et
762 2805 817 2850 V.
849 2807 936 2849 Pa-

51 2862 126 2904 ris.
161 2862 367 2906 Norimb.
407 2862 545 2905 Rom.
580 2862 748 2907 Vienn.
845 2864 938 2907 Sed

51 2920 132 2962 sub
154 2919 290 2964 finem
314 2920 471 2979 capitis
493 2920 630 2963 iidem
652 2920 755 2963 libri
786 2920 939 2966 ferunt
974 2939 976 2943 ·

220 2990 233 2999 ⁴*
691 2980 729 3020 li
785 2993 836 3022 os

52 3033 244 3088 Lygios;
284 3034 384 3078 MS.
408 3034 638 3090 Stuttgart.
672 2995 848 3091 [αξξ-103.
878 3064 937 3072 --

49 3092 283 3144 legionum
311 3092 379 3135 ed.
405 3091 590 3134 Monac.
617 3116 672 3126 —
732 3093 934 3147 lieugz‘o-

49 3160 158 3189 rum
192 3149 294 3192 MS.
319 3147 462 3192 Vatic.
488 3149 614 3192 1518.
651 3174 706 3185 -
759 3152 935 3206 Vegio-

48 3218 155 3246 rum
177 3204 281 3250 MS.
303 3203 450 3249 Vatia.
478 3206 608 3251 4498.

104 3263 259 3305 Arios,
326 3261 403 3306 Sic
423 3263 527 3306 MS.
550 3264 661 3307 Tur.
685 3263 786 3307 edd.
814 3264 933 3324 Spir.

48 3318 178 3362 Kath.
215 3319 316 3362 Put.
347 3320 414 3362 M.
446 3330 488 3363 et
513 3320 564 3363 V.
590 3321 799 3364 Beroald.
829 3338 881 3380 sq
918 3353 930 3366 .

49 3398 103 3406 —
134 3375 313 3418 Harios
342 3377 473 3420 MSS.
503 3378 677 3421 Vatice.
702 3338 931 3423 Hummdi.

46 3432 207 3490 Stuttg.
229 3433 328 3476 edd.
348 3433 556 3477 Norimb.
584 3434 723 3478 Paris.
746 3435 880 3480 Rom.

105 3489 406 3534 Helveconas.
466 3492 542 3535 Sic
567 3491 665 3535 MS.
689 3491 800 3535 Tur.
828 3493 931 3536 edd.

45 3543 163 3601 Spir.
186 3545 319 3591 Kasp.
348 3547 518 3592 Puteol.
555 3548 695 3594 Paris.
722 3549 928 3594 Beroald.

1016 1430 1144 1473 1518.
1181 1452 1239 1461 --
1299 1430 1589 1472 Helvetonas
1625 1429 1728 1474 MS.
1759 1429 1904 1480 Vatic-

1016 1489 1142 1531 1862.
1171 1494 1214 1530 et
1234 1487 1304 1530 ed.
1327 1487 1536 1531 Norirnb.
1561 1512 1618 1520 —
1668 1488 1906 1530 Helvecto-

1011 1560 1101 1588 nas
1121 1544 1223 1587 MS.
1247 1543 1394 1588 Vatia.
1413 1545 1540 1587 2964.
1563 1573 1622 1582 -
1664 1545 1904 1587 Helvecto-

1012 1617 1097 1645 ras
1118 1602 1219 1645 MS.
1242 1601 1387 1645 Vatic.
1410 1602 1538 1646 4498.
1564 1627 1622 1658 ‘ff
1670 1602 1903 1644 Helveca-

1012 1674 1102 1701 nas
1126 1659 1227 1701 MS.
1250 1659 1411 1715 Stuttg.
1432 1688 1490 1696 -—
1542 1660 1692 1703 Plinio
1720 1659 1909 1701 audiunt

1011 1717 1323 1772 I-Iilleviones,
1361 1718 1620 1761 Ptolemaeo
1639 1718 1902 1761 Λῗλουαίω-

1013 1789 1102 1823 νες.
1624 1823 1626 1825 ,

1080 1832 1332 1875 Manimos.
1417 1832 1495 1876 Sic
1542 1831 1682 1876 MSS.
1702 1828 1706 1835 “
1730 1831 1903 1875 Vaticc.

1013 1906 1194 1941 omnes,
1242 1889 1349 1933 Tur.
1376 1890 1475 1933 edd.
1498 1890 1616 1947 Spir.
1641 1887 1774 1933 Kath.
1799 1887 1906 1932 Put.

1011 1947 1083 1990 M.
1125 1955 1167 1990 et
1202 1947 1257 1991 V.
1293 1946 1504 1990 Beroald.
1525 1946 1688 1991 Alciat.
1718 1962 1817 2004 sqq.
1849 1970 1907 1980 —-

1013 2005 1266 2047 Mamimos
1290 2005 1359 2047 ed.
1381 2004 1524 2048 Paris.
1558 2029 1613 2038 --
1673 2006 1908 2047 Mammas

1013 2062 1115 2105 MS.
1141 2062 1306 2120 stuttg.
1332 2072 1376 2105 et
1399 2062 1469 2105 ed.
1493 2062 1703 2106 Norimb.
1726 2091 1784 2098 —
1815 2062 1904 2105 La-

1012 2122 1169 2162 nimos
1189 2120 1294 2164 MS.
1315 2119 1543 2163 Hummel.

1069 2178 1266 2233 EZysios.
1357 2177 1434 2221 Sic
1473 2178 1575 2222 edd.
1614 2175 1736 2236 Spir.
1771 2177 1904 2221 Kath.

1013 2233 1117 2277 Put.
1154 2235 1223 2278 M.
1261 2242 1303 2278 et
1326 2236 1383 2278 V.
1421 2234 1634 2279 Beroald.
1666 2233 1771 2279 Alc.
1803 2251 1902 2293 sqq.

1012 2317 1067 2326 —
1099 2293 1270 2336 Elisios
1303 2292 1405 2335 MS.
1438 2292 1551 2337 Tur.
1587 2320 1644 2328 --
1701 2293 1906 2336 Helisios

1673 2351 1904 2393 heliosuas

1011 2407 1112 2450 MS.
1125 2407 1288 2463 Stuttg.
1305 2408 1373 2450 ed.
1385 2407 1589 2452 Norimb.
1606 2432 1658 2440 —
1721 2409 1905 2449 helisios

1012 2464 1381 2512 MS.Hummel.‚
1417 2464 1495 2507 sed
1523 2464 1570 2507 in
1593 2464 1794 2523 margine
1814 2466 1905 2506 ha·-

1011 2522 1220 2565 hiosuae.
1243 2546 1301 2555 —
1342 2522 1559 2577 Heb‘sz‘os
1580 2522 1714 2565 MSS.
1731 2521 1902 2565 Vatiec.

1011 2586 1100 2620 tres
1126 2587 1169 2621 et
1188 2579 1260 2622 ed.
1276 2578 1487 2622 Paris.—
1512 2579 1786 2622 Aliscoskas
1800 2579 1902 2624 MS.

1011 2634 1155 2678 Vatic.
1181 2636 1310 2680 2964.

1067 2694 1453 2738 Nahanarvalos.
1537 2694 1614 2739 Sic
1646 2694 1780 2742 MSS.
1806 2695 1899 2738 Va-

1010 2749 1112 2794 ticc.
1149 2758 1267 2804 ires,
1315 2749 1427 2797 Tur.
1473 2751 1574 2795 edd.
1609 2752 1728 2811 Spir.
1766 2752 1898 2795 Kath.

1008 2807 1112 2850 Put.
1147 2807 1212 2850 M.
1243 2817 1287 2852 et
1309 2806 1367 2856 V.
1401 2807 1543 2853 Paris.
1577 2809 1763 2853 Monac.
1798 2810 1902 2853 No-

1009 2864 1311 2910 rimbgvienn.
1324 2873 1365 2908 et
1381 2864 1500 2909 inter
1510 2868 1784 2911 recentiores
1797 2867 1900 2910 Pas·
1954 2888 1956 2891 ·

1008 2929 1102 2966 sdv.
1119 2922 1243 2965 Hess.
1267 2923 1480 2981 aliaeque.
1496 2952 1556 2960 —
1593 2925 1902 2968 Naharvalos

1005 2978 1112 3022 MS.
1128 2978 1269 3024 Vatia.
1283 2979 1413 3025 2964.
1440 2980 1541 3025 edd.
1557 2981 1767 3025 Beroald.
1789 2983 1895 3027 Alc.

1007 3035 1153 3079 Rhen.
1187 3036 1290 3080 Ald.
1327 3053 1427 3096 sqq.
1458 3047 1502 3081 et
1529 3055 1674 3098 nuper
1707 3038 1898 3084 Bekker.

1007 3091 1206 3137 Waleh.
1240 3095 1329 3140 alii.
1357 3119 1416 3128 -
1482 3095 1594 3139 Mox
1626 3095 1726 3140 MS.
1748 3096 1894 3140 Vatic.

1008 3150 1133 3193 1518.
1176 3156 1306 3206 opud
1337 3154 1684 3198 Nacharvalos.
1779 3153 1899 3197 Edd-

1007 3209 1123 3266 Spir.
1144 3208 1278 3253 Kath.
1309 3209 1412 3254 Put.
1442 3211 1510 3254 M.
1542 3219 1585 3254 et
1611 3213 1664 3255 V.
1686 3211 1897 3254 Norimb.

1006 3268 1136 3319 apud
1162 3267 1479 3312 Naharvalos.
1515 3291 1569 3301 —-
1627 3268 1728 3311 MS.
1757 3269 1895 3310 stutt-

1005 3330 1116 3379 gart.
1163 3323 1315 3380 priore
1361 3326 1467 3370 loco
1506 3327 1890 3380 nahawernalos,

1006 3381 1251 3435 posteriore
1273 3382 1376 3428 loco
1397 3386 1527 3438 apud
1544 3385 1890 3425 naharwema-

1004 3440 1089 3479 los.

1059 3494 1307 3548 religionis.
1399 3497 1513 3541 Edd.
1550 3497 1691 3541 Paris.
1727 3506 1768 3541 et
1801 3497 1890 3543 No·

1004 3549 1137 3596 rimb.
1159 3555 1373 3605 regionis.
1575 3567 1577 3569 '
