2150 4022
248 246 374 309 268

688 238 872 302 >DE
929 239 1596 306 ORATORIBUS

249 375 396 454 quid
426 385 483 432 et
510 370 655 430 eniti
685 371 928 429 fortasse
953 391 1222 448 possum,
1274 371 1355 428 ita
1391 371 2098 451 recitatione-tragoedia-

210 471 213 474 ⁴
247 481 383 518 rum
417 470 472 515 et
505 456 738 530 ingredi
772 458 990 513 famam
1026 457 1358 531 auspicatus
1390 477 1548 528 sum,
1597 477 1731 515 cum
1758 457 1996 534 quidem
2031 457 2098 516 in

244 542 532 604 Neroneis
576 542 908 617 improbam
955 553 1012 601 et
1051 541 1383 599 studiorum
1422 562 1656 620 quoque
1693 561 1855 600 sacra
1899 544 2099 619 profa-

247 755 424 812 oliquid
457 759 504 795 et
535 751 654 796 eniti
669 750 718 808 f.
743 753 1072 807 possum,'‘'ita
1095 765 1136 795 r.

247 822 282 860 t.
311 819 357 855 et
378 811 567 865 ingredi
577 809 710 866 farn.
736 824 874 864 ausp.
900 825 1021 855 sum.
1082 809 1140 852 Et

246 871 357 915 haec
390 868 527 915 verba
557 867 605 910 in
644 867 745 911 edd.
789 867 984 926 antiquis
1029 883 1139 911 cor-

247 933 379 986 rupta
431 933 537 969 sunt
587 923 833 968 verborum
886 924 1140 982 transposi—

245 986 398 1040 tione,
461 982 538 1026 sed
582 982 685 1025 MS.
728 982 866 1040 Neap.
915 983 960 1037 [e
998 982 1137 1027 Farnss

247 1042 355 1088 cod.
405 1056 546 1100 panca
598 1047 774 1082 tanturn
826 1040 1024 1095 enotata]
1088 1055 1137 1083 ea

246 1099 444 1151 exhibet,
470 1104 519 1140 ut
541 1112 673 1154 supna
695 1097 977 1154 exprimenda
1001 1112 1138 1140 cura-

245 1158 410 1206 vimus.
469 1154 554 1198 Ed.
577 1152 698 1212 Spir.
725 1156 838 1197 sicut
862 1155 911 1196 in
935 1169 972 1197 c.
996 1169 1138 1209 agen-

246 1217 321 1260 dis
355 1214 536 1272 efficere
573 1221 625 1256 ut
662 1212 753 1255 niti
774 1211 988 1267 fortasse
1023 1226 1135 1262 pos-

245 1288 373 1324 sum,
414 1269 536 1330 quod
566 1271 613 1314 in
639 1269 708 1313 ed.
728 1268 904 1311 Puteol.
931 1270 1139 1312 mutaba-

245 1339 321 1377 tur
353 1330 399 1372 in
427 1329 510 1372 sie.
545 1328 597 1370 in
632 1343 670 1370 c.
699 1343 744 1370 α.
768 1326 862 1368 niti
881 1325 1004 1382 fort.
1024 1331 1136 1381 pos-

244 1403 376 1438 sum,
414 1389 483 1430 ita
503 1397 596 1428 rec.
624 1391 687 1427 tr.
709 1390 756 1425 et
777 1384 960 1438 ingredi
987 1391 1033 1426 et
1066 1385 1137 1441 ef-

233 1448 381 1506 ficere
411 1444 608 1500 samam
647 1455 779 1495 ausp.
818 1456 951 1490 sum,
1024 1457 1138 1498 quae

247 1499 507 1556 'corruptela
541 1498 694 1543 locum
732 1497 926 1542 obtinuit
957 1497 1005 1540 in
1038 1499 1139 1542 edd.

244 1560 352 1605 Riv.
377 1557 483 1601 Ber.
513 1556 614 1601 Alc.
640 1555 785 1599 Rhen.
813 1554 941 1607 Ald„
983 1572 1006 1598 e
1044 1556 1138 1613 qui·

248 1619 335 1663 bus
376 1630 471 1659 non
514 1615 617 1658 satis
651 1620 859 1657 accurate
893 1612 1140 1670 scripturae

246 1675 507 1719 varietatem
532 1670 764 1714 adnotavit
783 1669 1032 1714 Dronkius.
1089 1670 1141 1713 In

245 1733 472 1790 integrum
503 1729 697 1773 restituit
728 1727 883 1771 locum
910 1727 1085 1786 Lipsius
1118 1743 1142 1770 e

247 1791 387 1834 Farn.
411 1786 513 1833 cod.
532 1820 544 1840 ,
584 1803 716 1845 quem
742 1785 916 1844 sequuti
940 1796 1042 1829 sunt
1066 1785 1139 1828 in-

246 1855 387 1905 terpr.
422 1843 730 1896 omnes,'nisi
762 1843 884 1900 quod
917 1851 962 1885 et
997 1859 1139 1886 vocu—

185 1930 187 1932 >
246 1905 363 1955 lam,
415 1918 550 1961 quarn
601 1901 735 1944 MSS.
773 1901 912 1958 Neap.
961 1901 1137 1955 [Farn.]

247 1961 427 2012 Vatum
444 1958 767 2016 edd.antiquae
787 1959 1014 2016 praebent,
1036 1973 1140 2001 cum

245 2018 398 2077 Lipsio
421 2033 578 2060 omnes
602 2015 696 2058 fere
721 2015 970 2058 omiserunt
998 2019 1141 2070 [prae-

245 2084 316 2119 ter
346 2073 536 2118 Bekker.
566 2081 609 2117 et
638 2072 948 2126 Boetticher.].
1012 2070 1140 2115 Reli-

247 2148 390 2192 quum
412 2139 499 2183 est,
529 2140 579 2175 ut
599 2130 737 2172 verbo
761 2130 814 2172 de
835 2128 1020 2187 singulis
1046 2145 1140 2171 mo-

245 2206 398 2235 neam.
471 2190 717 2247 Perperam
759 2187 880 2229 enim
925 2186 1140 2230 traditum

245 2257 312 2292 est
347 2254 451 2305 post
482 2243 901 2290 Schurzsseischium
939 2260 963 2286 a
1001 2243 1140 2302 pluri-

246 2307 358 2354 bus,
388 2303 437 2347 in
461 2304 532 2348 ed.
556 2303 745 2348 Riviana
767 2317 1024 2359 expressum
1047 2317 1141 2343 esse

246 2362 386 2409 sicuti
413 2362 587 2410 causale,
627 2359 750 2416 quod
775 2358 1066 2406 Heumannus
1099 2365 1142 2400 et

249 2420 426 2466 Schulz.
474 2418 608 2462 etiam
648 2417 696 2460 in
738 2416 982 2460 verborum
1025 2431 1142 2459 con-

245 2487 366 2523 textu
398 2483 676 2534 posueruut3
719 2475 766 2517 in
790 2490 892 2518 vero
916 2473 1141 2531 praeposi-

247 2538 419 2580 tionem
439 2535 488 2578 in
515 2534 600 2578 hac
631 2531 896 2591 loquutione
920 2540 1040 2574 recte
1063 2531 1136 2572 ad·

249 2595 388 2638 ditam
434 2609 553 2640 esse,
605 2589 773 2634 docent
816 2589 951 2633 verba
994 2603 1034 2634 c.
1071 2587 1143 2632 32.

251 2650 467 2709 quicquid
495 2653 543 2693 in
570 2647 836 2703 eloquentia
865 2645 1065 2700 effecerit
1101 2653 1145 2687 et

249 2725 350 2768 cap.
373 2709 446 2751 21.
478 2708 637 2751 minus
666 2705 713 2748 in
741 2705 1003 2760 eloquentia
1032 2703 1139 2759 effe·

249 2768 380 2810 cerie.
424 2766 656 2812 Praeterea
670 2761 863 2805 Seebod.
889 2761 955 2804 ed.
978 2764 1070 2817 pr.',
1096 2767 1145 2801 ut

248 2823 381 2868 lectio
404 2824 476 2871 ed.
498 2821 617 2880 Spir.
637 2817 883 2877 scripturae
907 2817 1043 2875 magis
1069 2833 1142 2859 re-

249 2880 507 2940 sponderet,
530 2877 722 2925 malebat
738 2877 916 2933 efficere
939 2884 982 2917 et
1003 2873 1143 2930 nita'f.

246 2955 324 2995 p.‚
368 2937 446 2980 sed
482 2936 655 2994 saepius
687 2941 926 2990 utrumque
954 2932 1145 2975 verbum

251 2995 549 3041 coniunctum
575 3003 665 3040 est,
706 2991 831 3035 velut
856 2990 971 3048 apud
996 2987 1143 3032 Cicer.

250 3071 320 3111 ep.
333 3053 386 3095 ad
403 3050 512 3095 fam.
532 3050 674 3100 13,29‚
690 3051 730 3095 5.
749 3049 942 3097 enitare,
965 3053 1146 3092 conten-

252 3116 356 3158 das,
370 3109 567 3165 efficias;
592 3107 650 3149 id.
662 3107 798 3153 divin.
812 3106 856 3147 in
870 3103 1030 3148 Caecil.
1045 3103 1085 3146 8.
1097 3104 1145 3146 in

250 3183 340 3227 quo
363 3182 444 3223 ego
471 3166 580 3222 quid
603 3163 716 3208 eniti
736 3171 817 3205 aut
842 3162 1020 3218 efficere
1039 3175 1144 3214 pos-

248 3228 372 3277 sim‚·
419 3225 473 3269 de
508 3220 640 3263 amic.
677 3221 742 3272 16,
774 3221 842 3265 59.
877 3223 959 3261 sed
987 3219 1143 3273 potius

253 3283 370 3329 eniti
419 3289 463 3326 et
515 3277 713 3335 efficere.
804 3276 860 3320 cf.
914 3276 1138 3319 Oehsner.

249 3341 409 3397 Eclog.
439 3339 536 3387 Cic.
564 3353 606 3394 p.
636 3336 730 3378 181.
791 3333 898 3381 Noli
930 3348 1034 3376 vero
1060 3331 1143 3376 ad-

250 3398 416 3443 sentire
449 3394 524 3447 iis,
558 3393 647 3450 'qui
693 3410 716 3436 a
758 3399 893 3448 partu
934 3388 1141 3456 graviore

252 3454 519 3501 translatum
551 3451 638 3494 hoc
665 3451 848 3493 verbnm
884 3455 1142 3505 opinantur.

248 3513 428 3557 Deinde
456 3508 657 3553 Orellius
685 3505 935 3563 suspicatur
960 3505 1136 3558 potuis—

250 3587 377 3626 sem,
423 3584 509 3626 qua
539 3563 855 3611 emendatione
882 3562 1143 3618 neutiquam

1210 767 1323 811 opus
1359 758 1440 796 est.
1506 750 1761 796 Ernestium
1796 753 1990 814 denique
2022 754 2099 798 of-

1207 809 1416 853 fendebat
1444 811 1629 861 ingredi
1635 810 1835 866 famam
1851 845 1864 868 ,
1896 813 2000 871 quia
2011 812 2099 869 su-

1208 883 1339 910 mam
1386 868 1626 922 auspicori
1660 866 1780 911 idem
1822 870 1904 919 sit,
1958 884 2098 928 quare

1207 925 1395 979 ingredi
1423 924 1613 981 glossam
1646 923 1728 967 sibi
1763 926 1883 969 olere
1915 934 2101 970 conten·

1209 981 1357 1025 debat.
1426 981 1513 1024 sed
1554 980 1751 1025 defendit
1790 984 2099 1042 pleonasmnm

1209 1038 1515 1096 Schultingius
1566 1038 1691 1082 Suet.
1743 1038 1886 1100 Calig.
1938 1056 1981 1086 c.
2027 1036 2099 1084 54.

1209 1111 1354 1151 quam
1375 1103 1426 1138 ut
1445 1096 1633 1138 initium
1655 1128 1668 1143 .
1682 1125 1694 1138 .
1711 1127 1722 1140 .
1744 1099 2101 1152 auspicaretur,-

1208 1153 1368 1198 lustin.
1391 1153 1462 1202 26,
1486 1153 1554 1197 12.
1579 1153 1788 1208 auspicia
1811 1155 1920 1198 belli
1933 1157 2096 1209 parri-

1208 1212 1324 1254 cidio
1355 1212 1652 1265 incipientes,
1682 1209 1942 1271 similesque
1967 1211 2096 1278 pleo-

1211 1266 1353 1310 nasmi
1375 1268 1421 1310 in
1450 1267 1631 1326 dialogo
1656 1269 2018 1325 suntpermulti,
2051 1277 2101 1313 ut

1209 1340 1250 1369 c.
1279 1325 1348 1368 16.
1373 1325 1530 1377 incipit
1557 1356 1569 1368 .
1589 1355 1603 1367 .
1620 1356 1632 1368 .
1659 1327 1919 1382 exstitisse,
1962 1342 2001 1371 c.
2029 1327 2098 1372 18.

1206 1396 1327 1437 prae
1353 1382 1532 1424 Catone
1554 1383 1755 1439 Appium
1779 1383 1976 1427 Caecum
2001 1401 2101 1428 rna-

1209 1442 1278 1493 gis
1310 1442 1617 1482 mirarentur.
1681 1438 1797 1483 Vide
1829 1441 2101 1486 Boetticber.

1209 1499 1309 1541 Lex.
1330 1496 1472 1540 Tacit.
1499 1498 1667 1555 proleg.
1696 1513 1739 1556 p.
1766 1495 1940 1542 LXLn.
1962 1515 2060 1558 sqq.

1269 1596 1375 1623 eum
1411 1581 1611 1637 quidem.
1680 1580 1760 1624 Sic
1792 1576 2100 1641 MSS.'Neap.

1215 1639 1390 1695 [Farn.]
1407 1637 1479 1680 ed.
1492 1638 1623 1695 Spin,
1635 1637 1756 1694 quod
1771 1637 1825 1680 ab
1840 1638 1910 1682 ed.
1925 1637 2103 1684 Puteol-

1214 1705 1469 1739 correctum
1487 1705 1551 1738 est
1566 1695 1610 1737 in
1627 1703 1725 1737 tum
1741 1697 1927 1752 quidem
1945 1711 2103 1752 qucum

1215 1753 1351 1809 [cod.
1374 1753 1614 1796 lectionem
1640 1760 1892 1809 sequuntur
1915 1753 2105 1801 Bekker.
2135 1791 2139 1795 .

1213 1821 1256 1854 et
1287 1810 1581 1864 Boetticher.]
1653 1809 1820 1852 Eri-ore
1860 1819 2018 1868 aperto
2054 1812 2103 1856 iu

1213 1869 1280 1912 ed.
1316 1867 1419 1912 Riv.
1458 1876 1590 1910 exstat
1626 1876 1726 1909 tum
1759 1869 1948 1922 quidam
1984 1885 2104 1921 cum,

1212 1941 1347 1983 quam
1405 1924 1710 1981 corruptelam
1761 1923 2103 1971 Schurzsseisch.

1210 1983 1316 2026 inde
1342 1989 1485 2024 ortam
1516 1989 1662 2039 putat,
1739 1981 1827 2029 uod
1851 1982 1908 2025 ad
1931 1983 2100 2044 margi-

1212 2056 1317 2082 nem
1342 2038 1439 2080 libri
1461 2038 1683 2080 monitum
1727 2038 1854 2087 uerit,
1883 2041 2102 2096 quosdam

1212 2095 1440 2155 scripsisse
1466 2111 1572 2137 eum
1603 2111 1685 2153 pro
1719 2102 1819 2137 tum
1856 2097 1926 2140 vet
1958 2100 2104 2150 dum3

1212 2154 1289 2196 sed
1351 2153 1395 2195 id
1449 2153 1611 2195 falsum
1667 2157 1759 2195 'esse
1811 2166 2104 2212 cognoscent,

1213 2210 1289 2268 qui
1333 2211 1579 2268 scripturae
1618 2210 1871 2253 varietatem
1909 2211 1956 2255 in
1997 2213 2104 2257 edd.

1214 2277 1324 2313 vett.
1350 2276 1592 2312 noverunt.
2043 2271 2046 2275 ’

1272 2353 1322 2395 in
1341 2354 1568 2395 Ner-oncis
1590 2351 1855 2404 improbam
1880 2384 1914 2397 ..
1931 2384 1943 2397 .
1970 2354 2104 2397 Vati·

1212 2411 1282 2453 nii
1335 2411 1594 2462 potentiam
1644 2408 1786 2465 fregi.
1873 2409 1927 2454 ln
1978 2411 2105 2456 libris

1215 2467 1427 2510 omnibus
1451 2473 1493 2508 et
1521 2481 1659 2508 manu
1693 2466 1877 2510 exaratis
1910 2476 1954 2511 et
1987 2470 2104 2529 typis

1214 2523 1448 2581 descriptis
1480 2521 1643 2582 legitur
1668 2523 1718 2565 in
1740 2525 1924 2567 Nerone
1951 2535 1994 2570 et
2018 2543 2101 2569 va-

1215 2585 1377 2636 ticinia,
1429 2597 1541 2637 quae
1565 2588 1612 2622 ut
1643 2580 1913 2638 explicarent
1939 2583 2105 2628 frustra

1215 2640 1327 2683 enisi
1361 2650 1463 2682 sunt
1491 2639 1770 2694 interpretes.
1828 2639 2027 2685 Servavit
2057 2639 2104 2683 id

1213 2696 1479 2743 Lamallius‚
1511 2697 1586 2751 qui
1611 2694 1857 2753 Sigrasium
1889 2707 2104 2754 sequutus

1215 2753 1430 2798 vaticinio
1473 2751 1642 2810 poesim
1677 2752 1918 2809 significari
1957 2762 2108 2812 putat3

1215 2812 1442 2855 Neronem
1486 2825 1591 2851 vero
1629 2810 1870 2868 accipiebat
1906 2812 2103 2856 Materni

1217 2886 1270 2911 eo
1305 2867 1490 2910 nomine
1522 2867 1783 2924 inscriptam
1815 2869 2105 2926 tragoediam.

1217 2925 1358 2970 Facili
1405 2925 1687 2968 correctione
1732 2923 1862 2982 Casp.
1898 2926 2104 2969 Bai-thius

1216 2984 1406 3028 Advers.
1430 2982 1588 3030 XLlV,
1611 2982 1682 3024 25.
1705 2981 1966 3027 restituebat
1991 2986 2104 3026 vati·

1215 3041 1344 3083 ciniis
1367 3048 1467 3092 pot.
1488 3039 1588 3094 fr.,
1631 3046 1679 3081 ut
1707 3055 1760 3083 eo
1792 3039 2107 3097 intelligeren-

1216 3107 1292 3141 tur
1348 3097 1436 3140 loci
1498 3096 1750 3153 tragoediae
1805 3106 2104 3154 tyrannorum

1216 3156 1370 3199 odium
1394 3155 1628 3212 spirantes,
1654 3153 1832 3211 quibus,
1857 3155 1957 3212 quia
1980 3154 2104 3213 plau-

1213 3215 1318 3256 serit
1357 3211 1572 3270 populus',
1626 3211 1818 3256 Neronis
1858 3211 2104 3269 potentiam

1214 3270 1503 3315 imminutam
1531 3277 1572 3310 et
1597 3267 1786 3312 fractam
1812 3267 1895 3312 sibi
1916 3283 2104 3326 persua-

1215 3329 1322 3372 serit
1359 3328 1605 3370 Maternus.
1677 3325 1766 3368 Sed
1798 3325 1966 3369 durum
1999 3325 2104 3372 hoc.

1217 3387 1355 3429 Recta
1383 3399 1486 3426 vero
1523 3384 1593 3426 via
1625 3383 1846 3439 ingressus
1879 3389 1943 3425 est
1969 3382 2000 3426 Ι.
2025 3384 2103 3427 Fr.

1216 3441 1479 3486 Gronovius
1502 3440 1755 3483 observati.
1774 3439 1853 3489 lll,
1867 3442 1909 3482 4.
1936 3440 1998 3499 [p.
2009 3442 2106 3485 227.

1216 3501 1286 3543 ed.
1336 3499 1589 3552 Frotseh.],
1658 3512 1804 3555 neque
1856 3506 2006 3541 tamen
2055 3498 2100 3541 in

1218 3559 1425 3602 omnibus
1465 3554 1724 3598 satisfecisse
1759 3554 1985 3609 putandus
2022 3565 2102 3599 est.
