2150 4022
157 643 283 682 sum

383 235 628 298 lomi
673 184 991 333 Aemo.
1036 234 1274 293 vlTA
1314 231 1766 307 Quaeres.
1882 231 1997 294 171

154 379 338 430 tutem
363 376 691 437 armarent,
734 364 1012 438 coniuges
1039 383 1106 420 ac
1132 363 1351 421 liberos
1386 365 1452 420 in
1488 365 1616 421 loca
1651 375 1775 421 tuta
1811 376 2006 422 trans-⁴

153 455 403 521 ferrent,
446 450 708 508 coetibus
742 471 807 506 ac
839 448 1136 506 sacrificiis
1169 449 1666 522 conspirationem
1701 450 2005 507 civitatum

155 538 465 596 sancirent.
563 547 738 612 atque
782 535 862 592 ita
901 534 1158 591 inritatis
1200 534 1498 610 utrimque
1536 528 1750 591 animis
1788 536 2007 592 disces-

324 714 614 777 XXVIII.
701 714 927 773 Eadem
963 726 1175 772 aestate
1215 711 1424 770 cohors
1467 714 1840 794 Usipiorum‚
1901 739 2008 794 per

159 801 511 861 Germanias
573 803 899 877 conscripta
966 812 1022 857 et
1085 800 1149 855 in
1207 797 1583 857 Britanniam
1651 803 2009 874 transmissa,

157 908 440 962 magnum
479 908 543 944 ac
593 887 976 944 memorabile
1013 886 1241 942 facinus
1279 905 1416 942 ausa
1458 895 1558 942 est.
1646 890 1836 945 occiso
1873 910 2012 946 cen-

158 975 392 1032 turione
416 994 480 1029 ac
507 974 828 1042 militibus,
863 972 967 1048 qui
993 971 1068 1026 ad
1094 972 1441 1042 tradendam
1481 969 1856 1046 disciplinam
1895 975 2008 1030 im-

159 1059 334 1136 mixti
394 1059 716 1134 manipulis
785 1057 1114 1131 exemplum
1186 1067 1241 1113 et
1309 1069 1562 1113 rectores
1624 1054 2013 1130 habebantur,

161 1156 278 1202 tres
307 1143 631 1201 liburnicas
669 1143 887 1200 adactis
925 1162 1029 1218 per
1075 1140 1200 1197 vim
1245 1143 1737 1214 gubernatoribus
1770 1146 2014 1202 adscen-

164 1231 323 1286 dere:
384 1240 452 1285 >et
491 1250 612 1286 uno
660 1229 1042 1302 remigrante‚
1095 1228 1374 1302 suspectis
1416 1228 1648 1285 duobus
1693 1249 1879 1305 eoque
1915 1230 2013 1286 in-

165 1487 300 1543 nique
339 1485 616 1544 ingeniosius
652 1502 787 1543 quam
822 1486 970 1529 verius
1006 1483 1052 1526 in

165 1544 389 1588 meletem.
421 1560 465 1601 p.
495 1543 562 1587 13.
595 1545 898 1586 coniecturam
942 1557 1050 1601 pro-

165 1601 361 1660 ponebat
381 1602 519 1644 hanc:
549 1615 645 1643 non
667 1602 840 1642 virtute
862 1615 944 1651 se,
972 1601 1056 1643 sed

167 1659 403 1701 occasione
445 1666 491 1700 et
533 1666 635 1700 arte
678 1658 807 1699 dacis
851 1660 1057 1701 elusos

169 1717 292 1771 rati,
339 1731 471 1772 quam
507 1731 633 1758 suam
675 1715 782 1758 fecit
818 1731 976 1759 censor
1007 1713 1055 1755 in

167 1771 453 1832 Ephernerid.
513 1773 582 1816 lit.
625 1773 798 1816 lenens.
844 1789 885 1816 a.
930 1772 1055 1815 1816.

168 1845 242 1873 nr.
275 1829 373 1874 127.
461 1829 550 1877 Sed
604 1829 696 1884 'illis
753 1828 1058 1874 correctioni-

170 1891 253 1932 bus
305 1903 397 1930 non
450 1903 588 1945 opus,
651 1888 901 1930 dummodo
953 1884 1058 1930 vul-

169 1953 267 2004 gata
299 1954 417 1988 recte
446 1945 735 2001 explicentur.
815 1944 1058 1988 Salinerius

170 2001 526 2059 subintelligebat
563 2004 726 2054 victos,
767 2002 1056 2068 Virdungus:

170 2057 332 2112 „deest
360 2072 443 2101 vox
468 2060 596 2102 viros
608 2061 663 2117 (ἲ)
687 2069 761 2103 aut
786 2058 868 2103 alia
892 2057 1060 2109 tal1s”;

170 2115 405 2160 Dronkius
439 2118 562 2160 vinci
600 2118 807 2162 excidisse
854 2117 1060 2176 putabat;

171 2174 394 2217 Hertelius
437 2173 623 2233 ellipsim
671 2177 913 2220 statuebat:
966 2173 1066 2216 rati

171 2247 236 2276 sc.
263 2230 408 2275 victos
433 2248 548 2285 esse,
582 2242 627 2277 ut
639 2233 855 2276 Salinerio
883 2234 972 2275 iam
995 2231 1057 2273 vi-

173 2291 272 2332 stim
312 2297 419 2332 erat.
509 2291 669 2334 Malim
710 2290 776 2334 sic
818 2288 1058 2348 explicari:

174 2346 312 2390 verba
345 2360 439 2388 non
475 2350 668 2402 virtute,
711 2352 793 2390 sed
822 2350 1061 2390 occasione

177 2410 220 2446 et
256 2410 365 2444 arte
400 2406 528 2448 ducis
563 2421 648 2462 pro
686 2404 794 2462 ipsis
820 2404 1064 2447 Britanno-

173 2476 278 2504 rum
310 2460 461 2503 verbis
497 2462 754 2519 accipienda
779 2469 915 2512 nsunt,
959 2458 1061 2516 qui-

174 2519 260 2561 bus
283 2517 512 2561 iactationi
536 2519 849 2566 Romanorum
869 2517 1063 2561 militum

176 2576 251 2617 nil
267 2577 431 2626 virtuti
445 2591 560 2619 suae
581 2579 752 2619 invium
773 2575 1065 2620 frementium

176 2632 510 2690 responderint.
578 2634 746 2693 ellipsis
777 2652 824 2678 ex
867 2649 944 2676 ore
968 2633 1065 2677 ,ab-

178 2698 308 2748 rupte
341 2688 627 2757 loquentium
653 2690 930 2736 tolerabilior
962 2704 1067 2732 sane

179 2756 273 2800 esu
295 2747 488 2791 ablativo
511 2767 616 2793 vero
638 2750 852 2793 utendum
875 2756 990 2798 erat,
1018 2754 1068 2789 ut

181 2819 310 2848 causa
337 2806 681 2873 exprimeretur,
719 2808 776 2850 ob
799 2823 935 2864 quam
957 2803 1068 2848 illud

180 2859 350 2907 sactum
375 2873 445 2907 su.
507 2864 567 2908 ci.
586 2864 699 2909 Hist.
728 2867 766 2917 1,
790 2864 857 2907 83.
887 2865 1064 2907 tumul-

182 2924 258 2962 tus
285 2923 497 2971 proximi
524 2924 710 2966 initium
746 2936 843 2970 non
888 2920 1068 2974 cupidi-

185 2982 282 3019 tate
316 2981 389 3021 vel
417 2981 523 3022 odio
554 2980 690 3036 (quae
723 2984 897 3024 multos
929 2976 1073 3020 exera*

185 3038 301 3082 citus
336 3036 383 3080 in
415 3038 694 3081 diswrctiam
727 3038 899 3092 egere),
929 3051 985 3079 ac
1012 3049 1070 3076 ne

183 3095 517 3140 detrectatione
558 3087 743 3151 quidem
778 3102 863 3138 aut
889 3093 1072 3149 formi-
1116 3143 1124 3145 a

185 3152 294 3195 dine
336 3151 648 3205 periculorum
693 3154 779 3209 (sc.
833 3151 1070 3195 excitatum

188 3209 508 3265 esse)2⁸n1'm1'a
543 3212 697 3271 pietas
726 3218 883 3254 vestra
916 3209 1072 3252 acrius

189 3281 331 3322 quam
415 3268 749 3312 consideratius
834 3267 1072 3310 excitavit.

189 3318 446 3367 'Praeterea‘
487 3333 644 3369 contra
682 3321 973 3368 1Walet1ium
1029 3331 1073 3365 et

189 3379 479 3426 Ricklessium
511 3382 750 3426 dicendum
786 3390 874 3434 est,
906 3382 1003 3440 qui,
1037 3379 1072 3422 si

193 3438 291 3495 quis
332 3441 589 3499 probaverit
636 3441 843 3492 superati
879 3440 1072 3497 scriptu-

193 3510 314 3548 ram,
368 3497 499 3542 talem
545 3498 803 3543 sententiam
846 3496 1076 3546 Romanis,

197 3555 435 3614 Agricola.
488 3555 645 3603 Tacito
702 3554 929 3613 indignam
982 3570 1076 3601 esse

1126 1483 1387 1542 opinantur.
1460 1483 1507 1527 Si
1537 1485 1722 1543 quidem
1755 1485 1815 1530 ita
1853 1503 1900 1530 se
1935 1486 2016 1530 ha-

1126 1541 1248 1590 buit,
1278 1541 1436 1599 quidni
1471 1542 1617 1587 dicere
1650 1551 1796 1601 potest
1821 1544 2019 1596 Tacitus,

1128 1599 1201 1640 cui
1233 1598 1422 1642 omnino
1454 1600 1620 1644 veritas
1653 1601 1834 1659 indigna
1875 1602 2020 1648 videri

1127 1657 1298 1712 nequit.
1358 1657 1446 1701 Sed
1474 1658 1716 1715 adquiesco
1737 1660 2020 1703 inlibrorum

1113 1714 1347 1773 scriptura
1393 1715 1479 1766 [uti
1525 1716 1787 1774 nuperrime
1828 1717 1866 1761 Ι.
1898 1717 2023 1762 Bek-

1128 1770 1302 1826 kerus].

1185 1857 1401 1910 coniuges
1431 1872 1486 1899 ac
1514 1859 1679 1901 liberos
1703 1891 1715 1903 .
1729 1890 1741 1903 .
1757 1890 1770 1903 .
1786 1861 2023 1917 transfer-

1127 1920 1248 1956 rent.
1327 1914 1414 1957 Ed.
1449 1913 1554 1958 Put.
1599 1931 1668 1972 pr.
1715 1919 2020 1974 transferent.

1128 1970 1431 2028 Frequentem
1452 1972 1779 2018 vocabulorum
1813 1978 2024 2031 coniuges

1129 2043 1185 2070 ac
1213 2029 1351 2072 liberi
1386 2029 1750 2074 coniunctionem
1783 2032 2025 2080 illustravit

1129 2085 1423 2129 Doederlein.
1474 2087 1568 2131 Lat.
1609 2087 1723 2146 Syn.
1779 2106 1826 2134 u.
1872 2091 2024 2150 Etym-

1130 2143 1186 2188 T.
1209 2143 1287 2187 IV.
1332 2160 1377 2202 p.
1402 2143 1503 2188 329.

1190 2225 1299 2271 CAP.
1321 2228 1396 2271 28.
1442 2229 1602 2271 cohors
1620 2229 1899 2284 Uszjm'orum.
1952 2234 2024 2279 De

1131 2301 1180 2329 re
1206 2284 1264 2329 cf.
1287 2284 1428 2328 Dion.
1453 2287 1521 2335 66,
1544 2287 1614 2330 20.
1640 2291 1914 2344 στρατιῶται
1935 2289 2027 2350 γάρ

1133 2357 1251 2392 τινες
1274 2341 1600 2393 στασιάσαντες
1635 2348 1712 2388 καὶ
1746 2348 2026 2410 ἑκατοντάρ-

1101 2417 1244 2460 ·χους
1269 2397 1517 2459 χιλίαρχόν
1554 2417 1601 2445 τε
1636 2401 1948 2459 φονεύσοέντες
1982 2410 2028 2458 ἐς

1136 2462 1274 2503 πλοῖα
1300 2463 1569 2516 κατέφυγον
1586 2469 1596 2480 ·
1639 2464 1716 2503 καὶ
1744 2463 2028 2522 ἐξαναχθέν-

1135 2533 1207 2565 τες
1231 2518 1564 2575 περιέπλευσαν
1595 2516 1650 2560 τὰ
1681 2518 1796 2575 πρὸς
1829 2523 2030 2581 ἑσπέραν

1138 2573 1299 2630 αὐτῆς,
1333 2571 1394 2623 ὥς
1419 2591 1511 2619 που
1533 2569 1584 2618 τό
1608 2591 1655 2619 τε
1678 2579 1806 2636 κῦμα
1834 2583 1911 2623 καὶ
1933 2579 2030 2626 θά-

1138 2648 1273 2691 τερα,
1336 2631 1452 2692 πρὸς
1506 2632 1563 2676 τὰ
1622 2633 1915 2693 στρατόπεδα
1972 2640 2030 2686 τὰ

1137 2687 1277 2751 ταύτῃ
1310 2686 1422 2734 ὄντα
1447 2687 1764 2749 προςσχόντες.
1823 2696 1895 2741 De
1918 2695 2030 2744 Usi-

1136 2748 1221 2809 piis
1241 2748 1300 2793 ef.
1325 2758 1422 2793 not.
1446 2749 1502 2793 ad
1525 2748 1682 2794 Germ.
1706 2768 1748 2796 c.
1771 2751 1847 2798 82.

1195 2826 1240 2863 et
1263 2822 1311 2862 in
1331 2819 1661 2865 Britanniam.
1726 2823 1801 2867 sic
1822 2825 2030 2872 MS.Vat.

1135 2878 1264 2922 3429.
1292 2881 1423 2934 (teste
1447 2878 1670 2933 Brona),
1705 2879 1900 2941 indeque
1924 2885 2029 2928 edd.

1137 2937 1317 2979 Broter.
1355 2934 1564 2980 Oberlin.
1607 2937 1796 2984 Becker.
1834 2941 2031 2992 Hertel.,

1140 2994 1357 3050 probante
1384 2992 1610 3039 Dronkio.
1673 2997 1818 3056 Vulgo
1856 2999 2029 3042 omitti-

1141 3062 1215 3095 tur
1242 3057 1301 3093 et.

1202 3135 1415 3178 immixti
1432 3137 1700 3192 manipulis.
1759 3138 1862 3183 MS.
1882 3140 2032 3187 Vatic.

1142 3191 1271 3236 3429.
1294 3194 1527 3237 immixtis
1548 3197 1824 3252 manipulis,
1857 3199 1989 3245 male.

1201 3269 1247 3304 et
1278 3276 1370 3304 uno
1399 3266 1708 3319 remigrante.
1768 3267 1843 3311 Sic
1868 3268 2034 3312 editio-

1143 3336 1222 3363 nes
1249 3326 1435 3363 veteres.
1460 3351 1516 3358 -
1548 3326 1807 3379 remigante
1829 3324 1931 3368 MS.
1947 3325 2032 3371 Va·

1143 3377 1220 3419 tie.
1241 3375 1369 3421 3429.
1410 3378 1512 3421 edd.
1540 3379 1810 3424 Lallemand.
1850 3381 2035 3442 Biponl.

1147 3433 1357 3485 Oberlin.
1390 3435 1578 3481 Belxker.
1626 3437 1691 3487 [in
1735 3438 1842 3482 edit.
1880 3443 2032 3484 novis-

1145 3497 1254 3539 sima
1304 3491 1421 3536 idem
1467 3495 1753 3547 remigrante
1805 3497 2039 3556 restituit]

1146 3546 1332 3600 Becker.
1355 3550 1522 3598 Hertel.
1578 3551 1667 3597 Sed
1705 3552 1803 3611 quis
1833 3569 2037 3614 unquam
