2150 4022
620 74 645 110 Ι
707 55 711 59 ,

217 247 368 307 56·

554 244 641 307 C.
665 234 1729 309 CORNELHJSTACITUS

217 376 398 434 etiam·
430 365 885 431 adulescentulis
923 371 1266 446 adsignant:
1304 375 1527 434 sceteris
1555 376 1994 443 robustioribus
2017 399 2084 438 ac

221 462 341 524 iam
374 459 606 535 pridem
644 455 907 534 probatis
942 459 1350 532 adgregantur.
1434 459 1560 522 Nec
1582 462 1770 520 rubor
1797 439 1957 525 inter
1981 475 2083 523 ωπ-

216 651 332 712 apud
367 648 464 693 Liv.
502 650 567 697 10,
597 646 640 690 7.
676 660 754 690 eos
793 659 880 688 nos
914 645 1112 687 iam·—

217 725 314 754 esse
333 721 490 762 spero,
524 704 607 761 qui
623 705 891 762 sacerdotiis
910 715 1006 743 non
1026 701 1112 742 mi-

215 783 307 811 nus
350 766 607 807 reddamus
646 762 914 815 dignatione
950 765 1114 800 nostra

218 825 410 868 honoris
435 836 576 877 quam
605 819 934 870 acceperimus.
969 815 1109 871 ¹Sue--

219 893 312 939 ton.
336 879 432 923 Cal.
457 879 575 921 c.24.
593 878 803 932 reliquas
824 878 1009 918 sorores
1028 886 1113 914 nec

218 938 466 992 cupiditate
490 941 627 978 tanta
647 949 729 976 nec
747 929 1016 986 dignatione
1040 930 1112 970 di-

218 998 355 1040 lexit.
418 992 570 1036 lustin.
591 991 661 1040 28,
683 993 725 1034 4.
753 991 1015 1033 Cleomenes
1032 986 1116 1028 diu

218 1056 265 1098 in
296 1067 486 1097 summa
521 1051 789 1103 dignatione
821 1048 944 1100 regis
981 1043 1115 1086 vixit.

215 1110 437 1170 Explicat:
496 1107 613 1159 „ubi
663 1103 839 1148 iuvenis
890 1109 1015 1144 ortus
1066 1115 1115 1142 ex

253 1171 371 1219 lebe,
420 1164 487 1208 vel
529 1180 579 1206 ex
620 1162 881 1221 proceribus
919 1173 1115 1217 quoque,

216 1187 336 1271 baud
381 1233 528 1267 tamen
570 1219 730 1277 insigni
774 1217 1006 1262 nobilitate
1039 1221 1115 1257 aut

218 1283 376 1329 eximio
430 1279 581 1337 aliquo
639 1275 800 1320 merito
858 1290 969 1320 cons
1003 1272 1114 1316 icuis

218 1349 346 1387 scuto
396 1338 652 1394 frameaque
704 1340 890 1376 ornatus
951 1289 1114 1378 fiierat,

218 1415 313 1444 non
332 1397 435 1440 ideo
457 1394 604 1438 statim
627 1408 650 1434 a
669 1391 872 1450 principe
893 1386 1117 1431 robustio-

218 1458 342 1501 ribus
365 1470 417 1498 ac
438 1453 523 1496 iam
580 1449 719 1493 ridem
742 1446 941 1506 probatis
965 1459 1118 1502 aggre-

220 1514 430 1574 gabatur,
483 1524 528 1551 se
594 1507 669 1550 tali
699 1505 874 1548 honore
913 1511 1117 1546 tantum-

219 1570 358 1615 modo
394 1575 496 1625 post
527 1564 754 1628 egregium
787 1559 969 1619 aliquod
1002 1559 1117 1602 faci-

218 1644 303 1673 nus
328 1633 558 1684 ,patratum
587 1620 703 1664 affici
738 1618 935 1663 solebat:
974 1631 1115 1673 quum

217 1701 327 1731 vero
353 1680 736 1728 adolescentulus,
772 1676 848 1734 qui
875 1674 1012 1717 modo
1036 1689 1115 1731 po·

217 1749 364 1795 suerat
414 1738 699 1786 tirocinium,
757 1731 990 1776 nobilitate
1038 1738 1115 1772 aut

219 1798 392 1858 magnis
435 1804 610 1854 patrum
657 1791 826 1835 meritis
862 1805 956 1833 sese
990 1803 1114 1831 com·

216 1857 476 1903 mendaret,
502 1852 709 1910 princeps
731 1848 856 1891 nulla
876 1847 964 1889 iam
990 1859 1117 1887 mora

218 1913 479 1971 interposita
530 1908 795 1966 dignabatur
850 1921 952 1948 eum
997 1902 1119 1945 reci-

218 1988 326 2034 pere
349 1972 466 2013 inter
487 1975 661 2011 ceteros
697 1963 883 2007 comites
911 1959 1117 2029 quamvis

219 2024 550 2075 robustiores.'’
630 2021 746 2066 Cum
791 2019 968 2064 Orellio
1012 2016 1119 2060 facit

217 2085 460 2132 Beckerus.
525 2079 688 2124 Obstat
716 2078 819 2121 huic
843 2078 1115 2134 interpreta-

219 2143 333 2190 tioni
358 2143 543 2185 verbum
569 2139 850 2190 adsignant,
891 2134 1012 2191 quod
1046 2131 1116 2176 vix

218 2204 267 2247 in
289 2201 364 2244 tali
387 2199 490 2242 loeo
515 2198 716 2252 usurpari
739 2193 902 2251 poterit
928 2207 1011 2249 pro
1035 2194 1117 2231 ad-

206 2262 402 2318 ferunt,
442 2259 736 2308 comparant.
810 2252 928 2293 lnest
967 2247 1115 2306 potius

220 2312 496 2362 destinandi
522 2310 649 2352 notio
667 2341 678 2360 ,
724 2317 770 2351 ut
794 2309 963 2366 cogites
987 2306 1042 2347 de
1067 2321 1115 2347 re

219 2390 315 2420 non
349 2371 496 2415 statim
529 2368 722 2416 tributa,
770 2366 847 2408 sed
879 2367 925 2408 in
969 2371 1114 2421 poste·

219 2449 326 2477 rum
388 2425 646 2470 tribuenda.
745 2421 935 2466 Accedit
991 2419 1113 2478 quod

218 2498 315 2535 toto
355 2488 458 2529 loco
494 2497 586 2526 non
631 2496 782 2523 sermo
828 2488 891 2522 est
930 2480 983 2522 de
1023 2493 1114 2519 uno

220 2546 446 2606 principe,
487 2540 564 2584 sed
592 2538 645 2581 de
667 2537 961 2596 principibus.
1020 2535 1111 2577 Ta-

220 2606 335 2650 citus
368 2602 404 2644 si
436 2598 593 2645 vellet,
633 2595 755 2653 quod
782 2597 876 2639 vult
898 2591 1113 2643 Orellius,

221 2658 468 2717 scripsisset
487 2654 706 2708 principis
729 2654 827 2703 sui,
871 2667 955 2695 nec
974 2652 1113 2705 prin-

222 2721 329 2771 cipis
361 2712 705 2768 dignationem,
756 2712 831 2753 sed
876 2710 1113 2764 dignatio-

220 2770 585 2828 nemprincipis.
648 2769 858 2825 Denique
880 2767 1115 2822 dignatio-

221 2836 292 2877 nis
330 2827 605 2876 vocabulum
639 2826 685 2868 in
708 2823 804 2869 'hac
840 2825 952 2868 serie
985 2823 1116 2867 nimis

222 2905 384 2949 vagum
411 2893 491 2928 est.
551 2883 666 2925 Nam
690 2884 769 2941 per
790 2899 836 2926 se
859 2881 1117 2939 intelligitur

222 2949 280 2992 ob
317 2944 544 3006 insignem·
571 2936 872 2983 nobilitatem*
886 2949 928 2983 et
959 2953 1117 2994 magna

222 3015 401 3064 patrum
434 3006 593 3042 merita
625 2997 828 3041 debuisse
851 2996 1118 3040 adulescen-

225 3062 327 3107 tulis
371 3054 602 3103 conciliari
655 3055 960 3110 dignationem
1011 3064 1114 3097 cum

224 3121 416 3164 aliorum
437 3122 530 3155 tum
555 3111 786 3170 principis.
839 3112 989 3167 Quare
1013 3126 1114 3153 cum

225 3175 462 3221 Broterio‚
492 3168 708 3212 Passovio
733 3169 916 3225 aliisque
945 3172 1115 3223 digna·

226 3236 397 3277 tionem
430 3227 594 3271 rectius
625 3226 815 3284 accipies
849 3242 980 3268 sensu
1015 3241 1115 3284 pas-

225 3292 346 3338 sivo,
399 3285 475 3345 qui
513 3284 692 3326 dicitur.
758 3282 815 3328 cf.
851 3283 938 3327 Au.
971 3285 1012 3335 4,
1047 3283 1113 3325 16.

224 3348 432 3404 dignatio
451 3345 749 3386 sacerdotum
761 3339 1114 3394 (Priesterelzre,

224 3421 318 3450 non
345 3403 555 3448 Wiirde,
589 3397 800 3454 dignitas,
831 3413 942 3455 quae
968 3407 1032 3440 est
1055 3397 1117 3440 in.

226 3472 406 3507 ternum
438 3455 631 3515 aliquid,
673 3455 794 3512 quod
821 3454 865 3497 in
888 3471 933 3498 se
955 3454 1117 3500 habent

228 3520 334 3571 viri;
382 3515 588 3570 dignatio
629 3522 692 3556 est
723 3521 953 3555 externum
988 3511 1114 3563 illud,

225 3575 348 3635 quod
370 3571 675 3618 circumdatur
697 3568 914 3624 dignitati.
947 3569 1002 3612 cf.
1018 3578 1114 3615 not.

1185 651 1239 692 ad
1263 650 1354 692 An.
1386 651 1422 700 l,
1445 648 1517 695 34.
1549 651 1634 694 sub
1670 666 1712 695 v.
1745 654 2085 710 venoemtae‘one).

1185 709 1272 775 Ap.
1307 706 1348 758 3,
1382 707 1456 751 75.
1501 710 1715 763 dignatio
1759 712 2082 764 magistratus.

1183 765 1295 807 Hust.
1353 769 1388 815 1,
1445 765 1514 810 19.
1570 762 1780 821 dignatio
1837 766 2083 820 Caesarei&

1189 825 1227 873 1,
1249 822 1318 864 52.
1347 824 1656 876 imperatoris
1675 824 1912 878 dagna81'03
1945 822 1990 876 8,
2009 825 2081 871 ffl-

1184 880 1398 934 dignatio
1446 881 1543 924 viri.
1620 880 1720 925 Liv.
1751 881 1796 929 2,
1832 881 1896 930 16,
1932 882 1974 927 5.
2012 898 2084 927 ve·

1185 939 1288 980 nire
1342 937 1391 978 in
1438 938 1697 991 principum
1724 938 2083 993 *dignationem

1187 993 1294 1037 Vid.
1318 993 1379 1036 ib.
1404 993 1662 1046 Drakenb.,
1689 1003 1732 1038 et
1746 996 2085 1054 Baumgarteu»

1188 1052 1320 1097 Crus.
1342 1051 1396 1094 ad
1419 1052 1606 1095 Sueton.
1628 1051 1753 1096 Caes.
1777 1068 1817 1096 e.
1838 1052 1881 1095 4.
1943 1053 2084 1098 Nimi-

1187 1126 1287 1176 rum
1330 1108 1420 1150 duo
1456 1108 1636 1152 Tacitus
1677 1110 1793 1167 apud
1829 1109 2083 1156 Germanos

1188 1165 1422 1223 distinguit
1446 1165 1646 1210 virorum
1674 1166 1882 1219 ordines,
1906 1170 2083 1222 princi-

1183 1239 1266 1279 pes
1289 1232 1330 1266 et
1353 1238 1449 1266 non
1467 1223 1726 1276 principes:
1754 1222 1836 1267 bos
1856 1225 1949 1282 ipse
1974 1225 2085 1271 dicit

1186 1295 1359 1348 omnes.
1417 1280 1476 1324 cf.
1514 1296 1556 1324 c.
1589 1283 1660 1326 11.
1718 1279 1951 1340 Principes
1978 1283 2083 1342 eligi

1188 1339 1342 1382 docuit
1377 1353 1418 1381 c.
1450 1338 1519 1380 12.
1581 1337 1715 1382 Nunc
1743 1338 1881 1382 refert
1914 1341 2082 1395 digna-

1188 1397 1367 1439 tionem
1425 1396 1650 1450 principis
1717 1396 1793 1451 (F
1790 1400 2080 1455 anement-e,

1188 1469 1282 1498 non
1344 1453 1492 1511 ipsum
1556 1451 1886 1512 principatum)
1947 1455 2082 1500 etiam

1186 1508 1531 1554 adulescentulis
1599 1510 1819 1569 adsignari
1845 1512 1943 1566 ,ob
2004 1512 2080 1556 in-

1187 1568 1358 1626 signem
1394 1567 1674 1610 nobilitatem
1713 1576 1788 1610 aut
1818 1574 1978 1628 magna
2006 1587 2082 1630 pa-

1188 1633 1307 1668 trum
1331 1625 1504 1668 merita.
1564 1624 1620 1667 ui
1644 1625 1896 1684 principes,
1927 1635 1988 1672 ‘ut
2022 1628 2082 1673 ita

1188 1683 1331 1726 dicam
1346 1713 1359 1731 ,
1385 1681 1631 1724 iuventutis
1652 1685 2083 1742 praerogativa'qua·

1186 1740 1289 1784 dam
1314 1740 1576 1790 utebantur,
1611 1749 1657 1781 ut
1681 1741 1838 1783 ceteris
1861 1742 2084 1787 robustio-

1186 1798 1312 1840 ribus
1335 1813 1388 1840 ac
1408 1796 1498 1839 iam
1519 1796 1691 1855 pridem
1717 1797 1912 1855 probatis
1935 1801 2082 1845 statim

1189 1855 1540 1912 adgregarentur
1573 1869 1768 1911 eumque
1799 1856 1984 1914 gradum
2013 1864 2082 1902 te·-

1189 1920 1374 1963 nerent,
1454 1927 1558 1954 uem
1600 1912 1673 1954 alii
1714 1920 1814 1970 post
1853 1914 2083 1974 egregium

1189 1969 1371 2027 aliquod
1422 1927 1598 2012 liacinus
1649 1977 1822 2016 tantum
1867 1971 2084 2032 attingere

1188 2033 1411 2086 poterant.
1671 2059 1674 2062 Α

1248 2083 1412 2127 ceteris
1446 2083 1794 2128 robustioribus.
1852 2084 2083 2133 Ernestius

1189 2149 1231 2185 et
1263 2138 1496 2183 Broterius
1528 2158 1551 2183 e
1576 2139 1735 2197 Lipsii,
1774 2141 2082 2195 Freinshmnii.

1189 2198 1424 2255 Conringii
1457 2197 1672 2255 opinione
1694 2207 1859 2244 rcontra
1881 2209 2081 2247 veterum

1188 2256 1409 2298 librorum
1448 2251 1761 2298 auctoritatem
1804 2258 2084 2315 scripserunt

1186 2314 1325 2355 celeri
1360 2313 1709 2356 robustioribus.
1776 2312 1995 2360 probavit
2038 2325 2083 2362 et

1188 2369 1451 2413 Gebauerus
1485 2368 1532 2411 in
1560 2369 1754 2414 Diatrib.
1777 2370 1832 2414 de
1851 2371 2081 2420 comitatu

1187 2425 1626 2471 Princ.Germ.1754.
1641 2443 1682 2484 p.
1694 2427 1766 2470 99.
1793 2427 2023 2486 Bipon'tini
2037 2440 2082 2477 et

1190 2483 1439 2533 Oberlinus
1486 2500 1583 2541 sqq.
1630 2485 1744 2527 bene
1791 2485 2080 2535 restituerunt

1186 2543 1361 2586 cetera's.
1435 2541 1548 2584 Nam
1589 2549 1734 2584 totum
1774 2539 1925 2587 locum
1962 2546 2080 2592 male

1185 2599 1521 2650 intellexerant,
1575 2598 1649 2654 qui
1687 2599 1936 2645 mutatione
1959 2619 2081 2663 ,opus
2126 2617 2129 2621 ⁴

1184 2674 1276 2702 esse
1303 2664 1529 2714 putarunt.

1242 2719 1576 2767 adgregantur.
1637 2711 1812 2770 Lipsius
1847 2730 1932 2774 pro
1962 2717 2080 2765 varia

1185 2771 1405 2828 scriptura
1431 2786 1454 2812 e
1478 2780 1561 2812 vet.
1585 2768 1704 2812 libro
1735 2770 1880 2817 adfert
1909 2778 2079 2830 adgre-

1184 2835 1323 2882 gant,
1366 2826 1486 2885 quod
1518 2826 1599 2884 ipsi
1627 2826 1782 2881 Taciti,
1802 2838 1846 2873 et
1875 2835 2079 2880 veterum

1189 2885 1379 2951 phrasim
1418 2885 1539 2927 olere
1571 2883 1825 2942 videbatur,
1891 2889 1955 2933 At
1986 2907 2080 2936 non

1187 2957 1339 2985 omnia
1364 2940 1530 2998 ubique
1553 2949 1655 2984 sunt
1675 2941 1812 2988 bona.
1854 2945 1939 2989 Hic
1959 2956 2080 2994 certe

1188 3015 1280 3042 non
1307 3003 1596 3052 adgregant,
1640 2999 1763 3056 quasi
1792 3017 1819 3045 e
1849 3002 2078 3050 voluntate

1188 3055 1541 3100 adolescentium
1576 3071 1644 3099 res
1678 3059 1963 3114 pependerit,
2001 3062 2079 3108 sed

1187 3117 1527 3167 adgregantur,
1560 3112 1604 3156 h.
1630 3129 1670 3157 e.
1696 3129 1766 3158 res
1788 3117 1956 3161 solebat
1979 3117 2078 3165 fieri

1188 3187 1215 3236 e·
1234 3179 1407 3235 recepta
1430 3170 1752 3213 consuetudine
1787 3181 1830 3215 et
1861 3175 2079 3221 constitu-

1186 3235 1306 3270 tione
1353 3227 1556 3271 civitatis.
1617 3246 1671 3259 -·
1755 3230 1977 3276 Hactenus
2023 3235 2080 3279 de

1185 3286 1439 3343 principum
1461 3284 1742 3341 dignatione:
1772 3287 1860 3331 iam
1883 3289 2079 3349 scriptor

1183 3343 1342 3408 transit
1390 3340 1443 3383 ad
1469 3341 1781 3407 ‘comitaturm
1837 3360 1971 3413 quern
2020 3364 2078 3392 ne

1186 3415 1332 3457 ipsum
1405 3398 1587 3454 quidem
1651 3400 1745 3443 sine
1818 3401 2079 3460 dignatione

1184 3456 1319 3499 fuisse
1344 3463 1586 3505 memorat,
1615 3456 1721 3499 dum
1743 3459 1911 3517 pergit:

1242 3528 1321 3556 nec
1359 3514 1500 3555 rubor
1534 3514 1659 3555 inter
1691 3518 1882 3559 comites
1916 3520 2078 3574 aspici.

1184 3569 1414 3614 Ernestius
1491 3568 1796 3628 suspicabatur
1866 3573 2074 3620 Tacitum
