2150 4022
576 274 1104 373 mALoeus
1189 277 1383 353 „CAR
1422 281 1484 345 6.

1831 279 1954 343 241

110 415 240 472 nire
273 413 623 490 pierumque
662 411 734 467 ad
774 409 1053 466 iuvenem
1097 420 1152 466 et
1191 429 1543 484 pauperem,
1603 420 1672 468 ut
1711 420 1812 468 aut
1850 430 1956 469 sua

109 512 210 557 ant
257 499 579 555 amicorum
625 495 968 551 discrimina
1011 496 1444 556 commendent.

1520 492 1756 556 [Ullane
1794 506 1958 554 tanta

109 584 436 658 ingentium
477 588 657 656 o'pum
699 601 764 637 ac
803 598 1047 653 magnae
1086 580 1382 654 potentiae
1419 579 1718 655 voluptaS‚
1781 600 1961 656 quam

109 680 364 746 spectare
397 663 669 724 homines
702 676 924 722 veteres
961 675 1016 722 et
1053 683 1218 720 senes
1256 675 1313 722 et
1350 664 1534 721 totius
1570 666 1732 723 orbis
1769 665 1957 739 gratia

106 898 206 926 rum
233 889 507 941 captatores,
535 880 583 924 in
610 897 722 939 quos
745 880 884 924 multa
906 879 997 923 Ho-

106 937 999 1052 ἱέἓὲῗὲ.ξ’ρῗὸἕῗπὲΐὶῗέῗὶὲ,’4ἑῗ·5ἓῐ

107 1055 175 1106 15,
193 1056 262 1099 19.
285 1055 343 1099 cf.
359 1056 545 1113 interpr.
570 1056 622 1097 ad
638 1053 792 1096 Germ.
814 1053 993 1119 cap320.

104 1112 328 1156 Peculiari
351 1128 538 1156 excursu
566 1112 620 1154 de
652 1111 841 1154 orbitate
873 1126 994 1152 eius-

107 1185 194 1226 que
218 1169 370 1227 pretiis
393 1171 509 1228 apud
531 1169 759 1211 Romanos
788 1167 875 1224 egit
898 1167 991 1234 Ge-

104 1226 270 1328 ἷῖἒὲῗέ
277 1243 361 1327 {13‘0‘
366 1224 739 1342 {Yissfflssssssf}
743 1240 995 1340 eisssrssriffi

105 1341 328 1384 Lucianus
351 1341 396 1384 in
423 1340 609 1398 dialogis
631 1348 935 1383 mortuorum.

163 1425 209 1461 et
234 1422 466 1470 potentes,
539 1413 720 1456 Omissa
747 1420 852 1455 sunt
884 1412 995 1455 haee

105 1478 236 1518 verba
268 1473 314 1515 in
351 1472 449 1515 edd.
474 1471 592 1527 Spir.
621 1470 723 1513 Put.
750 1470 854 1515 Riv.
889 1471 993 1512 Ber.

105 1534 208 1577 Alc.
245 1530 388 1572 Rhen.
428 1528 533 1572 Ald.
577 1527 771 1581 Pithoe„
820 1528 995 1586 primus

103 1588 363 1634 interseruit
394 1601 442 1628 ea
466 1585 640 1644 Lipsius
673 1602 721 1628 ex
752 1587 857 1630 cod.
882 1586 996 1627 Far-

106 1664 226 1701 nes.,
285 1659 484 1700 quocum
526 1643 571 1686 h.
614 1658 795 1700 quoque
827 1642 859 1685 l.
889 1641 999 1684 facit

103 1705 206 1750 MS.
256 1699 448 1758 Neapol.
542 1700 827 1758 Receperunt
893 1698 995 1742 edd.

107 1777 291 1811 omnes,
335 1756 545 1801 nonnulli
572 1766 722 1800 tamen
745 1757 874 1800 uncis
900 1756 995 1799 cir-

107 1825 469 1874 cumsepserunt;
501 1831 616 1858 unus
644 1822 816 1857 tanturn
839 1814 998 1858 adver-

105 1885 225 1921 satus
252 1882 315 1917 est
335 1871 581 1916 Acidalius.
631 1871 823 1930 *Requiri
847 1871 884 1915 is
907 1886 995 1928 pu-

103 1942 167 1979 tat
205 1929 372 1989 aliquid
412 1929 466 1972 de
501 1930 718 1972 orborum
750 1937 997 1976 senectute,

103 2007 198 2035 non
221 1989 276 2031 de
296 1988 515 2046 potentia,
547 1995 588 2028 et
606 1986 660 2029 ad
681 1987 995 2029 membrorum

103 2045 459 2093 concinnitatem
504 2043 781 2086 efficiendam
824 2041 997 2110 opponi

103 2104 190 2151 sibi
221 2103 359 2147 orbos
392 2108 435 2144 et
468 2110 692 2150 oratores,
727 2099 831 2143 illos
855 2098 996 2143 mmi-

103 2178 207 2207 rum
237 2159 484 2219 locupletes
516 2166 558 2201 et
592 2173 744 2210 senes,
791 2156 873 2200 h‘os
905 2157 996 2215 ple-

101 2233 296 2277 rumque
310 2231 527 2276 pauperes
543 2224 585 2258 et
603 2218 801 2259 iuvenes.
838 2214 995 2271 Quare

104 2275 359 2334 corrigebat
406 2275 443 2317 is
484 2276 804 2328 depontanos,
873 2289 994 2331 quo-

104 2334 246 2379 modo
275 2330 577 2388 sexagenarios
610 2339 651 2372 et
685 2331 994 2388 provectiores

105 2398 244 2436 aetate
269 2387 409 2445 vulgo
434 2387 730 2445 appellabant.
791 2387 879 2430 Sed
912 2403 993 2432 ve-

104 2458 207 2493 rum
224 2462 319 2490 non
331 2444 550 2504 perspexit
567 2443 752 2495 Acidal„
766 2458 904 2501 quum
921 2459 996 2486 an·

103 2503 352 2550 secedentia
377 2503 562 2544 maxime
588 2500 767 2544 faveant
791 2500 898 2543 huic
922 2499 994 2542 ad·

105 2562 390 2609 didamento,
429 2575 532 2601 nam
567 2559 701 2602 verba
736 2574 828 2600 non
850 2573 991 2613 pecu-

105 2621 236 2668 niae,
290 2632 384 2660 non
425 2615 620 2658 orbitati
658 2630 806 2671 neque
855 2615 999 2671 officii

96 2678 301 2722 *alicuius
340 2673 745 2717 administrationi
779 2681 877 2731 apte
917 2689 993 2715 re-

104 2734 333 2794 spondent
350 2731 495 2775 verbis
517 2733 795 2784 locupletes,
833 2732 934 2772 orbi
951 2737 994 2770 et

102 2797 340 2850 potentes,
386 2803 530 2845 neque
552 2788 783 2845 quisquam
812 2787 855 2830 id
881 2787 993 2833 vitio

106 2847 287 2892 verterit
307 2844 543 2903 scriptori,
579 2844 700 2903 quod
728 2861 881 2889 rerum
912 2861 995 2888 or-

109 2906 260 2952 dinem
274 2901 595 2948 immutaverit.

169 2981 304 3019 tanta
407 2974 644 3026 voluptas,
677 2985 832 3027 quam.
893 2970 996 3013 Inu-

106 3032 198 3080 tilis
237 3039 303 3073 est
342 3028 545 3087 ἆκριβείὰ
581 3027 862 3079 Heumanni,
917 3024 995 3085 qui

108 3086 295 3148 flagitari
348 3087 408 3131 ait
459 3093 639 3142 quanta
693 3101 775 3145 pro
834 3100 992 3141 quam.

107 3145 248 3205 Apud
275 3143 471 3203 optimos
494 3142 623 3186 etiam
650 3142 893 3201 scriptores
926 3140 995 3183 di-

109 3205 228 3251 citur
253 3209 483 3245 tancus—
498 3215 639 3255 quam
660 3216 742 3258 pro
764 3207 995 3242 tantus-

110 3266 324 3319 quantus.
389 3257 570 3301 Terent.
605 3256 766 3315 Hecyr.
801 3257 841 3308 3,
870 3258 911 3305 4,
946 3253 990 3299 3.

109 3333 203 3363 non
249 3317 399 3359 verbis
447 3315 542 3357 dici
584 3322 739 3368 potest
786 3322 991 3364 tantum,

108 3371 252 3432 riuum
278 3387 328 3416 re
355 3373 459 3428 ipsa
482 3373 706 3424 navigare
730 3372 992 3414 incommo-

72 3468 80 3472 ,
111 3437 224 3475 dum
245 3438 338 3482 est‚·
375 3428 467 3472 Liv.
486 3425 555 3479 37,
579 3429 648 3471 51.
683 3443 778 3470 non
806 3436 991 3471 tantum

108 3490 333 3544 goudium
355 3489 415 3528 ab
437 3486 614 3528 recenti
643 3494 773 3528 metu
801 3487 991 3528 adtule—

112 3551 244 3599 runt,
298 3558 439 3600 quam
474 3551 746 3586 averterunt
776 3543 992 3599 samam.

110 3601 216 3651 vide
247 3598 449 3645 Gronov·
483 3599 538 3642 ad
568 3599 666 3648 Liv.
694 3600 765 3653 26,
798 3602 835 3653 1,
862 3599 904 3644 8.
938 3622 992 3633 -

194 3666 438 3718 ΤΑοιΤυε
489 3663 585 3718 IV.

1069 855 1291 934 Ingentes
1323 885 1371 920 et
1396 877 1641 932 privatum
1672 892 1822 935 supra
1851 895 1957 924 mo-

1067 941 1183 980 dum
1205 943 1387 979 evectas
1407 949 1515 991 opes
1538 934 1671 979 habes
1694 939 1785 984 An.
1810 938 1959 988 14,52.

1123 1037 1332 1079 homines
1364 1043 1545 1078 veteres
1571 1043 1616 1078 et
1637 1051 1788 1081 senes.
1848 1039 1958 1084 Mo-

1067 1092 1173 1136 lesta
1199 1093 1466 1136 videbantur
1487 1092 1692 1138 Acidalio
1718 1096 1856 1140 verba
1877 1099 1962 1140 Ῑιο-

1065 1153 1213 1193 mines
1232 1157 1410 1193 veteres
1424 1150 1679 1200 coniuncta,
1705 1154 1852 1210 neque
1868 1169 1960 1197 ma·

1096 1208 1131 1251 is
1150 1216 1331 1250 veteres
1348 1215 1394 1250 et
1411 1221 1544 1251 senes
1563 1207 1801 1252 ferendum
1824 1210 1961 1254 duce-

1064 1225 1161 1316 ἱεῖς
1185 1281 1280 1308 eam
1307 1264 1365 1307 ob
1386 1281 1563 1308 causam
1585 1273 1766 1310 veteres
1783 1267 1958 1313 delevit.

1065 1322 1165 1367 Nic.
1197 1322 1404 1365 Heinsius
1437 1338 1522 1380 pro
1555 1329 1734 1366 ueteres
1763 1323 1959 1369 malebat

1066 1382 1212 1422 victos
1245 1378 1377 1434 (falso
1411 1387 1560 1422 autem
1594 1395 1618 1422 a
1651 1379 1878 1439 plerisque
1913 1382 1956 1426 ei

1067 1437 1336 1481 adscribitur
1376 1439 1559 1493 victos),
1609 1437 1710 1481 dein
1737 1441 1959 1484 <homines

1066 1495 1257 1538 coelibes
1284 1493 1324 1536 ei
1355 1493 1402 1537 in
1441 1503 1636 1537 mentem
1675 1495 1824 1546 venit,
1875 1497 1956 1540 sed

1068 1568 1124 1594 ne
1189 1551 1234 1593 id
1298 1551 1479 1608 quidem
1541 1551 1769 1597 satisfecit.
1871 1553 1956 1599 Ni-

1066 1608 1131 1652 hil
1170 1608 1487 1665 corrigendum
1534 1619 1622 1661 est,
1675 1625 1815 1667 quum
1847 1626 1958 1655 ver-

1066 1666 1122 1708 ba
1174 1682 1225 1708 ea
1281 1673 1323 1708 et
1375 1667 1491 1724 apud
1548 1666 1662 1710 alios
1715 1669 1958 1728 scriptores

1067 1724 1219 1767 iuncta
1251 1723 1531 1779 reperiantur
1567 1725 1643 1778 (cf.
1678 1724 1794 1769 infra
1826 1743 1865 1770 c.
1889 1726 1957 1772 17.

1068 1779 1258 1836 antiqui
1275 1787 1320 1822 et
1342 1788 1524 1824 veteres
1551 1789 1796 1835 oratores3
1835 1783 1956 1829 Ptin.

1068 1838 1288 1894 Panegyr.
1325 1853 1367 1881 c.
1406 1840 1475 1882 12.
1543 1837 1641 1883 Cic.
1679 1839 1733 1882 de
1764 1850 1879 1885 orat.
1910 1840 1956 1894 8,

1066 1894 1135 1939 38.
1156 1895 1320 1948 prisca
1333 1896 1445 1950 sere
1469 1910 1524 1937 ac
1545 1903 1754 1948 vetusta;
1794 1906 1958 1942 auctor

1068 1959 1180 1995 orat.
1203 1967 1286 2009 pro
1313 1952 1451 1995 domo
1485 1967 1524 1996 c.
1549 1951 1620 1995 47.
1652 1956 1879 1998 veteribus
1912 1963 1958 1999 et

1063 2011 1226 2064 priscis
1259 2010 1510 2058 institutis3
1551 2009 1670 2054 Vell.
1697 2011 1792 2055 Pat.
1818 2014 1857 2064 1,
1882 2014 1953 2058 15.

1063 2069 1269 2121 priscam
1303 2068 1439 2109 illam
1472 2074 1517 2109 et
1544 2075 1748 2110 veterem
1763 2087 1780 2122 ;
1816 2071 1859 2118 2,
1881 2071 1953 2114 89.

1069 2124 1165 2168 105.
1185 2126 1368 2180 priscus
1385 2132 1432 2168 et
1449 2125 1692 2181 antiquus,
1721 2135 1764 2170 et
1784 2128 1956 2171 maiore

1067 2198 1169 2227 cum
1206 2181 1251 2228 vi
1286 2182 1404 2240 apud
1437 2181 1533 2226 Cic.
1569 2183 1624 2225 de
1658 2191 1771 2228 orat.
1809 2186 1846 2235 1,
1878 2184 1952 2240 43,

1067 2239 1161 2283 193.
1172 2240 1330 2295 prisca
1352 2247 1573 2288 vetustas,
1604 2248 1646 2282 et
1659 2238 1762 2285 Tib.
1778 2243 1814 2292 l,
1828 2243 1869 2294 8,
1882 2244 1956 2288 50.

1065 2304 1242 2340 veteres
1257 2302 1427 2348 senes),
1447 2305 1491 2339 et
1511 2297 1616 2340 satis
1640 2297 1757 2341 bona
1778 2300 1956 2344 ratione

1066 2355 1234 2398 nitatur
1257 2353 1520 2397 coniunctio
1547 2353 1646 2403 illa,
1686 2355 1740 2398 de
1765 2371 1850 2413 qua
1875 2373 1950 2399 ex-

1099 2410 1216 2454 osuit
1252 2410 1540 2454 Doederlein.
1573 2411 1669 2455 Lat.
1702 2412 1876 2470 Synon.
1909 2422 1954 2458 et

1105 2476 1218 2524 tym.
1243 2466 1323 2510 IV.
1358 2483 1403 2523 p.
1435 2467 1506 2510 89.
1544 2483 1610 2524 sq.
1671 2467 1955 2516 Graecorum

1064 2524 1336 2581 scriptorum
1372 2523 1496 2567 locos
1533 2525 1755 2581 congessit
1789 2525 1952 2572 Ruhn-

1068 2581 1167 2624 ken.
1201 2582 1253 2624 ad
1282 2579 1442 2624 Vellei.
1472 2596 1520 2638 p.
1545 2581 1643 2630 64..
1689 2597 1803 2640 quos
1834 2586 1954 2629 auxit

1064 2638 1213 2739 gagii.
1244 2637 1471 2682 Schaefer.
1502 2637 1555 2682 ad
1589 2637 1706 2684 Ptin.
1739 2639 1879 2699 Epist.
1910 2641 1953 2694 3,

1094 2729 1105 2748 ‚
1164 2727 1174 2739 .

1123 2795 1266 2838 totius
1283 2796 1408 2838 orbis
1420 2795 1583 2848 gratia
1597 2797 1838 2841 subnixos.
1875 2797 1954 2844 Sic

1065 2853 1202 2897 MSS.
1216 2852 1353 2910 Neap.
1371 2860 1414 2894 et
1429 2851 1598 2896 Vaticc.
1620 2853 1723 2898 edd.
1748 2856 1956 2914 antiquae

1068 2926 1249 2958 omnes,
1285 2918 1326 2951 et
1351 2917 1472 2952 recte
1495 2909 1697 2966 quidem.
1754 2911 1955 2972 Respon-

1067 2972 1142 3014 det
1177 2967 1264 3011 hoe
1298 2965 1473 3025 egregie
1506 2966 1582 3019 iis,
1621 2984 1734 3027 quae
1768 2979 1953 3014 antece-

1068 3025 1188 3070 denti
1229 3039 1328 3081 cap.
1363 3023 1418 3065 de
1453 3023 1732 3081 eloquentiae
1766 3027 1952 3070 utilitate

1067 3082 1172 3127 dixit
1189 3081 1375 3124 Noster:
1408 3084 1474 3123 ad
1495 3083 1624 3125 urbis
1634 3085 1829 3139 samam
1849 3086 1952 3137 pul·

1066 3142 1217 3184 chrias
1257 3139 1335 3180 vel
1369 3141 1434 3179 ad
1476 3140 1668 3182 totius
1707 3141 1959 3195 imperii

1065 3207 1242 3253 atque
1268 3196 1521 3238 omnium
1548 3199 1807 3251 gentium
1833 3197 1953 3239 noci-

1063 3257 1185 3298 tiam
1201 3253 1444 3304 illustrius,
1467 3261 1510 3297 et
1527 3269 1640 3310 quae
1665 3253 1781 3296 infra
1802 3269 1896 3313 cap.
1911 3253 1953 3296 8.

1065 3313 1197 3356 dicit:
1249 3324 1343 3351 nou
1383 3312 1540 3354 minus
1580 3318 1712 3353 notos
1754 3325 1851 3352 esse
1893 3311 1954 3353 in

1065 3367 1374 3413 extremis
1407 3368 1702 3423 partibus
1741 3375 1952 3410 terra-

1063 3442 1087 3468 r
1102 3441 1132 3467 u
1150 3441 1212 3468 m.
1274 3423 1393 3468 Bene
1421 3423 1556 3480 igitur
1579 3423 1704 3465 orbis
1728 3440 1750 3465 a
1771 3422 1952 3468 Dronk-

1064 3479 1392 3526 Osann.0rell.
1407 3479 1565 3535 [Bekk.
1582 3490 1624 3524 et
1637 3480 1874 3541 mertich]
1887 3497 1954 3524 re·

1065 3541 1268 3596 stitutum
1285 3545 1362 3590 est,
1386 3555 1530 3596 neque
1548 3537 1687 3580 ullam
1707 3537 1953 3582 video-cau-

1065 3613 1173 3649 sam,
1197 3612 1276 3642 cur
1289 3596 1576 3640 retinendum
1590 3593 1645 3638 sit
1662 3597 1804 3645 urbis,
1830 3595 1952 3653 quod

1287 3655 1344 3730 Q
