2150 4022
381 935 395 941 ἢ
653 847 702 906 c
760 849 818 909 ο
874 846 926 905 L
983 847 1035 904 L
1091 842 1147 904 A
1205 838 1260 904 Τ
1317 844 1346 903 1
1404 842 1462 902 o

347 957 801 1020 CODICUM
873 953 1774 1018 FLORENTINORUM.

943 1153 1178 1164 ...—

825 1294 1293 1338 PnAnmonxrum.

307 1404 374 1448 Ne
395 1404 501 1463 qui'd
523 1403 828 1450 subsidiorum
851 1403 1116 1448 criticorum
1140 1403 1194 1446 ab
1217 1402 1347 1446 huius
1373 1401 1586 1444 editionis
1610 1401 1889 1459 emptoribus
1911 1400 1982 1444 de·

139 1473 421 1524 sideraretur,
443 1475 611 1532 placuit
633 1473 672 1516 ei
689 1473 961 1531 subiungere
984 1481 1235 1516 accuratam
1258 1487 1410 1514 earum
1433 1470 1683 1516 lectionum
1708 1485 1984 1512 commemo-

138 1543 356 1586 rationem
374 1574 387 1592 ,
410 1560 518 1601 quas
530 1542 799 1586 Franciscus
825 1540 896 1585 del
920 1542 1056 1584 Furia
1082 1557 1104 1583 e
1121 1541 1395 1584 Florentinis
1421 1539 1652 1584 codicibus
1677 1539 1724 1583 in
1749 1539 1985 1584 Medicea-

136 1613 404 1657 bibliotheca
427 1612 664 1658 adservatis
676 1613 758 1655 Im.
775 1611 978 1664 Bekkeri,
1001 1621 1159 1668 rogatu
1180 1611 1419 1655 adnotavit.
1480 1609 1585 1666 Qua
1607 1610 1790 1668 quidem
1812 1611 1858 1652 iu
1883 1609 1987 1655 col-

138 1682 331 1727 lectione
367 1700 462 1726 eain
486 1685 732 1741 scripturae
758 1683 1106 1740 discrepantiam
1125 1682 1386 1737 omisimus,
1432 1697 1543 1741 quae
1567 1682 1621 1725 ab
1647 1682 1740 1725 aliis
1765 1681 1870 1727 viris
1897 1683 1986 1726 do-

136 1755 243 1804 ctis,
293 1754 372 1814 qui
407 1755 588 1799 eosdem
632 1754 773 1798 libros
816 1754 1130 1812 inspexerunt,
1182 1755 1274 1798 iam
1306 1755 1477 1814 prolata
1512 1761 1602 1806 est,
1649 1762 1692 1797 et
1726 1771 1775 1799 ea
1810 1764 1987 1809 tantum

135 1826 532 1870 commemoranda
575 1826 856 1885 censuimus,
906 1826 953 1869 in
991 1826 1156 1883 quibus
1198 1826 1260 1870 illi
1296 1842 1319 1868 a
1351 1825 1487 1880 Furia
1529 1823 1695 1869 diversi
1728 1832 1848 1871 sunt.
1921 1826 1986 1868 Ex

135 1894 325 1941 adverso
367 1896 511 1954 posita
554 1906 620 1941 est
660 1913 708 1941 ea
747 1898 993 1956 scriptura,
1041 1914 1176 1955 quam
1226 1897 1346 1941 inter
1386 1897 1532 1941 'Taciti
1580 1897 1710 1941 verba
1755 1896 1987 1942 Walthe-

142 1982 219 2010 rus
242 1968 425 2025 recepit.
452 1975 459 1980 “

578 2089 971 2142 Annalium
1025 2087 1204 2142 liber·
1249 2089 1537 2169 primus.

463 2213 701 2259 Walther.
1308 2228 1311 2231 ·
1357 2211 1588 2271 Mediceus
1615 2215 1714 2255 cod.

137 2295 250 2340 CAP.
265 2297 301 2340 1.
362 2295 546 2339 Iulianis
1095 2296 1290 2339 iulianus

364 2352 566 2411 reliquus
1096 2355 1265 2411 reliqus

248 2409 292 2453 3.
323 2423 326 2425 ·
351 2409 604 2454 Planasiam
633 2411 873 2468 proiiceret
1098 2410 1338 2468 planesiam
1371 2409 1624 2468 proieceret

358 2468 654 2512 munimentis
1097 2469 1404 2512 monumentis

350 2525 567 2569 disserere
1098 2524 1267 2568 dissere

361 2582 569 2628 libidines
1098 2582 1320 2640 lupidines

353 2656 541 2697 gnarum
557 2674 568 2693 ‚
602 2642 679 2683 ubi
698 2640 752 2684 C.
776 2640 951 2685 Navum
974 2642 1023 2683 in
1098 2638 1157 2682 G.
1183 2641 1360 2684 Navum

426 2701 524 2742 cod.
548 2712 651 2742 esse
674 2705 924 2742 testantur.

244 2521 295 3029 309035323?

354 2756 512 2800 caedes
995 2765 998 2773 ⁴
1098 2754 1247 2798 caedis

362 2812 610 2872 Agrippam
1097 2811 1277 2870 agrippa

354 2869 603 2929 Appuleius
1095 2870 1296 2927 apuleius
1736 2884 1774 2926 ἠ
1804 2907 1806 2911 ,

351 2927 682 2973 anteferrentur
1026 2969 1037 2987 ,
1096 2925 1406 2972 anteferentur
1735 2928 1750 2940 ”

352 2985 443 3028 vita
1098 2984 1212 3025 vitae

362 3042 655 3086 ulcisceretur
1096 3040 1427 3086 ulciscerentur

358 3107 407 3142 ut
1096 3113 1187 3139 om.
1215 3100 1339 3144 Med.
1365 3105 1463 3146 sod.

253 3160 319 3200 10.
354 3156 545 3201 abducta
576 3200 582 3207 ,
1095 3154 1285 3199 adducta

364 3212 423 3270 Q.
450 3214 581 3259 'redii
1099 3227 1209 3268 quae
1237 3217 1339 3260 tedii

255 3276 321 3315 ll.
359 3271 413 3313 ad
437 3272 543 3314 deos
1101 3269 1155 3310 ad
1180 3287 1254 3313 eos

257 3332 324 3374 12.
358 3327 567 3385 Vipsania
1097 3327 1315 3384 vipstania

363 3386 581 3435 Pollionis
1099 3386 1295 3441 polionis

253 3445 321 3489 13.
355 3459 608 3511 quanquam
637 3447 738 3490 Tib.
1099 3461 1232 3500 quam
1260 3447 1359 3491 Tib.

356 3502 490 3544 iidem
1101 3503 1217 3544 idem

362 3558 546 3615 eiusque
978 3581 986 3586 ·
1100 3567 1142 3602 et
1166 3576 1319 3620 usque¹
