<?xml version="1.0" encoding="UTF-8"?>
<!DOCTYPE html PUBLIC "-//W3C//DTD XHTML 1.0 Transitional//EN"
    "http://www.w3.org/TR/xhtml1/DTD/xhtml1-transitional.dtd">
<html xmlns="http://www.w3.org/1999/xhtml" xml:lang="en" lang="en">
 <head>
  <title>
</title>
<meta http-equiv="Content-Type" content="text/html;charset=utf-8" />
  <meta name='ocr-system' content='tesseract 3.04.00' />
  <meta name='ocr-capabilities' content='ocr_page ocr_carea ocr_par ocr_line ocrx_word'/>
</head>
<body>
  <div class='ocr_page' id='page_1' title='image "./operarecensuitet04taciuoft/operarecensuitet04taciuoft_0170.png"; bbox 0 0 2150 4022; ppageno 0'>
   <div class='ocr_carea' id='block_1_1' title="bbox 213 240 1878 316">
    <p class='ocr_par' dir='ltr' id='par_1_1' title="bbox 213 240 1878 316">
     <span class='ocr_line' id='line_1_1' title="bbox 213 240 1878 316; baseline 0.007 -11"><span class='ocrx_word' id='word_1_1' title='bbox 213 244 335 308; x_wconf 84' lang='lat'>154</span> <span class='ocrx_word' id='word_1_2' title='bbox 436 244 682 309; x_wconf 88' lang='lat' dir='ltr'>IULII</span> <span class='ocrx_word' id='word_1_3' title='bbox 725 240 1052 307; x_wconf 86' lang='lat' dir='ltr'>AGRIC.</span> <span class='ocrx_word' id='word_1_4' title='bbox 1098 241 1339 305; x_wconf 86' lang='lat' dir='ltr'>VITA</span> <span class='ocrx_word' id='word_1_5' title='bbox 1391 241 1589 311; x_wconf 90' lang='lat' dir='ltr'>CAP.</span> <span class='ocrx_word' id='word_1_6' title='bbox 1621 247 1878 316; x_wconf 77' lang='lat'>19.20...</span> 
     </span>
    </p>
   </div>
   <div class='ocr_carea' id='block_1_2' title="bbox 208 374 1496 450">
    <p class='ocr_par' dir='ltr' id='par_1_2' title="bbox 208 374 1496 450">
     <span class='ocr_line' id='line_1_2' title="bbox 208 374 1496 450; baseline -0.001 -14"><span class='ocrx_word' id='word_1_7' title='bbox 208 389 442 444; x_wconf 71' lang='lat' dir='ltr'>menta,</span> <span class='ocrx_word' id='word_1_8' title='bbox 498 398 564 434; x_wconf 84' lang='lat' dir='ltr'>ac</span> <span class='ocrx_word' id='word_1_9' title='bbox 598 374 855 431; x_wconf 84' lang='lat' dir='ltr'>vendere</span> <span class='ocrx_word' id='word_1_10' title='bbox 887 374 1077 450; x_wconf 80' lang='lat' dir='ltr'>pretio</span> <span class='ocrx_word' id='word_1_11' title='bbox 1117 375 1496 449; x_wconf 84' lang='lat' dir='ltr'><strong>cogebantur.</strong></span> 
     </span>
    </p>
   </div>
   <div class='ocr_carea' id='block_1_3' title="bbox 1582 376 2063 443">
    <p class='ocr_par' dir='ltr' id='par_1_3' title="bbox 1582 376 2063 443">
     <span class='ocr_line' id='line_1_3' title="bbox 1582 376 2063 443; baseline -0.004 -8"><span class='ocrx_word' id='word_1_12' title='bbox 1582 377 1850 435; x_wconf 82' lang='lat' dir='ltr'>devortia</span> <span class='ocrx_word' id='word_1_13' title='bbox 1883 376 2063 443; x_wconf 71' lang='lat' dir='ltr'>itine-</span> 
     </span>
    </p>
   </div>
   <div class='ocr_carea' id='block_1_4' title="bbox 205 459 2062 712">
    <p class='ocr_par' dir='ltr' id='par_1_4' title="bbox 205 459 2062 712">
     <span class='ocr_line' id='line_1_4' title="bbox 206 459 2062 537; baseline 0 -15"><span class='ocrx_word' id='word_1_14' title='bbox 206 485 342 522; x_wconf 86' lang='lat' dir='ltr'>rum</span> <span class='ocrx_word' id='word_1_15' title='bbox 373 475 429 521; x_wconf 85' lang='lat' dir='ltr'>et</span> <span class='ocrx_word' id='word_1_16' title='bbox 452 459 856 537; x_wconf 83' lang='lat' dir='ltr'>longinquitas</span> <span class='ocrx_word' id='word_1_17' title='bbox 888 459 1200 534; x_wconf 86' lang='lat' dir='ltr'>regionum</span> <span class='ocrx_word' id='word_1_18' title='bbox 1236 460 1642 532; x_wconf 82' lang='lat' dir='ltr'>indicebatur,</span> <span class='ocrx_word' id='word_1_19' title='bbox 1694 474 1763 520; x_wconf 87' lang='lat' dir='ltr'>ut</span> <span class='ocrx_word' id='word_1_20' title='bbox 1797 463 2062 522; x_wconf 85' lang='lat' dir='ltr'>civitates</span> 
     </span>
     <span class='ocr_line' id='line_1_5' title="bbox 205 541 2062 625; baseline -0.001 -18"><span class='ocrx_word' id='word_1_21' title='bbox 205 570 240 607; x_wconf 84' lang='lat' dir='ltr'>a</span> <span class='ocrx_word' id='word_1_22' title='bbox 275 547 558 625; x_wconf 71' lang='lat' dir='ltr'>proximis</span> <span class='ocrx_word' id='word_1_23' title='bbox 595 541 866 602; x_wconf 89' lang='lat' dir='ltr'>hibernis</span> <span class='ocrx_word' id='word_1_24' title='bbox 899 545 965 600; x_wconf 89' lang='lat' dir='ltr'>in</span> <span class='ocrx_word' id='word_1_25' title='bbox 1000 556 1223 602; x_wconf 84' lang='lat' dir='ltr'>remota</span> <span class='ocrx_word' id='word_1_26' title='bbox 1252 557 1309 603; x_wconf 85' lang='lat' dir='ltr'>et</span> <span class='ocrx_word' id='word_1_27' title='bbox 1333 546 1463 602; x_wconf 85' lang='lat' dir='ltr'>avia</span> <span class='ocrx_word' id='word_1_28' title='bbox 1490 548 1814 617; x_wconf 83' lang='lat' dir='ltr'>deferrent,</span> <span class='ocrx_word' id='word_1_29' title='bbox 1855 549 2062 620; x_wconf 87' lang='lat' dir='ltr'>donec,</span> 
     </span>
     <span class='ocr_line' id='line_1_6' title="bbox 205 623 2062 712; baseline 0 -20"><span class='ocrx_word' id='word_1_30' title='bbox 205 635 368 712; x_wconf 91' lang='lat' dir='ltr'>quod</span> <span class='ocrx_word' id='word_1_31' title='bbox 433 632 713 690; x_wconf 90' lang='lat' dir='ltr'>omnibus</span> <span class='ocrx_word' id='word_1_32' title='bbox 779 630 844 686; x_wconf 90' lang='lat' dir='ltr'>in</span> <span class='ocrx_word' id='word_1_33' title='bbox 905 643 1187 707; x_wconf 85' lang='lat' dir='ltr'>promptu</span> <span class='ocrx_word' id='word_1_34' title='bbox 1259 623 1410 701; x_wconf 52' lang='lat' dir='ltr'>erat}</span> <span class='ocrx_word' id='word_1_35' title='bbox 1492 632 1694 708; x_wconf 90' lang='lat' dir='ltr'>paucis</span> <span class='ocrx_word' id='word_1_36' title='bbox 1760 632 2062 692; x_wconf 88' lang='lat' dir='ltr'>lucrosum</span> 
     </span>
    </p>
   </div>
   <div class='ocr_carea' id='block_1_5' title="bbox 206 720 390 778">
    <p class='ocr_par' dir='ltr' id='par_1_5' title="bbox 206 720 390 778">
     <span class='ocr_line' id='line_1_7' title="bbox 206 720 390 778; baseline 0.005 -1"><span class='ocrx_word' id='word_1_37' title='bbox 206 720 390 778; x_wconf 85' lang='lat' dir='ltr'>fieret.</span> 
     </span>
    </p>
   </div>
   <div class='ocr_carea' id='block_1_6' title="bbox 207 825 2065 1076">
    <p class='ocr_par' dir='ltr' id='par_1_6' title="bbox 207 825 2065 1076">
     <span class='ocr_line' id='line_1_8' title="bbox 377 825 2063 906; baseline 0.002 -20"><span class='ocrx_word' id='word_1_38' title='bbox 377 826 512 889; x_wconf 89' lang='lat' dir='ltr'>XX.</span> <span class='ocrx_word' id='word_1_39' title='bbox 556 825 719 885; x_wconf 85' lang='lat' dir='ltr'>Haec</span> <span class='ocrx_word' id='word_1_40' title='bbox 754 827 948 902; x_wconf 84' lang='lat' dir='ltr'>primo</span> <span class='ocrx_word' id='word_1_41' title='bbox 989 825 1186 884; x_wconf 84' lang='lat' dir='ltr'>statim</span> <span class='ocrx_word' id='word_1_42' title='bbox 1224 845 1383 884; x_wconf 84' lang='lat' dir='ltr'>anno</span> <span class='ocrx_word' id='word_1_43' title='bbox 1425 827 1870 904; x_wconf 86' lang='lat' dir='ltr'>comprimendo</span> <span class='ocrx_word' id='word_1_44' title='bbox 1898 851 2063 906; x_wconf 84' lang='lat' dir='ltr'>egre-</span> 
     </span>
     <span class='ocr_line' id='line_1_9' title="bbox 207 912 2065 991; baseline 0.001 -19"><span class='ocrx_word' id='word_1_45' title='bbox 207 916 363 991; x_wconf 85' lang='lat' dir='ltr'>giam</span> <span class='ocrx_word' id='word_1_46' title='bbox 390 916 608 971; x_wconf 85' lang='lat' dir='ltr'>famam</span> <span class='ocrx_word' id='word_1_47' title='bbox 636 913 769 988; x_wconf 87' lang='lat' dir='ltr'>paci</span> <span class='ocrx_word' id='word_1_48' title='bbox 791 912 1207 982; x_wconf 85' lang='lat' dir='ltr'><strong>circumdedit,</strong></span> <span class='ocrx_word' id='word_1_49' title='bbox 1252 932 1403 989; x_wconf 84' lang='lat' dir='ltr'>quae</span> <span class='ocrx_word' id='word_1_50' title='bbox 1434 914 1530 970; x_wconf 83' lang='lat' dir='ltr'>vel</span> <span class='ocrx_word' id='word_1_51' title='bbox 1565 914 1795 973; x_wconf 83' lang='lat' dir='ltr'>incuria</span> <span class='ocrx_word' id='word_1_52' title='bbox 1832 917 1931 973; x_wconf 82' lang='lat' dir='ltr'>vel</span> <span class='ocrx_word' id='word_1_53' title='bbox 1966 918 2065 974; x_wconf 89' lang='lat' dir='ltr'>in-</span> 
     </span>
     <span class='ocr_line' id='line_1_10' title="bbox 207 994 2062 1076; baseline 0.001 -15"><span class='ocrx_word' id='word_1_54' title='bbox 207 1000 522 1061; x_wconf 80' lang='lat' dir='ltr'><strong>tolerantia</strong></span> <span class='ocrx_word' id='word_1_55' title='bbox 547 999 817 1075; x_wconf 84' lang='lat' dir='ltr'>priorum</span> <span class='ocrx_word' id='word_1_56' title='bbox 842 994 1002 1055; x_wconf 80' lang='lat' dir='ltr'>haud</span> <span class='ocrx_word' id='word_1_57' title='bbox 1030 997 1229 1055; x_wconf 89' lang='lat' dir='ltr'>minus</span> <span class='ocrx_word' id='word_1_58' title='bbox 1259 1016 1437 1076; x_wconf 83' lang='lat' dir='ltr'>quam</span> <span class='ocrx_word' id='word_1_59' title='bbox 1463 999 1689 1058; x_wconf 88' lang='lat' dir='ltr'>bellum</span> <span class='ocrx_word' id='word_1_60' title='bbox 1723 1001 2062 1064; x_wconf 82' lang='lat' dir='ltr'>timebatur.</span> 
     </span>
    </p>
   </div>
   <div class='ocr_carea' id='block_1_7' title="bbox 201 1219 1102 1741">
    <p class='ocr_par' dir='ltr' id='par_1_7' title="bbox 201 1219 1102 1741">
     <span class='ocr_line' id='line_1_11' title="bbox 208 1219 1099 1283; baseline -0.007 -13"><span class='ocrx_word' id='word_1_61' title='bbox 208 1225 304 1283; x_wconf 77' lang='lat' dir='ltr'>tus)</span> <span class='ocrx_word' id='word_1_62' title='bbox 336 1237 520 1279; x_wconf 78' lang='lat' dir='ltr'>semper</span> <span class='ocrx_word' id='word_1_63' title='bbox 548 1223 596 1267; x_wconf 85' lang='lat' dir='ltr'>in</span> <span class='ocrx_word' id='word_1_64' title='bbox 628 1222 798 1265; x_wconf 81' lang='lat' dir='ltr'>ultima</span> <span class='ocrx_word' id='word_1_65' title='bbox 827 1237 883 1265; x_wconf 83' lang='lat' dir='ltr'>ac</span> <span class='ocrx_word' id='word_1_66' title='bbox 917 1219 1099 1279; x_wconf 62' lang='lat' dir='ltr'>difficil-</span> 
     </span>
     <span class='ocr_line' id='line_1_12' title="bbox 205 1280 1102 1337; baseline -0.008 -9"><span class='ocrx_word' id='word_1_67' title='bbox 205 1286 324 1328; x_wconf 82' lang='lat' dir='ltr'>lima</span> <span class='ocrx_word' id='word_1_68' title='bbox 361 1283 718 1335; x_wconf 72' lang='lat' dir='ltr'>uapor-eandum</span> <span class='ocrx_word' id='word_1_69' title='bbox 747 1283 852 1323; x_wconf 83' lang='lat' dir='ltr'>loca</span> <span class='ocrx_word' id='word_1_70' title='bbox 871 1280 1102 1337; x_wconf 84' lang='lat' dir='ltr'>frumen-</span> 
     </span>
     <span class='ocr_line' id='line_1_13' title="bbox 205 1336 1100 1394; baseline -0.007 -10"><span class='ocrx_word' id='word_1_71' title='bbox 205 1348 311 1384; x_wconf 75' lang='lat' dir='ltr'>tum</span> <span class='ocrx_word' id='word_1_72' title='bbox 342 1341 601 1394; x_wconf 80' lang='lat' dir='ltr'>imperare,</span> <span class='ocrx_word' id='word_1_73' title='bbox 640 1346 692 1381; x_wconf 81' lang='lat' dir='ltr'>at</span> <span class='ocrx_word' id='word_1_74' title='bbox 723 1346 939 1390; x_wconf 60' lang='lat' dir='ltr'>vecturae</span> <span class='ocrx_word' id='word_1_75' title='bbox 971 1336 1100 1394; x_wconf 68' lang='lat' dir='ltr'>disfi-</span> 
     </span>
     <span class='ocr_line' id='line_1_14' title="bbox 203 1397 1102 1451; baseline -0.008 -8"><span class='ocrx_word' id='word_1_76' title='bbox 203 1402 378 1443; x_wconf 76' lang='lat' dir='ltr'>calcate</span> <span class='ocrx_word' id='word_1_77' title='bbox 401 1400 465 1439; x_wconf 83' lang='lat' dir='ltr'>ad</span> <span class='ocrx_word' id='word_1_78' title='bbox 486 1410 631 1451; x_wconf 83' lang='lat' dir='ltr'>quam</span> <span class='ocrx_word' id='word_1_79' title='bbox 663 1397 837 1438; x_wconf 77' lang='lat' dir='ltr'>vellent</span> <span class='ocrx_word' id='word_1_80' title='bbox 869 1397 1102 1438; x_wconf 82' lang='lat' dir='ltr'>aestima-</span> 
     </span>
     <span class='ocr_line' id='line_1_15' title="bbox 205 1451 1101 1507; baseline -0.008 -6"><span class='ocrx_word' id='word_1_81' title='bbox 205 1457 386 1501; x_wconf 72' lang='lat' dir='ltr'>tionem</span> <span class='ocrx_word' id='word_1_82' title='bbox 415 1455 725 1507; x_wconf 77' lang='lat' dir='ltr'>pervenirent.</span> <span class='ocrx_word' id='word_1_83' title='bbox 786 1451 992 1496; x_wconf 73' lang='lat' dir='ltr'>Aliorum</span> <span class='ocrx_word' id='word_1_84' title='bbox 1025 1452 1101 1497; x_wconf 85' lang='lat' dir='ltr'>in-</span> 
     </span>
     <span class='ocr_line' id='line_1_16' title="bbox 205 1507 1100 1572; baseline -0.008 -14"><span class='ocrx_word' id='word_1_85' title='bbox 205 1520 466 1572; x_wconf 84' lang='lat' dir='ltr'>terpretum</span> <span class='ocrx_word' id='word_1_86' title='bbox 521 1518 779 1554; x_wconf 88' lang='lat' dir='ltr'>commenta</span> <span class='ocrx_word' id='word_1_87' title='bbox 832 1510 867 1552; x_wconf 91' lang='lat' dir='ltr'>si</span> <span class='ocrx_word' id='word_1_88' title='bbox 921 1507 1100 1552; x_wconf 80' lang='lat' dir='ltr'>deside-</span> 
     </span>
     <span class='ocr_line' id='line_1_17' title="bbox 201 1561 1099 1627; baseline -0.006 -11"><span class='ocrx_word' id='word_1_89' title='bbox 201 1587 275 1616; x_wconf 80' lang='lat' dir='ltr'>ras</span> <span class='ocrx_word' id='word_1_90' title='bbox 308 1583 608 1627; x_wconf 82' lang='lat' dir='ltr'>cognoscere,</span> <span class='ocrx_word' id='word_1_91' title='bbox 642 1567 773 1611; x_wconf 85' lang='lat' dir='ltr'>adeas</span> <span class='ocrx_word' id='word_1_92' title='bbox 805 1561 1099 1611; x_wconf 82' lang='lat' dir='ltr'>Waichium.</span> 
     </span>
     <span class='ocr_line' id='line_1_18' title="bbox 202 1622 1098 1674; baseline -0.007 0"><span class='ocrx_word' id='word_1_93' title='bbox 202 1630 298 1674; x_wconf 92' lang='lat' dir='ltr'>Pro</span> <span class='ocrx_word' id='word_1_94' title='bbox 334 1626 589 1669; x_wconf 82' lang='lat' dir='ltr'>ludibrium</span> <span class='ocrx_word' id='word_1_95' title='bbox 621 1624 669 1668; x_wconf 90' lang='lat' dir='ltr'>in</span> <span class='ocrx_word' id='word_1_96' title='bbox 704 1625 776 1668; x_wconf 88' lang='lat' dir='ltr'>ed.</span> <span class='ocrx_word' id='word_1_97' title='bbox 811 1623 915 1667; x_wconf 86' lang='lat' dir='ltr'>Put.</span> <span class='ocrx_word' id='word_1_98' title='bbox 938 1622 1098 1668; x_wconf 87' lang='lat' dir='ltr'>Venet.</span> 
     </span>
     <span class='ocr_line' id='line_1_19' title="bbox 204 1683 1099 1741; baseline -0.008 -10"><span class='ocrx_word' id='word_1_99' title='bbox 204 1696 273 1732; x_wconf 88' lang='lat' dir='ltr'>est</span> <span class='ocrx_word' id='word_1_100' title='bbox 295 1686 594 1728; x_wconf 83' lang='lat' dir='ltr'>ludibrum—</span> <span class='ocrx_word' id='word_1_101' title='bbox 610 1699 697 1741; x_wconf 87' lang='lat' dir='ltr'>pro</span> <span class='ocrx_word' id='word_1_102' title='bbox 724 1685 925 1724; x_wconf 82' lang='lat' dir='ltr'>vendere</span> <span class='ocrx_word' id='word_1_103' title='bbox 941 1683 1099 1735; x_wconf 79' lang='lat' dir='ltr'>pretio</span> 
     </span>
    </p>
   </div>
   <div class='ocr_carea' id='block_1_8' title="bbox 202 1739 1164 1794">
    <p class='ocr_par' dir='ltr' id='par_1_8' title="bbox 202 1739 1164 1794">
     <span class='ocr_line' id='line_1_20' title="bbox 202 1739 1164 1794; baseline -0.01 -5"><span class='ocrx_word' id='word_1_104' title='bbox 202 1745 255 1789; x_wconf 82' lang='lat' dir='ltr'>in</span> <span class='ocrx_word' id='word_1_105' title='bbox 292 1742 397 1787; x_wconf 87' lang='lat' dir='ltr'>MS.</span> <span class='ocrx_word' id='word_1_106' title='bbox 433 1739 534 1784; x_wconf 83' lang='lat' dir='ltr'>Vat.</span> <span class='ocrx_word' id='word_1_107' title='bbox 565 1740 694 1786; x_wconf 73' lang='lat'>3429.</span> <span class='ocrx_word' id='word_1_108' title='bbox 737 1743 899 1782; x_wconf 79' lang='lat' dir='ltr'>ludere</span> <span class='ocrx_word' id='word_1_109' title='bbox 941 1740 1100 1794; x_wconf 81' lang='lat' dir='ltr'>pretio</span> <span class='ocrx_word' id='word_1_110' title='bbox 1161 1744 1164 1747; x_wconf 77' lang='grc'><strong>“</strong></span> 
     </span>
    </p>
   </div>
   <div class='ocr_carea' id='block_1_9' title="bbox 197 1797 1103 2433">
    <p class='ocr_par' dir='ltr' id='par_1_9' title="bbox 197 1797 1103 2433">
     <span class='ocr_line' id='line_1_21' title="bbox 201 1797 1103 1861; baseline -0.011 -13"><span class='ocrx_word' id='word_1_111' title='bbox 201 1801 423 1861; x_wconf 80' lang='lat' dir='ltr'>scriptum</span> <span class='ocrx_word' id='word_1_112' title='bbox 462 1815 556 1843; x_wconf 84' lang='lat' dir='ltr'>esse</span> <span class='ocrx_word' id='word_1_113' title='bbox 591 1806 812 1842; x_wconf 80' lang='lat' dir='ltr'>testantur</span> <span class='ocrx_word' id='word_1_114' title='bbox 843 1797 1020 1840; x_wconf 83' lang='lat' dir='ltr'>Broter.</span> <span class='ocrx_word' id='word_1_115' title='bbox 1059 1804 1103 1840; x_wconf 87' lang='lat' dir='ltr'>et</span> 
     </span>
     <span class='ocr_line' id='line_1_22' title="bbox 197 1855 1103 1905; baseline -0.009 0"><span class='ocrx_word' id='word_1_116' title='bbox 197 1858 382 1905; x_wconf 81' lang='lat' dir='ltr'>Dronk.</span> <span class='ocrx_word' id='word_1_117' title='bbox 446 1855 734 1901; x_wconf 83' lang='lat' dir='ltr'>coniecturis</span> <span class='ocrx_word' id='word_1_118' title='bbox 769 1862 999 1898; x_wconf 85' lang='lat' dir='ltr'>tentarunt</span> <span class='ocrx_word' id='word_1_119' title='bbox 1031 1855 1103 1897; x_wconf 91' lang='grc' dir='ltr'>Ιο-</span> 
     </span>
     <span class='ocr_line' id='line_1_23' title="bbox 205 1915 1102 1968; baseline -0.014 -7"><span class='ocrx_word' id='word_1_120' title='bbox 205 1934 313 1966; x_wconf 67' lang='lat' dir='ltr'>cum</span> <span class='ocrx_word' id='word_1_121' title='bbox 335 1930 490 1960; x_wconf 87' lang='lat' dir='ltr'>sanare</span> <span class='ocrx_word' id='word_1_122' title='bbox 513 1915 743 1957; x_wconf 81' lang='lat' dir='ltr'>Muretus:</span> <span class='ocrx_word' id='word_1_123' title='bbox 768 1917 978 1968; x_wconf 83' lang='lat' dir='ltr'>pendere</span> <span class='ocrx_word' id='word_1_124' title='bbox 993 1926 1102 1964; x_wconf 81' lang='lat' dir='ltr'>pre.</span> 
     </span>
     <span class='ocr_line' id='line_1_24' title="bbox 204 1968 1101 2030; baseline -0.01 -10"><span class='ocrx_word' id='word_1_125' title='bbox 204 1979 346 2026; x_wconf 79' lang='lat' dir='ltr'>tium,</span> <span class='ocrx_word' id='word_1_126' title='bbox 378 1971 501 2030; x_wconf 91' lang='lat' dir='ltr'>quod</span> <span class='ocrx_word' id='word_1_127' title='bbox 526 1970 751 2015; x_wconf 89' lang='lat' dir='ltr'>Acidalius</span> <span class='ocrx_word' id='word_1_128' title='bbox 774 1970 963 2029; x_wconf 80' lang='lat' dir='ltr'>probat3</span> <span class='ocrx_word' id='word_1_129' title='bbox 994 1968 1101 2011; x_wconf 78' lang='lat' dir='ltr'>Vir-</span> 
     </span>
     <span class='ocr_line' id='line_1_25' title="bbox 203 2026 1100 2090; baseline -0.009 -12"><span class='ocrx_word' id='word_1_130' title='bbox 203 2035 406 2090; x_wconf 83' lang='lat' dir='ltr'>dungus:</span> <span class='ocrx_word' id='word_1_131' title='bbox 447 2032 649 2071; x_wconf 86' lang='lat' dir='ltr'>vendere</span> <span class='ocrx_word' id='word_1_132' title='bbox 675 2030 904 2084; x_wconf 76' lang='lat' dir='ltr'>praedia3</span> <span class='ocrx_word' id='word_1_133' title='bbox 953 2026 987 2069; x_wconf 88' lang='lat' dir='ltr'>l.</span> <span class='ocrx_word' id='word_1_134' title='bbox 1026 2026 1100 2070; x_wconf 88' lang='lat' dir='ltr'>Fr.</span> 
     </span>
     <span class='ocr_line' id='line_1_26' title="bbox 204 2083 1101 2142; baseline -0.012 -6"><span class='ocrx_word' id='word_1_135' title='bbox 204 2092 445 2136; x_wconf 87' lang='lat' dir='ltr'>Gronov.:</span> <span class='ocrx_word' id='word_1_136' title='bbox 470 2089 670 2129; x_wconf 81' lang='lat' dir='ltr'>vendere</span> <span class='ocrx_word' id='word_1_137' title='bbox 686 2100 864 2141; x_wconf 84' lang='lat' dir='ltr'>parvo,</span> <span class='ocrx_word' id='word_1_138' title='bbox 885 2083 1007 2142; x_wconf 92' lang='lat' dir='ltr'>quod</span> <span class='ocrx_word' id='word_1_139' title='bbox 1024 2083 1101 2126; x_wconf 88' lang='lat' dir='ltr'>La·</span> 
     </span>
     <span class='ocr_line' id='line_1_27' title="bbox 202 2142 1102 2206; baseline -0.012 -11"><span class='ocrx_word' id='word_1_140' title='bbox 202 2148 357 2195; x_wconf 80' lang='lat' dir='ltr'>mallio</span> <span class='ocrx_word' id='word_1_141' title='bbox 381 2144 563 2206; x_wconf 85' lang='lat' dir='ltr'>placuit.</span> <span class='ocrx_word' id='word_1_142' title='bbox 607 2142 711 2187; x_wconf 90' lang='lat' dir='ltr'>Non</span> <span class='ocrx_word' id='word_1_143' title='bbox 734 2158 871 2202; x_wconf 87' lang='lat' dir='ltr'>opus;</span> <span class='ocrx_word' id='word_1_144' title='bbox 906 2144 1102 2184; x_wconf 79' lang='lat' dir='ltr'>vendere</span> 
     </span>
     <span class='ocr_line' id='line_1_28' title="bbox 197 2199 1100 2266; baseline -0.008 -17"><span class='ocrx_word' id='word_1_145' title='bbox 197 2206 372 2266; x_wconf 80' lang='lat' dir='ltr'>preti0,</span> <span class='ocrx_word' id='word_1_146' title='bbox 426 2217 490 2246; x_wconf 88' lang='lat' dir='ltr'>sc.</span> <span class='ocrx_word' id='word_1_147' title='bbox 526 2217 580 2244; x_wconf 88' lang='lat' dir='ltr'>eo</span> <span class='ocrx_word' id='word_1_148' title='bbox 616 2201 786 2260; x_wconf 85' lang='lat' dir='ltr'>pretio,</span> <span class='ocrx_word' id='word_1_149' title='bbox 838 2199 961 2257; x_wconf 90' lang='lat' dir='ltr'>quod</span> <span class='ocrx_word' id='word_1_150' title='bbox 1005 2207 1100 2242; x_wconf 87' lang='lat' dir='ltr'>erat</span> 
     </span>
     <span class='ocr_line' id='line_1_29' title="bbox 202 2256 1100 2311; baseline -0.014 -1"><span class='ocrx_word' id='word_1_151' title='bbox 202 2263 486 2310; x_wconf 71' lang='lat' dir='ltr'>aestimatum</span> <span class='ocrx_word' id='word_1_152' title='bbox 510 2292 524 2311; x_wconf 89' lang='lat'>,</span> <span class='ocrx_word' id='word_1_153' title='bbox 589 2267 802 2303; x_wconf 80' lang='lat' dir='ltr'>statutum</span> <span class='ocrx_word' id='word_1_154' title='bbox 861 2256 1100 2300; x_wconf 76' lang='lat' dir='ltr'>frumentis</span> 
     </span>
     <span class='ocr_line' id='line_1_30' title="bbox 199 2313 1096 2381; baseline -0.012 -15"><span class='ocrx_word' id='word_1_155' title='bbox 199 2319 446 2381; x_wconf 85' lang='lat' dir='ltr'>imperatis.</span> <span class='ocrx_word' id='word_1_156' title='bbox 507 2316 566 2360; x_wconf 84' lang='lat' dir='ltr'>cf.</span> <span class='ocrx_word' id='word_1_157' title='bbox 601 2325 696 2360; x_wconf 86' lang='lat' dir='ltr'>not.</span> <span class='ocrx_word' id='word_1_158' title='bbox 731 2315 786 2358; x_wconf 90' lang='lat' dir='ltr'>ad</span> <span class='ocrx_word' id='word_1_159' title='bbox 821 2331 862 2359; x_wconf 88' lang='lat' dir='ltr'>c.</span> <span class='ocrx_word' id='word_1_160' title='bbox 903 2315 972 2357; x_wconf 82' lang='lat'>11.</span> <span class='ocrx_word' id='word_1_161' title='bbox 1014 2313 1096 2356; x_wconf 87' lang='lat' dir='ltr'>sub</span> 
     </span>
     <span class='ocr_line' id='line_1_31' title="bbox 199 2372 984 2433; baseline -0.01 -9"><span class='ocrx_word' id='word_1_162' title='bbox 199 2396 274 2429; x_wconf 80' lang='lat' dir='ltr'>vv.</span> <span class='ocrx_word' id='word_1_163' title='bbox 296 2376 567 2433; x_wconf 73' lang='lat' dir='ltr'>corporibus</span> <span class='ocrx_word' id='word_1_164' title='bbox 594 2375 805 2417; x_wconf 78' lang='lat' dir='ltr'>habitum</span> <span class='ocrx_word' id='word_1_165' title='bbox 837 2372 984 2416; x_wconf 80' lang='lat' dir='ltr'>dedit.</span> 
     </span>
    </p>
   </div>
   <div class='ocr_carea' id='block_1_10' title="bbox 196 2453 1098 3144">
    <p class='ocr_par' dir='ltr' id='par_1_10' title="bbox 196 2453 1098 3144">
     <span class='ocr_line' id='line_1_32' title="bbox 261 2453 1096 2507; baseline -0.013 0"><span class='ocrx_word' id='word_1_166' title='bbox 261 2463 472 2507; x_wconf 79' lang='lat' dir='ltr'>devortia</span> <span class='ocrx_word' id='word_1_167' title='bbox 527 2459 771 2504; x_wconf 85' lang='lat' dir='ltr'>itinerum.</span> <span class='ocrx_word' id='word_1_168' title='bbox 860 2453 937 2500; x_wconf 91' lang='lat' dir='ltr'>Sic</span> <span class='ocrx_word' id='word_1_169' title='bbox 994 2453 1096 2497; x_wconf 89' lang='lat' dir='ltr'>edd.</span> 
     </span>
     <span class='ocr_line' id='line_1_33' title="bbox 198 2510 1098 2580; baseline -0.012 -14"><span class='ocrx_word' id='word_1_170' title='bbox 198 2522 320 2580; x_wconf 85' lang='lat' dir='ltr'>Lips.</span> <span class='ocrx_word' id='word_1_171' title='bbox 347 2516 456 2577; x_wconf 53' lang='lat' dir='ltr'>sqq:</span> <span class='ocrx_word' id='word_1_172' title='bbox 496 2546 554 2554; x_wconf 90' lang='lat'>—</span> <span class='ocrx_word' id='word_1_173' title='bbox 619 2514 825 2558; x_wconf 80' lang='lat' dir='ltr'>divortia</span> <span class='ocrx_word' id='word_1_174' title='bbox 850 2514 961 2563; x_wconf 85' lang='lat' dir='ltr'>MS.</span> <span class='ocrx_word' id='word_1_175' title='bbox 997 2510 1098 2555; x_wconf 76' lang='lat' dir='ltr'>Vat.</span> 
     </span>
     <span class='ocr_line' id='line_1_34' title="bbox 199 2570 1096 2631; baseline -0.017 -6"><span class='ocrx_word' id='word_1_176' title='bbox 199 2571 335 2626; x_wconf 53' lang='lat' dir='ltr'><strong>3429ss</strong></span> <span class='ocrx_word' id='word_1_177' title='bbox 364 2575 465 2619; x_wconf 85' lang='lat' dir='ltr'>edd.</span> <span class='ocrx_word' id='word_1_178' title='bbox 491 2575 594 2618; x_wconf 84' lang='lat' dir='ltr'>Put.</span> <span class='ocrx_word' id='word_1_179' title='bbox 625 2589 694 2631; x_wconf 88' lang='lat' dir='ltr'>pr.</span> <span class='ocrx_word' id='word_1_180' title='bbox 722 2571 851 2615; x_wconf 84' lang='lat' dir='ltr'>Med.</span> <span class='ocrx_word' id='word_1_181' title='bbox 876 2570 991 2614; x_wconf 90' lang='lat' dir='ltr'>Ven.</span> <span class='ocrx_word' id='word_1_182' title='bbox 1015 2570 1096 2611; x_wconf 90' lang='lat' dir='ltr'>Be-</span> 
     </span>
     <span class='ocr_line' id='line_1_35' title="bbox 201 2629 1098 2685; baseline -0.013 -4"><span class='ocrx_word' id='word_1_183' title='bbox 201 2636 350 2681; x_wconf 84' lang='lat' dir='ltr'>roald.</span> <span class='ocrx_word' id='word_1_184' title='bbox 390 2632 494 2678; x_wconf 91' lang='lat' dir='ltr'>Alc.</span> <span class='ocrx_word' id='word_1_185' title='bbox 535 2632 680 2675; x_wconf 77' lang='lat' dir='ltr'>Rhen.</span> <span class='ocrx_word' id='word_1_186' title='bbox 714 2629 817 2674; x_wconf 85' lang='lat' dir='ltr'>Ald.</span> <span class='ocrx_word' id='word_1_187' title='bbox 863 2637 906 2671; x_wconf 87' lang='lat' dir='ltr'>et</span> <span class='ocrx_word' id='word_1_188' title='bbox 952 2631 1098 2685; x_wconf 85' lang='lat' dir='ltr'>nuper</span> 
     </span>
     <span class='ocr_line' id='line_1_36' title="bbox 200 2687 1096 2740; baseline -0.013 -2"><span class='ocrx_word' id='word_1_189' title='bbox 200 2692 384 2740; x_wconf 69' lang='lat' dir='ltr'>Hertel„</span> <span class='ocrx_word' id='word_1_190' title='bbox 415 2692 488 2735; x_wconf 89' lang='lat' dir='ltr'>cui</span> <span class='ocrx_word' id='word_1_191' title='bbox 512 2688 676 2733; x_wconf 83' lang='lat' dir='ltr'>fortius</span> <span class='ocrx_word' id='word_1_192' title='bbox 698 2688 786 2732; x_wconf 90' lang='lat' dir='ltr'>hoc</span> <span class='ocrx_word' id='word_1_193' title='bbox 808 2687 980 2730; x_wconf 87' lang='lat' dir='ltr'>videtur</span> <span class='ocrx_word' id='word_1_194' title='bbox 1002 2700 1096 2728; x_wconf 85' lang='lat' dir='ltr'>me-</span> 
     </span>
     <span class='ocr_line' id='line_1_37' title="bbox 198 2745 1097 2797; baseline -0.013 -1"><span class='ocrx_word' id='word_1_195' title='bbox 198 2753 304 2797; x_wconf 85' lang='lat' dir='ltr'>lius.</span> <span class='ocrx_word' id='word_1_196' title='bbox 364 2745 771 2792; x_wconf 82' lang='lat' dir='ltr'>Sed&#39;derivandum</span> <span class='ocrx_word' id='word_1_197' title='bbox 796 2752 858 2787; x_wconf 90' lang='lat' dir='ltr'>est</span> <span class='ocrx_word' id='word_1_198' title='bbox 883 2761 907 2787; x_wconf 90' lang='lat' dir='ltr'>a</span> <span class='ocrx_word' id='word_1_199' title='bbox 930 2747 1097 2786; x_wconf 81' lang='lat' dir='ltr'>dever-</span> 
     </span>
     <span class='ocr_line' id='line_1_38' title="bbox 201 2802 1098 2854; baseline -0.014 1"><span class='ocrx_word' id='word_1_200' title='bbox 201 2818 305 2854; x_wconf 83' lang='lat' dir='ltr'>tere</span> <span class='ocrx_word' id='word_1_201' title='bbox 332 2806 375 2850; x_wconf 86' lang='lat' dir='ltr'>h.</span> <span class='ocrx_word' id='word_1_202' title='bbox 402 2823 439 2848; x_wconf 84' lang='lat' dir='ltr'>e.</span> <span class='ocrx_word' id='word_1_203' title='bbox 461 2823 484 2849; x_wconf 90' lang='lat' dir='ltr'>a</span> <span class='ocrx_word' id='word_1_204' title='bbox 510 2805 584 2850; x_wconf 71' lang='lat' dir='ltr'>via</span> <span class='ocrx_word' id='word_1_205' title='bbox 609 2803 835 2847; x_wconf 87' lang='lat' dir='ltr'>ordinaria</span> <span class='ocrx_word' id='word_1_206' title='bbox 862 2802 1098 2845; x_wconf 84' lang='lat' dir='ltr'>deflectere</span> 
     </span>
     <span class='ocr_line' id='line_1_39' title="bbox 201 2858 1098 2924; baseline -0.012 -13"><span class='ocrx_word' id='word_1_207' title='bbox 201 2868 288 2924; x_wconf 86' lang='lat' dir='ltr'>(sic</span> <span class='ocrx_word' id='word_1_208' title='bbox 318 2863 549 2907; x_wconf 84' lang='lat' dir='ltr'>Drakenb.</span> <span class='ocrx_word' id='word_1_209' title='bbox 590 2861 645 2905; x_wconf 93' lang='lat' dir='ltr'>ad</span> <span class='ocrx_word' id='word_1_210' title='bbox 679 2862 775 2905; x_wconf 80' lang='lat' dir='ltr'>Liv.</span> <span class='ocrx_word' id='word_1_211' title='bbox 814 2862 852 2912; x_wconf 91' lang='lat' dir='ltr'>l,</span> <span class='ocrx_word' id='word_1_212' title='bbox 887 2858 999 2914; x_wconf 87' lang='lat'>51.)‚</span> <span class='ocrx_word' id='word_1_213' title='bbox 1049 2867 1098 2901; x_wconf 90' lang='lat' dir='ltr'>ut</span> 
     </span>
     <span class='ocr_line' id='line_1_40' title="bbox 196 2915 1094 2975; baseline -0.013 -7"><span class='ocrx_word' id='word_1_214' title='bbox 196 2926 294 2971; x_wconf 84' lang='lat' dir='ltr'>Au.</span> <span class='ocrx_word' id='word_1_215' title='bbox 315 2920 465 2970; x_wconf 75' lang='lat'>13,25.</span> <span class='ocrx_word' id='word_1_216' title='bbox 493 2921 792 2962; x_wconf 79' lang='lat' dir='ltr'>deuerticula.</span> <span class='ocrx_word' id='word_1_217' title='bbox 842 2917 920 2975; x_wconf 86' lang='lat' dir='ltr'>[cf.</span> <span class='ocrx_word' id='word_1_218' title='bbox 940 2915 1094 2959; x_wconf 85' lang='lat' dir='ltr'>Ruhn-</span> 
     </span>
     <span class='ocr_line' id='line_1_41' title="bbox 201 2973 1094 3033; baseline -0.015 -6"><span class='ocrx_word' id='word_1_219' title='bbox 201 2981 306 3027; x_wconf 77' lang='lat' dir='ltr'>ken.</span> <span class='ocrx_word' id='word_1_220' title='bbox 345 2978 452 3022; x_wconf 85' lang='lat' dir='ltr'>dict.</span> <span class='ocrx_word' id='word_1_221' title='bbox 481 2977 528 3020; x_wconf 91' lang='lat' dir='ltr'>in</span> <span class='ocrx_word' id='word_1_222' title='bbox 553 2977 739 3019; x_wconf 86' lang='lat' dir='ltr'><strong>Terent.</strong></span> <span class='ocrx_word' id='word_1_223' title='bbox 774 2991 820 3033; x_wconf 91' lang='lat' dir='ltr'>p.</span> <span class='ocrx_word' id='word_1_224' title='bbox 845 2974 941 3018; x_wconf 73' lang='lat'>122.</span> <span class='ocrx_word' id='word_1_225' title='bbox 1002 2973 1094 3015; x_wconf 90' lang='lat' dir='ltr'>Er-</span> 
     </span>
     <span class='ocr_line' id='line_1_42' title="bbox 202 3029 1093 3091; baseline -0.011 -7"><span class='ocrx_word' id='word_1_226' title='bbox 202 3047 322 3084; x_wconf 85' lang='lat' dir='ltr'>nest.</span> <span class='ocrx_word' id='word_1_227' title='bbox 354 3035 486 3080; x_wconf 87' lang='lat' dir='ltr'>Clav.</span> <span class='ocrx_word' id='word_1_228' title='bbox 519 3034 613 3079; x_wconf 88' lang='lat' dir='ltr'>Cic.</span> <span class='ocrx_word' id='word_1_229' title='bbox 645 3049 688 3091; x_wconf 89' lang='lat' dir='ltr'>p.</span> <span class='ocrx_word' id='word_1_230' title='bbox 711 3032 810 3076; x_wconf 73' lang='lat'>382.</span> <span class='ocrx_word' id='word_1_231' title='bbox 871 3031 1002 3075; x_wconf 87' lang='lat' dir='ltr'>Giese</span> <span class='ocrx_word' id='word_1_232' title='bbox 1038 3029 1093 3074; x_wconf 91' lang='lat' dir='ltr'>ad</span> 
     </span>
     <span class='ocr_line' id='line_1_43' title="bbox 203 3091 837 3144; baseline -0.014 -3"><span class='ocrx_word' id='word_1_233' title='bbox 203 3096 300 3141; x_wconf 89' lang='lat' dir='ltr'>Cic.</span> <span class='ocrx_word' id='word_1_234' title='bbox 324 3095 378 3138; x_wconf 86' lang='lat' dir='ltr'>de</span> <span class='ocrx_word' id='word_1_235' title='bbox 403 3091 585 3136; x_wconf 76' lang='lat' dir='ltr'>divinat.</span> <span class='ocrx_word' id='word_1_236' title='bbox 607 3092 640 3139; x_wconf 94' lang='lat'>1,</span> <span class='ocrx_word' id='word_1_237' title='bbox 658 3091 727 3142; x_wconf 75' lang='lat'>27,</span> <span class='ocrx_word' id='word_1_238' title='bbox 750 3091 837 3144; x_wconf 68' lang='lat'>52]</span> 
     </span>
    </p>
   </div>
   <div class='ocr_carea' id='block_1_11' title="bbox 201 3163 1094 3387">
    <p class='ocr_par' dir='ltr' id='par_1_11' title="bbox 201 3163 1094 3387">
     <span class='ocr_line' id='line_1_44' title="bbox 261 3163 1094 3223; baseline -0.008 -12"><span class='ocrx_word' id='word_1_239' title='bbox 261 3184 294 3211; x_wconf 88' lang='lat' dir='ltr'>a</span> <span class='ocrx_word' id='word_1_240' title='bbox 322 3163 557 3223; x_wconf 77' lang='lat' dir='ltr'>proximis</span> <span class='ocrx_word' id='word_1_241' title='bbox 580 3163 793 3205; x_wconf 77' lang='lat' dir='ltr'>hibernis.</span> <span class='ocrx_word' id='word_1_242' title='bbox 853 3180 886 3205; x_wconf 85' lang='lat' dir='ltr'>a</span> <span class='ocrx_word' id='word_1_243' title='bbox 907 3177 1094 3220; x_wconf 85' lang='lat' dir='ltr'>praepo·</span> 
     </span>
     <span class='ocr_line' id='line_1_45' title="bbox 201 3217 1093 3272; baseline -0.011 -1"><span class='ocrx_word' id='word_1_244' title='bbox 201 3226 415 3272; x_wconf 62' lang='lat' dir='ltr'>,itionem</span> <span class='ocrx_word' id='word_1_245' title='bbox 429 3221 529 3265; x_wconf 85' lang='lat' dir='ltr'>MS.</span> <span class='ocrx_word' id='word_1_246' title='bbox 546 3219 686 3263; x_wconf 80' lang='lat' dir='ltr'>Vatie.</span> <span class='ocrx_word' id='word_1_247' title='bbox 699 3220 825 3263; x_wconf 75' lang='lat'>3429.</span> <span class='ocrx_word' id='word_1_248' title='bbox 842 3220 1009 3263; x_wconf 80' lang='lat' dir='ltr'>omisit.</span> <span class='ocrx_word' id='word_1_249' title='bbox 1034 3217 1093 3263; x_wconf 87' lang='lat' dir='ltr'>cf.</span> 
     </span>
     <span class='ocr_line' id='line_1_46' title="bbox 208 3278 1094 3331; baseline -0.011 -3"><span class='ocrx_word' id='word_1_250' title='bbox 208 3292 306 3328; x_wconf 82' lang='lat' dir='ltr'>not.</span> <span class='ocrx_word' id='word_1_251' title='bbox 338 3281 394 3325; x_wconf 89' lang='lat' dir='ltr'>ad</span> <span class='ocrx_word' id='word_1_252' title='bbox 422 3295 460 3323; x_wconf 91' lang='lat' dir='ltr'>c.</span> <span class='ocrx_word' id='word_1_253' title='bbox 486 3278 552 3321; x_wconf 83' lang='lat'>18.</span> <span class='ocrx_word' id='word_1_254' title='bbox 589 3279 670 3320; x_wconf 88' lang='lat' dir='ltr'>sub</span> <span class='ocrx_word' id='word_1_255' title='bbox 703 3293 780 3324; x_wconf 86' lang='lat' dir='ltr'>vv.</span> <span class='ocrx_word' id='word_1_256' title='bbox 816 3279 947 3320; x_wconf 76' lang='lat' dir='ltr'>cuius</span> <span class='ocrx_word' id='word_1_257' title='bbox 975 3291 1094 3331; x_wconf 84' lang='lat' dir='ltr'>pos-</span> 
     </span>
     <span class='ocr_line' id='line_1_47' title="bbox 202 3342 721 3387; baseline -0.017 0"><span class='ocrx_word' id='word_1_258' title='bbox 202 3342 407 3387; x_wconf 77' lang='lat' dir='ltr'>sessione</span> <span class='ocrx_word' id='word_1_259' title='bbox 432 3343 721 3380; x_wconf 78' lang='lat' dir='ltr'>reuocatum.</span> 
     </span>
    </p>
   </div>
   <div class='ocr_carea' id='block_1_12' title="bbox 201 3405 1099 3525">
    <p class='ocr_par' dir='ltr' id='par_1_12' title="bbox 201 3405 1099 3525">
     <span class='ocr_line' id='line_1_48' title="bbox 259 3405 1099 3473; baseline -0.006 -19"><span class='ocrx_word' id='word_1_260' title='bbox 259 3411 513 3473; x_wconf 63' lang='lat' dir='ltr'>defferren&lt;.</span> <span class='ocrx_word' id='word_1_261' title='bbox 556 3406 632 3450; x_wconf 88' lang='lat' dir='ltr'>Sic</span> <span class='ocrx_word' id='word_1_262' title='bbox 656 3405 756 3448; x_wconf 87' lang='lat' dir='ltr'>edd.</span> <span class='ocrx_word' id='word_1_263' title='bbox 780 3414 887 3450; x_wconf 68' lang='lat' dir='ltr'>vett.</span> <span class='ocrx_word' id='word_1_264' title='bbox 913 3421 1099 3457; x_wconf 80' lang='lat' dir='ltr'>omnes3</span> 
     </span>
     <span class='ocr_line' id='line_1_49' title="bbox 201 3462 1095 3525; baseline -0.01 -10"><span class='ocrx_word' id='word_1_265' title='bbox 201 3469 441 3525; x_wconf 81' lang='lat' dir='ltr'>referrent</span> <span class='ocrx_word' id='word_1_266' title='bbox 468 3464 568 3508; x_wconf 87' lang='lat' dir='ltr'>edd.</span> <span class='ocrx_word' id='word_1_267' title='bbox 594 3462 773 3506; x_wconf 88' lang='lat' dir='ltr'>Ernest.</span> <span class='ocrx_word' id='word_1_268' title='bbox 802 3463 963 3507; x_wconf 86' lang='lat' dir='ltr'>Oberl.</span> <span class='ocrx_word' id='word_1_269' title='bbox 994 3465 1095 3522; x_wconf 83' lang='lat' dir='ltr'>ssip.</span> 
     </span>
    </p>
   </div>
   <div class='ocr_carea' id='block_1_13' title="bbox 205 3521 1098 3630">
    <p class='ocr_par' dir='ltr' id='par_1_13' title="bbox 205 3521 1098 3630">
     <span class='ocr_line' id='line_1_50' title="bbox 205 3521 1098 3585; baseline -0.007 -14"><span class='ocrx_word' id='word_1_270' title='bbox 205 3528 289 3576; x_wconf 73' lang='lat' dir='ltr'>al..</span> <span class='ocrx_word' id='word_1_271' title='bbox 330 3522 688 3585; x_wconf 83' lang='lat' dir='ltr'>typothetarum,</span> <span class='ocrx_word' id='word_1_272' title='bbox 717 3528 768 3565; x_wconf 84' lang='lat' dir='ltr'>ut</span> <span class='ocrx_word' id='word_1_273' title='bbox 791 3521 992 3574; x_wconf 79' lang='lat' dir='ltr'>videtur,</span> <span class='ocrx_word' id='word_1_274' title='bbox 1024 3539 1098 3566; x_wconf 89' lang='lat' dir='ltr'>er·-</span> 
     </span>
     <span class='ocr_line' id='line_1_51' title="bbox 206 3600 328 3630; baseline -0.025 0"><span class='ocrx_word' id='word_1_275' title='bbox 206 3600 328 3630; x_wconf 86' lang='lat' dir='ltr'>rore.</span> 
     </span>
    </p>
   </div>
   <div class='ocr_carea' id='block_1_14' title="bbox 1164 1222 2068 3640">
    <p class='ocr_par' dir='ltr' id='par_1_14' title="bbox 1168 1222 2065 1726">
     <span class='ocr_line' id='line_1_52' title="bbox 1225 1222 2065 1283; baseline 0.006 -19"><span class='ocrx_word' id='word_1_276' title='bbox 1225 1224 1374 1265; x_wconf 82' lang='lat' dir='ltr'>donec</span> <span class='ocrx_word' id='word_1_277' title='bbox 1389 1252 1401 1265; x_wconf 92' lang='lat'>.</span> <span class='ocrx_word' id='word_1_278' title='bbox 1416 1252 1428 1265; x_wconf 94' lang='lat'>.</span> <span class='ocrx_word' id='word_1_279' title='bbox 1442 1251 1455 1265; x_wconf 89' lang='lat'>.</span> <span class='ocrx_word' id='word_1_280' title='bbox 1472 1222 1636 1277; x_wconf 71' lang='lat' dir='ltr'>paucis</span> <span class='ocrx_word' id='word_1_281' title='bbox 1651 1222 1890 1268; x_wconf 73' lang='lat' dir='ltr'>lucrosum</span> <span class='ocrx_word' id='word_1_282' title='bbox 1901 1225 2065 1283; x_wconf 78' lang='lat' dir='ltr'>fieret.</span> 
     </span>
     <span class='ocr_line' id='line_1_53' title="bbox 1168 1277 2065 1340; baseline 0.004 -18"><span class='ocrx_word' id='word_1_283' title='bbox 1168 1277 1279 1323; x_wconf 86' lang='lat' dir='ltr'>Loci</span> <span class='ocrx_word' id='word_1_284' title='bbox 1308 1279 1575 1323; x_wconf 83' lang='lat' dir='ltr'>sententiam</span> <span class='ocrx_word' id='word_1_285' title='bbox 1597 1295 1692 1324; x_wconf 85' lang='lat' dir='ltr'>non</span> <span class='ocrx_word' id='word_1_286' title='bbox 1713 1290 1975 1340; x_wconf 69' lang='lat' dir='ltr'>assequutus</span> <span class='ocrx_word' id='word_1_287' title='bbox 1996 1291 2065 1326; x_wconf 71' lang='lat' dir='ltr'>eat</span> 
     </span>
     <span class='ocr_line' id='line_1_54' title="bbox 1170 1336 2063 1394; baseline 0.004 -14"><span class='ocrx_word' id='word_1_288' title='bbox 1170 1336 1419 1380; x_wconf 83' lang='lat' dir='ltr'>Ernestius.</span> <span class='ocrx_word' id='word_1_289' title='bbox 1523 1336 1663 1394; x_wconf 87' lang='lat' dir='ltr'>Quod</span> <span class='ocrx_word' id='word_1_290' title='bbox 1731 1339 1945 1384; x_wconf 76' lang='lat' dir='ltr'>omnibus</span> <span class='ocrx_word' id='word_1_291' title='bbox 2013 1339 2063 1383; x_wconf 85' lang='lat' dir='ltr'>in</span> 
     </span>
     <span class='ocr_line' id='line_1_55' title="bbox 1171 1394 2062 1453; baseline 0.006 -17"><span class='ocrx_word' id='word_1_292' title='bbox 1171 1403 1387 1453; x_wconf 84' lang='lat' dir='ltr'>promptu</span> <span class='ocrx_word' id='word_1_293' title='bbox 1417 1402 1505 1447; x_wconf 82' lang='lat' dir='ltr'>est,</span> <span class='ocrx_word' id='word_1_294' title='bbox 1538 1394 1646 1438; x_wconf 83' lang='lat' dir='ltr'>inde</span> <span class='ocrx_word' id='word_1_295' title='bbox 1676 1396 1853 1440; x_wconf 86' lang='lat' dir='ltr'>nemini</span> <span class='ocrx_word' id='word_1_296' title='bbox 1882 1396 2062 1441; x_wconf 86' lang='lat' dir='ltr'>lucrum</span> 
     </span>
     <span class='ocr_line' id='line_1_56' title="bbox 1173 1451 2057 1514; baseline 0.001 -18"><span class='ocrx_word' id='word_1_297' title='bbox 1173 1453 1294 1496; x_wconf 85' lang='lat' dir='ltr'>nasei</span> <span class='ocrx_word' id='word_1_298' title='bbox 1329 1451 1468 1504; x_wconf 82' lang='lat' dir='ltr'>solet,</span> <span class='ocrx_word' id='word_1_299' title='bbox 1504 1453 1633 1496; x_wconf 78' lang='lat' dir='ltr'>maiis</span> <span class='ocrx_word' id='word_1_300' title='bbox 1660 1468 1765 1497; x_wconf 84' lang='lat' dir='ltr'>vero</span> <span class='ocrx_word' id='word_1_301' title='bbox 1788 1463 2057 1514; x_wconf 83' lang='lat' dir='ltr'>procurato-</span> 
     </span>
     <span class='ocr_line' id='line_1_57' title="bbox 1171 1509 2062 1567; baseline 0.004 -15"><span class='ocrx_word' id='word_1_302' title='bbox 1171 1511 1232 1553; x_wconf 86' lang='lat' dir='ltr'>ris</span> <span class='ocrx_word' id='word_1_303' title='bbox 1257 1510 1437 1567; x_wconf 90' lang='lat' dir='ltr'>eiusque</span> <span class='ocrx_word' id='word_1_304' title='bbox 1457 1509 1771 1554; x_wconf 87' lang='lat' dir='ltr'>ministrorum</span> <span class='ocrx_word' id='word_1_305' title='bbox 1795 1511 1967 1555; x_wconf 84' lang='lat' dir='ltr'>artibus</span> <span class='ocrx_word' id='word_1_306' title='bbox 1990 1512 2062 1556; x_wconf 81' lang='lat' dir='ltr'>fa·-</span> 
     </span>
     <span class='ocr_line' id='line_1_58' title="bbox 1173 1566 2065 1616; baseline 0.006 -7"><span class='ocrx_word' id='word_1_307' title='bbox 1173 1576 1294 1610; x_wconf 86' lang='lat' dir='ltr'>ctum</span> <span class='ocrx_word' id='word_1_308' title='bbox 1333 1577 1422 1616; x_wconf 81' lang='lat' dir='ltr'>est,</span> <span class='ocrx_word' id='word_1_309' title='bbox 1473 1576 1522 1609; x_wconf 87' lang='lat' dir='ltr'>ut</span> <span class='ocrx_word' id='word_1_310' title='bbox 1554 1566 1638 1610; x_wconf 74' lang='lat' dir='ltr'>sibi</span> <span class='ocrx_word' id='word_1_311' title='bbox 1671 1567 1906 1613; x_wconf 83' lang='lat' dir='ltr'>lucrosum</span> <span class='ocrx_word' id='word_1_312' title='bbox 1938 1569 2065 1614; x_wconf 84' lang='lat' dir='ltr'>fieret</span> 
     </span>
     <span class='ocr_line' id='line_1_59' title="bbox 1171 1623 2063 1685; baseline 0.006 -19"><span class='ocrx_word' id='word_1_313' title='bbox 1171 1624 1450 1667; x_wconf 84' lang='lat' dir='ltr'>frumentum</span> <span class='ocrx_word' id='word_1_314' title='bbox 1465 1655 1480 1676; x_wconf 89' lang='lat'>,</span> <span class='ocrx_word' id='word_1_315' title='bbox 1510 1623 1613 1668; x_wconf 84' lang='lat' dir='ltr'>licet</span> <span class='ocrx_word' id='word_1_316' title='bbox 1637 1624 1733 1669; x_wconf 79' lang='lat' dir='ltr'>eius</span> <span class='ocrx_word' id='word_1_317' title='bbox 1751 1626 1940 1685; x_wconf 83' lang='lat' dir='ltr'>penuria</span> <span class='ocrx_word' id='word_1_318' title='bbox 1962 1627 2063 1671; x_wconf 85' lang='lat' dir='ltr'>nul-</span> 
     </span>
     <span class='ocr_line' id='line_1_60' title="bbox 1170 1681 1406 1726; baseline 0.004 -1"><span class='ocrx_word' id='word_1_319' title='bbox 1170 1681 1250 1726; x_wconf 90' lang='lat' dir='ltr'>libi</span> <span class='ocrx_word' id='word_1_320' title='bbox 1275 1690 1406 1726; x_wconf 76' lang='lat' dir='ltr'>esset.</span> 
     </span>
    </p>

    <p class='ocr_par' dir='ltr' id='par_1_15' title="bbox 1170 1739 2066 2313">
     <span class='ocr_line' id='line_1_61' title="bbox 1231 1739 2065 1793; baseline 0 -9"><span class='ocrx_word' id='word_1_321' title='bbox 1231 1739 1345 1784; x_wconf 75' lang='lat' dir='ltr'>CAP.</span> <span class='ocrx_word' id='word_1_322' title='bbox 1381 1740 1452 1784; x_wconf 79' lang='lat'>20.</span> <span class='ocrx_word' id='word_1_323' title='bbox 1509 1740 1706 1793; x_wconf 83' lang='lat' dir='ltr'>samam</span> <span class='ocrx_word' id='word_1_324' title='bbox 1735 1741 1847 1792; x_wconf 81' lang='lat' dir='ltr'>paci</span> <span class='ocrx_word' id='word_1_325' title='bbox 1872 1741 2065 1784; x_wconf 62' lang='lat' dir='ltr'>carcam-</span> 
     </span>
     <span class='ocr_line' id='line_1_62' title="bbox 1170 1796 2066 1858; baseline 0.001 -17"><span class='ocrx_word' id='word_1_326' title='bbox 1170 1798 1318 1841; x_wconf 83' lang='lat' dir='ltr'>dedit.</span> <span class='ocrx_word' id='word_1_327' title='bbox 1379 1797 1570 1842; x_wconf 82' lang='lat' dir='ltr'>Locutio</span> <span class='ocrx_word' id='word_1_328' title='bbox 1604 1813 1629 1842; x_wconf 86' lang='lat' dir='ltr'>a</span> <span class='ocrx_word' id='word_1_329' title='bbox 1661 1796 1847 1842; x_wconf 79' lang='lat' dir='ltr'>Graecis</span> <span class='ocrx_word' id='word_1_330' title='bbox 1915 1813 2066 1858; x_wconf 86' lang='lat' dir='ltr'>uoque</span> 
     </span>
     <span class='ocr_line' id='line_1_63' title="bbox 1171 1813 2063 1913; baseline 0 -13"><span class='ocrx_word' id='word_1_331' title='bbox 1171 1854 1260 1900; x_wconf 84' lang='lat' dir='ltr'>scri</span> <span class='ocrx_word' id='word_1_332' title='bbox 1296 1855 1469 1900; x_wconf 86' lang='lat' dir='ltr'>toribus</span> <span class='ocrx_word' id='word_1_333' title='bbox 1492 1866 1701 1913; x_wconf 85' lang='lat' dir='ltr'>usurpata</span> <span class='ocrx_word' id='word_1_334' title='bbox 1724 1853 1838 1910; x_wconf 83' lang='lat' dir='ltr'>(vid.</span> <span class='ocrx_word' id='word_1_335' title='bbox 1863 1813 2063 1900; x_wconf 43' lang='lat' dir='ltr'>&amp;alcia</span> 
     </span>
     <span class='ocr_line' id='line_1_64' title="bbox 1172 1911 2065 1971; baseline 0.002 -15"><span class='ocrx_word' id='word_1_336' title='bbox 1172 1913 1227 1956; x_wconf 92' lang='lat' dir='ltr'>ad</span> <span class='ocrx_word' id='word_1_337' title='bbox 1299 1947 1308 1956; x_wconf 92' lang='lat'>.</span> <span class='ocrx_word' id='word_1_338' title='bbox 1348 1911 1405 1962; x_wconf 84' lang='lat' dir='ltr'>l.)</span> <span class='ocrx_word' id='word_1_339' title='bbox 1463 1912 1582 1971; x_wconf 86' lang='lat' dir='ltr'>apud</span> <span class='ocrx_word' id='word_1_340' title='bbox 1621 1912 1828 1956; x_wconf 72' lang='lat' dir='ltr'>Tacitum</span> <span class='ocrx_word' id='word_1_341' title='bbox 1867 1914 2065 1960; x_wconf 77' lang='lat' dir='ltr'>recurrit</span> 
     </span>
     <span class='ocr_line' id='line_1_65' title="bbox 1171 1970 2064 2026; baseline 0.001 -13"><span class='ocrx_word' id='word_1_342' title='bbox 1171 1970 1285 2013; x_wconf 88' lang='lat' dir='ltr'>Hist.</span> <span class='ocrx_word' id='word_1_343' title='bbox 1309 1971 1351 2019; x_wconf 85' lang='lat'>4,</span> <span class='ocrx_word' id='word_1_344' title='bbox 1376 1971 1442 2013; x_wconf 84' lang='lat'>11.</span> <span class='ocrx_word' id='word_1_345' title='bbox 1464 1973 1543 2026; x_wconf 83' lang='lat' dir='ltr'>qui</span> <span class='ocrx_word' id='word_1_346' title='bbox 1558 1971 1854 2024; x_wconf 76' lang='lat' dir='ltr'>principatus</span> <span class='ocrx_word' id='word_1_347' title='bbox 1873 1973 2064 2016; x_wconf 64' lang='lat' dir='ltr'>manem</span> 
     </span>
     <span class='ocr_line' id='line_1_66' title="bbox 1172 2027 2063 2084; baseline 0 -13"><span class='ocrx_word' id='word_1_348' title='bbox 1172 2029 1220 2071; x_wconf 86' lang='lat' dir='ltr'>ei</span> <span class='ocrx_word' id='word_1_349' title='bbox 1233 2028 1429 2084; x_wconf 87' lang='lat' dir='ltr'>famam</span> <span class='ocrx_word' id='word_1_350' title='bbox 1461 2030 1839 2079; x_wconf 78' lang='lat' dir='ltr'>circumdarent;</span> <span class='ocrx_word' id='word_1_351' title='bbox 1877 2027 1982 2074; x_wconf 80' lang='lat' dir='ltr'>dial.</span> <span class='ocrx_word' id='word_1_352' title='bbox 2006 2028 2063 2072; x_wconf 87' lang='lat' dir='ltr'>de</span> 
     </span>
     <span class='ocr_line' id='line_1_67' title="bbox 1174 2084 2064 2142; baseline 0 -14"><span class='ocrx_word' id='word_1_353' title='bbox 1174 2093 1306 2128; x_wconf 87' lang='lat' dir='ltr'>oratt.</span> <span class='ocrx_word' id='word_1_354' title='bbox 1339 2101 1376 2129; x_wconf 88' lang='lat' dir='ltr'>c.</span> <span class='ocrx_word' id='word_1_355' title='bbox 1399 2084 1470 2129; x_wconf 78' lang='grc'>37.</span> <span class='ocrx_word' id='word_1_356' title='bbox 1508 2087 1627 2127; x_wconf 80' lang='lat' dir='ltr'>hanc</span> <span class='ocrx_word' id='word_1_357' title='bbox 1657 2085 1728 2126; x_wconf 86' lang='lat' dir='ltr'>illi</span> <span class='ocrx_word' id='word_1_358' title='bbox 1739 2086 1936 2142; x_wconf 86' lang='lat' dir='ltr'>famam</span> <span class='ocrx_word' id='word_1_359' title='bbox 1968 2088 2064 2131; x_wconf 79' lang='lat' dir='ltr'>cir-</span> 
     </span>
     <span class='ocr_line' id='line_1_68' title="bbox 1171 2141 2062 2188; baseline 0.002 -3"><span class='ocrx_word' id='word_1_360' title='bbox 1171 2145 1527 2187; x_wconf 78' lang='lat' dir='ltr'>cumdederunt.</span> <span class='ocrx_word' id='word_1_361' title='bbox 1589 2141 1647 2185; x_wconf 88' lang='lat' dir='ltr'>cf.</span> <span class='ocrx_word' id='word_1_362' title='bbox 1676 2141 1792 2186; x_wconf 77' lang='lat' dir='ltr'>Ulit.</span> <span class='ocrx_word' id='word_1_363' title='bbox 1828 2142 1881 2185; x_wconf 86' lang='lat' dir='ltr'>ad</span> <span class='ocrx_word' id='word_1_364' title='bbox 1915 2142 2062 2188; x_wconf 85' lang='lat' dir='ltr'>Gratii</span> 
     </span>
     <span class='ocr_line' id='line_1_69' title="bbox 1172 2199 2063 2259; baseline 0.004 -17"><span class='ocrx_word' id='word_1_365' title='bbox 1172 2199 1343 2259; x_wconf 85' lang='lat' dir='ltr'>Cyneg.</span> <span class='ocrx_word' id='word_1_366' title='bbox 1369 2217 1414 2245; x_wconf 87' lang='lat' dir='ltr'>v.</span> <span class='ocrx_word' id='word_1_367' title='bbox 1440 2202 1507 2244; x_wconf 89' lang='grc'>10.</span> <span class='ocrx_word' id='word_1_368' title='bbox 1533 2202 1728 2256; x_wconf 82' lang='lat' dir='ltr'>altaque</span> <span class='ocrx_word' id='word_1_369' title='bbox 1762 2201 1932 2245; x_wconf 54' lang='lat' dir='ltr'>cab-cum</span> <span class='ocrx_word' id='word_1_370' title='bbox 1950 2201 2063 2246; x_wconf 75' lang='lat' dir='ltr'>Fir·</span> 
     </span>
     <span class='ocr_line' id='line_1_70' title="bbox 1171 2258 1791 2313; baseline 0 -13"><span class='ocrx_word' id='word_1_371' title='bbox 1171 2266 1420 2300; x_wconf 72' lang='lat' dir='ltr'>rnamenta</span> <span class='ocrx_word' id='word_1_372' title='bbox 1441 2258 1587 2301; x_wconf 81' lang='lat' dir='ltr'>dedit.</span> <span class='ocrx_word' id='word_1_373' title='bbox 1789 2311 1791 2313; x_wconf 14' lang='lat' dir='ltr'>q</span> 
     </span>
    </p>

    <p class='ocr_par' dir='ltr' id='par_1_16' title="bbox 1164 2315 2068 3640">
     <span class='ocr_line' id='line_1_71' title="bbox 1226 2315 2065 2362; baseline 0.007 -6"><span class='ocrx_word' id='word_1_374' title='bbox 1226 2318 1304 2357; x_wconf 87' lang='lat' dir='ltr'>vel</span> <span class='ocrx_word' id='word_1_375' title='bbox 1324 2317 1509 2360; x_wconf 82' lang='lat' dir='ltr'>incuria</span> <span class='ocrx_word' id='word_1_376' title='bbox 1535 2315 1608 2357; x_wconf 84' lang='lat' dir='ltr'>vel</span> <span class='ocrx_word' id='word_1_377' title='bbox 1631 2316 1954 2361; x_wconf 77' lang='lat' dir='ltr'>intolerantia.</span> <span class='ocrx_word' id='word_1_378' title='bbox 1985 2317 2065 2362; x_wconf 80' lang='lat' dir='ltr'>sic</span> 
     </span>
     <span class='ocr_line' id='line_1_72' title="bbox 1170 2371 2065 2422; baseline 0.008 -8"><span class='ocrx_word' id='word_1_379' title='bbox 1170 2389 1193 2414; x_wconf 87' lang='lat' dir='ltr'>e</span> <span class='ocrx_word' id='word_1_380' title='bbox 1207 2372 1308 2416; x_wconf 90' lang='lat' dir='ltr'>MS.</span> <span class='ocrx_word' id='word_1_381' title='bbox 1326 2371 1469 2416; x_wconf 81' lang='lat' dir='ltr'>Vatic.</span> <span class='ocrx_word' id='word_1_382' title='bbox 1484 2371 1613 2416; x_wconf 62' lang='lat'>3429.</span> <span class='ocrx_word' id='word_1_383' title='bbox 1633 2372 1874 2418; x_wconf 84' lang='lat' dir='ltr'>ediderunt</span> <span class='ocrx_word' id='word_1_384' title='bbox 1886 2373 2065 2422; x_wconf 76' lang='lat' dir='ltr'>Dronk.</span> 
     </span>
     <span class='ocr_line' id='line_1_73' title="bbox 1169 2428 2064 2489; baseline 0.004 -17"><span class='ocrx_word' id='word_1_385' title='bbox 1169 2428 1356 2472; x_wconf 84' lang='lat' dir='ltr'>Becker.</span> <span class='ocrx_word' id='word_1_386' title='bbox 1398 2430 1566 2473; x_wconf 83' lang='lat' dir='ltr'>Hertel.</span> <span class='ocrx_word' id='word_1_387' title='bbox 1641 2430 1885 2489; x_wconf 81' lang='lat' dir='ltr'>vulgatum</span> <span class='ocrx_word' id='word_1_388' title='bbox 1931 2440 1996 2476; x_wconf 85' lang='lat' dir='ltr'>est</span> <span class='ocrx_word' id='word_1_389' title='bbox 2039 2449 2064 2476; x_wconf 84' lang='lat' dir='ltr'>a</span> 
     </span>
     <span class='ocr_line' id='line_1_74' title="bbox 1169 2486 2060 2536; baseline 0.007 -6"><span class='ocrx_word' id='word_1_390' title='bbox 1169 2486 1385 2531; x_wconf 81' lang='lat' dir='ltr'>Rhenano</span> <span class='ocrx_word' id='word_1_391' title='bbox 1409 2490 1481 2530; x_wconf 79' lang='lat' dir='ltr'>uel</span> <span class='ocrx_word' id='word_1_392' title='bbox 1501 2490 1769 2531; x_wconf 81' lang='lat' dir='ltr'>tolerantia.</span> <span class='ocrx_word' id='word_1_393' title='bbox 1826 2489 1942 2534; x_wconf 88' lang='lat' dir='ltr'>Edd.</span> <span class='ocrx_word' id='word_1_394' title='bbox 1957 2489 2060 2536; x_wconf 79' lang='lat' dir='ltr'>Put.</span> 
     </span>
     <span class='ocr_line' id='line_1_75' title="bbox 1169 2544 2068 2604; baseline 0.004 -17"><span class='ocrx_word' id='word_1_395' title='bbox 1169 2561 1241 2604; x_wconf 88' lang='lat' dir='ltr'>pr.</span> <span class='ocrx_word' id='word_1_396' title='bbox 1275 2544 1401 2590; x_wconf 84' lang='lat' dir='ltr'>Med.</span> <span class='ocrx_word' id='word_1_397' title='bbox 1427 2544 1587 2590; x_wconf 85' lang='lat' dir='ltr'>Venet.</span> <span class='ocrx_word' id='word_1_398' title='bbox 1617 2545 1826 2589; x_wconf 85' lang='lat' dir='ltr'>Beroald.</span> <span class='ocrx_word' id='word_1_399' title='bbox 1858 2547 1960 2591; x_wconf 82' lang='lat' dir='ltr'>Aic.</span> <span class='ocrx_word' id='word_1_400' title='bbox 1993 2550 2068 2591; x_wconf 83' lang='lat' dir='ltr'>vel</span> 
     </span>
     <span class='ocr_line' id='line_1_76' title="bbox 1168 2601 2063 2661; baseline 0.001 -15"><span class='ocrx_word' id='word_1_401' title='bbox 1168 2601 1387 2661; x_wconf 84' lang='lat' dir='ltr'>particula</span> <span class='ocrx_word' id='word_1_402' title='bbox 1410 2603 1572 2646; x_wconf 87' lang='lat' dir='ltr'>omissa</span> <span class='ocrx_word' id='word_1_403' title='bbox 1598 2605 1673 2645; x_wconf 83' lang='lat' dir='ltr'>vel</span> <span class='ocrx_word' id='word_1_404' title='bbox 1689 2604 1876 2646; x_wconf 83' lang='lat' dir='ltr'>incuria</span> <span class='ocrx_word' id='word_1_405' title='bbox 1896 2604 2063 2648; x_wconf 80' lang='lat' dir='ltr'>incole-</span> 
     </span>
     <span class='ocr_line' id='line_1_77' title="bbox 1169 2659 2066 2710; baseline 0.003 -8"><span class='ocrx_word' id='word_1_406' title='bbox 1169 2660 1358 2710; x_wconf 79' lang='lat' dir='ltr'>rantia‚·</span> <span class='ocrx_word' id='word_1_407' title='bbox 1401 2660 1472 2703; x_wconf 91' lang='lat' dir='ltr'>ed.</span> <span class='ocrx_word' id='word_1_408' title='bbox 1503 2659 1602 2703; x_wconf 85' lang='lat' dir='ltr'>Riv.</span> <span class='ocrx_word' id='word_1_409' title='bbox 1640 2662 1715 2701; x_wconf 87' lang='lat' dir='ltr'>vel</span> <span class='ocrx_word' id='word_1_410' title='bbox 1740 2661 1790 2701; x_wconf 86' lang='lat' dir='ltr'>in</span> <span class='ocrx_word' id='word_1_411' title='bbox 1825 2662 1952 2703; x_wconf 84' lang='lat' dir='ltr'>curia</span> <span class='ocrx_word' id='word_1_412' title='bbox 1989 2665 2066 2706; x_wconf 69' lang='lat' dir='ltr'>bel</span> 
     </span>
     <span class='ocr_line' id='line_1_78' title="bbox 1169 2716 2060 2763; baseline 0.004 -4"><span class='ocrx_word' id='word_1_413' title='bbox 1169 2717 1441 2760; x_wconf 76' lang='lat' dir='ltr'>tolerantia.</span> <span class='ocrx_word' id='word_1_414' title='bbox 1501 2716 1701 2761; x_wconf 85' lang='lat' dir='ltr'>Rhenani</span> <span class='ocrx_word' id='word_1_415' title='bbox 1728 2718 2060 2763; x_wconf 76' lang='lat' dir='ltr'>correctionem</span> 
     </span>
     <span class='ocr_line' id='line_1_79' title="bbox 1167 2772 2061 2824; baseline 0.004 -7"><span class='ocrx_word' id='word_1_416' title='bbox 1167 2774 1337 2819; x_wconf 89' lang='lat' dir='ltr'>servari</span> <span class='ocrx_word' id='word_1_417' title='bbox 1359 2774 1537 2819; x_wconf 86' lang='lat' dir='ltr'>volebat</span> <span class='ocrx_word' id='word_1_418' title='bbox 1553 2772 1815 2824; x_wconf 77' lang='lat' dir='ltr'>Walchius,</span> <span class='ocrx_word' id='word_1_419' title='bbox 1841 2791 1944 2819; x_wconf 88' lang='lat' dir='ltr'>cum</span> <span class='ocrx_word' id='word_1_420' title='bbox 1960 2775 2061 2820; x_wconf 92' lang='lat' dir='ltr'>Vir-</span> 
     </span>
     <span class='ocr_line' id='line_1_80' title="bbox 1169 2830 2062 2889; baseline 0.003 -15"><span class='ocrx_word' id='word_1_421' title='bbox 1169 2831 1321 2889; x_wconf 83' lang='lat' dir='ltr'>dungo</span> <span class='ocrx_word' id='word_1_422' title='bbox 1362 2830 1616 2888; x_wconf 72' lang='lat' dir='ltr'>intelligens</span> <span class='ocrx_word' id='word_1_423' title='bbox 1656 2832 1894 2875; x_wconf 79' lang='lat' dir='ltr'>incuriam</span> <span class='ocrx_word' id='word_1_424' title='bbox 1932 2834 2062 2888; x_wconf 85' lang='lat' dir='ltr'>(Un-</span> 
     </span>
     <span class='ocr_line' id='line_1_81' title="bbox 1167 2889 2059 2946; baseline 0.004 -15"><span class='ocrx_word' id='word_1_425' title='bbox 1167 2889 1497 2945; x_wconf 68' lang='lat' dir='ltr'>achcsamkeit)</span> <span class='ocrx_word' id='word_1_426' title='bbox 1542 2889 1795 2946; x_wconf 82' lang='lat' dir='ltr'>praesidum</span> <span class='ocrx_word' id='word_1_427' title='bbox 1835 2891 1882 2933; x_wconf 88' lang='lat' dir='ltr'>in</span> <span class='ocrx_word' id='word_1_428' title='bbox 1919 2891 2059 2936; x_wconf 83' lang='lat' dir='ltr'>mini-</span> 
     </span>
     <span class='ocr_line' id='line_1_82' title="bbox 1165 2944 2059 3006; baseline 0.002 -16"><span class='ocrx_word' id='word_1_429' title='bbox 1165 2955 1365 2990; x_wconf 85' lang='lat' dir='ltr'>strorum</span> <span class='ocrx_word' id='word_1_430' title='bbox 1416 2944 1620 2989; x_wconf 81' lang='lat' dir='ltr'>facinora</span> <span class='ocrx_word' id='word_1_431' title='bbox 1673 2963 1767 2990; x_wconf 89' lang='lat' dir='ltr'>non</span> <span class='ocrx_word' id='word_1_432' title='bbox 1821 2947 2059 3006; x_wconf 87' lang='lat' dir='ltr'>inquiren-</span> 
     </span>
     <span class='ocr_line' id='line_1_83' title="bbox 1164 3003 2060 3062; baseline 0.004 -16"><span class='ocrx_word' id='word_1_433' title='bbox 1164 3004 1303 3055; x_wconf 87' lang='lat' dir='ltr'>tium,</span> <span class='ocrx_word' id='word_1_434' title='bbox 1374 3007 1680 3047; x_wconf 78' lang='lat' dir='ltr'>tolerantiam</span> <span class='ocrx_word' id='word_1_435' title='bbox 1736 3003 2060 3062; x_wconf 75' lang='lat' dir='ltr'>(Schlaffkeit)</span> 
     </span>
     <span class='ocr_line' id='line_1_84' title="bbox 1166 3061 2058 3108; baseline 0.006 -4"><span class='ocrx_word' id='word_1_436' title='bbox 1166 3061 1418 3104; x_wconf 88' lang='lat' dir='ltr'>eorundem</span> <span class='ocrx_word' id='word_1_437' title='bbox 1450 3061 1503 3104; x_wconf 93' lang='lat' dir='ltr'>ad</span> <span class='ocrx_word' id='word_1_438' title='bbox 1541 3061 1704 3105; x_wconf 78' lang='lat' dir='ltr'>delicta</span> <span class='ocrx_word' id='word_1_439' title='bbox 1727 3078 1914 3107; x_wconf 82' lang='lat' dir='ltr'>suorum</span> <span class='ocrx_word' id='word_1_440' title='bbox 1941 3081 2058 3108; x_wconf 90' lang='lat' dir='ltr'>con-</span> 
     </span>
     <span class='ocr_line' id='line_1_85' title="bbox 1167 3119 2062 3178; baseline 0.003 -16"><span class='ocrx_word' id='word_1_441' title='bbox 1167 3120 1431 3164; x_wconf 86' lang='lat' dir='ltr'>niventium.</span> <span class='ocrx_word' id='word_1_442' title='bbox 1517 3119 1606 3163; x_wconf 90' lang='lat' dir='ltr'>Sed</span> <span class='ocrx_word' id='word_1_443' title='bbox 1666 3119 1868 3178; x_wconf 86' lang='lat' dir='ltr'>loquitur</span> <span class='ocrx_word' id='word_1_444' title='bbox 1919 3121 2062 3165; x_wconf 84' lang='lat' dir='ltr'>Taci-</span> 
     </span>
     <span class='ocr_line' id='line_1_86' title="bbox 1165 3176 2062 3235; baseline 0.006 -16"><span class='ocrx_word' id='word_1_445' title='bbox 1165 3186 1237 3220; x_wconf 88' lang='lat' dir='ltr'>tus</span> <span class='ocrx_word' id='word_1_446' title='bbox 1286 3176 1340 3219; x_wconf 90' lang='lat' dir='ltr'>de</span> <span class='ocrx_word' id='word_1_447' title='bbox 1414 3192 1512 3226; x_wconf 86' lang='lat' dir='ltr'>ace,</span> <span class='ocrx_word' id='word_1_448' title='bbox 1574 3193 1688 3235; x_wconf 86' lang='lat' dir='ltr'>quae</span> <span class='ocrx_word' id='word_1_449' title='bbox 1738 3177 1856 3221; x_wconf 85' lang='lat' dir='ltr'>haud</span> <span class='ocrx_word' id='word_1_450' title='bbox 1911 3178 2062 3224; x_wconf 79' lang='lat' dir='ltr'>minus</span> 
     </span>
     <span class='ocr_line' id='line_1_87' title="bbox 1167 3233 2060 3292; baseline 0.004 -16"><span class='ocrx_word' id='word_1_451' title='bbox 1167 3250 1301 3292; x_wconf 87' lang='lat' dir='ltr'>quam</span> <span class='ocrx_word' id='word_1_452' title='bbox 1326 3235 1380 3277; x_wconf 84' lang='lat' dir='ltr'>be</span> <span class='ocrx_word' id='word_1_453' title='bbox 1404 3233 1498 3277; x_wconf 82' lang='lat' dir='ltr'>lum</span> <span class='ocrx_word' id='word_1_454' title='bbox 1526 3235 1768 3278; x_wconf 83' lang='lat' dir='ltr'>timebatur</span> <span class='ocrx_word' id='word_1_455' title='bbox 1795 3236 1865 3280; x_wconf 80' lang='lat' dir='ltr'>vel</span> <span class='ocrx_word' id='word_1_456' title='bbox 1893 3237 1951 3279; x_wconf 93' lang='lat' dir='ltr'>ob</span> <span class='ocrx_word' id='word_1_457' title='bbox 1983 3237 2060 3280; x_wconf 90' lang='lat' dir='ltr'>in-</span> 
     </span>
     <span class='ocr_line' id='line_1_88' title="bbox 1167 3290 2057 3350; baseline 0 -14"><span class='ocrx_word' id='word_1_458' title='bbox 1167 3290 1340 3336; x_wconf 82' lang='lat' dir='ltr'>curiam</span> <span class='ocrx_word' id='word_1_459' title='bbox 1372 3290 1604 3349; x_wconf 84' lang='lat' dir='ltr'>priorum,</span> <span class='ocrx_word' id='word_1_460' title='bbox 1647 3293 1723 3350; x_wconf 83' lang='lat' dir='ltr'>qui</span> <span class='ocrx_word' id='word_1_461' title='bbox 1758 3292 2057 3350; x_wconf 78' lang='lat' dir='ltr'>provinciali-</span> 
     </span>
     <span class='ocr_line' id='line_1_89' title="bbox 1167 3349 2059 3404; baseline 0 -10"><span class='ocrx_word' id='word_1_462' title='bbox 1167 3351 1251 3394; x_wconf 86' lang='lat' dir='ltr'>bus</span> <span class='ocrx_word' id='word_1_463' title='bbox 1266 3349 1406 3392; x_wconf 83' lang='lat' dir='ltr'>iliatas</span> <span class='ocrx_word' id='word_1_464' title='bbox 1420 3349 1603 3394; x_wconf 87' lang='lat' dir='ltr'>iniurias</span> <span class='ocrx_word' id='word_1_465' title='bbox 1617 3353 1764 3393; x_wconf 82' lang='lat' dir='ltr'>minus</span> <span class='ocrx_word' id='word_1_466' title='bbox 1777 3361 2059 3404; x_wconf 76' lang='lat' dir='ltr'>curaverant,</span> 
     </span>
     <span class='ocr_line' id='line_1_90' title="bbox 1169 3405 2055 3466; baseline 0.001 -15"><span class='ocrx_word' id='word_1_467' title='bbox 1169 3407 1241 3454; x_wconf 84' lang='lat' dir='ltr'>vel</span> <span class='ocrx_word' id='word_1_468' title='bbox 1285 3405 1342 3448; x_wconf 91' lang='lat' dir='ltr'>ob</span> <span class='ocrx_word' id='word_1_469' title='bbox 1379 3407 1708 3450; x_wconf 83' lang='lat' dir='ltr'>intolerantiam</span> <span class='ocrx_word' id='word_1_470' title='bbox 1747 3422 1930 3459; x_wconf 87' lang='lat' dir='ltr'>eorum,</span> <span class='ocrx_word' id='word_1_471' title='bbox 1979 3412 2055 3466; x_wconf 80' lang='lat' dir='ltr'>qui</span> 
     </span>
     <span class='ocr_line' id='line_1_91' title="bbox 1168 3463 2058 3520; baseline 0 -12"><span class='ocrx_word' id='word_1_472' title='bbox 1168 3466 1222 3508; x_wconf 87' lang='lat' dir='ltr'>ab</span> <span class='ocrx_word' id='word_1_473' title='bbox 1237 3463 1476 3520; x_wconf 82' lang='lat' dir='ltr'>Agricolae</span> <span class='ocrx_word' id='word_1_474' title='bbox 1499 3465 1700 3508; x_wconf 85' lang='lat' dir='ltr'>moribus</span> <span class='ocrx_word' id='word_1_475' title='bbox 1721 3463 1885 3508; x_wconf 82' lang='lat' dir='ltr'>diversi</span> <span class='ocrx_word' id='word_1_476' title='bbox 1905 3465 2058 3518; x_wconf 75' lang='lat' dir='ltr'>omnia</span> 
     </span>
     <span class='ocr_line' id='line_1_92' title="bbox 1169 3521 2054 3580; baseline 0.003 -17"><span class='ocrx_word' id='word_1_477' title='bbox 1169 3523 1549 3578; x_wconf 83' lang='lat' dir='ltr'>exsequebantur,</span> <span class='ocrx_word' id='word_1_478' title='bbox 1599 3521 1794 3580; x_wconf 82' lang='lat' dir='ltr'>peccatis</span> <span class='ocrx_word' id='word_1_479' title='bbox 1839 3537 1935 3566; x_wconf 78' lang='lat' dir='ltr'>non</span> <span class='ocrx_word' id='word_1_480' title='bbox 1974 3539 2054 3569; x_wconf 83' lang='lat' dir='ltr'>ve-</span> 
     </span>
     <span class='ocr_line' id='line_1_93' title="bbox 1170 3579 2056 3640; baseline 0.002 -16"><span class='ocrx_word' id='word_1_481' title='bbox 1170 3579 1292 3625; x_wconf 85' lang='lat' dir='ltr'>niam</span> <span class='ocrx_word' id='word_1_482' title='bbox 1317 3579 1506 3631; x_wconf 81' lang='lat' dir='ltr'>dabant,</span> <span class='ocrx_word' id='word_1_483' title='bbox 1537 3579 1809 3640; x_wconf 75' lang='lat' dir='ltr'>poenitentia</span> <span class='ocrx_word' id='word_1_484' title='bbox 1834 3595 1925 3625; x_wconf 84' lang='lat' dir='ltr'>non</span> <span class='ocrx_word' id='word_1_485' title='bbox 1948 3596 2056 3626; x_wconf 80' lang='lat' dir='ltr'>con·</span> 
     </span>
    </p>
   </div>
  </div>
 </body>
</html>
