2150 4022
235 241 361 301 292

235 372 529 428 interesse.

690 224 693 230 ’
744 233 867 294 DE
924 216 1589 296 ORATORmUs

616 365 885 442 proximo
924 365 1164 442 quidem
1201 364 1504 439 congiario
1541 362 1657 440 ipsi
1691 360 1923 419 vidistis
1952 362 2083 438 ple-

234 474 450 532 rosque
477 471 643 508 senes
660 497 676 520 ,
721 450 854 527 qui,
898 470 957 506 se
983 472 1012 506 a
1039 449 1113 509 D.
1140 470 1374 526 quoque
1402 444 1669 523 Augusto
1699 447 1877 504 semel
1905 457 2080 524 atque

236 543 450 598 iterum
482 536 768 609 accepisse
803 536 1167 608 congiarium
1198 535 1537 591 narrabant.

1623 553 1692 589 ex
1729 553 1848 609 quo
1884 531 2085 607 colligi

240 635 426 701 potest
464 633 520 678 et
546 619 874 678 Corvinum
908 622 982 677 ab
1021 619 1140 675 illis
1179 631 1236 692 et
1263 615 1541 676 Asinium
1574 617 1772 675 audiri
1808 617 2085 692 potuisse.

237 730 378 766 nam
414 706 709 764 Corvinus
744 706 810 761 in
847 705 1111 773 medium
1147 724 1332 781 usque
1372 700 1627 777 Augusti
1665 701 2085 778 principatum,

240 794 486 853 Asinius
527 812 712 867 paene
743 782 818 847 ad
848 802 1170 847 extremum
1199 788 1453 848 duravit.
1538 786 1627 845 Ne
1656 787 1936 846 dividatis
1960 806 2088 844 sae-

241 881 470 948 culum,
526 888 582 934 et
621 876 895 952 antiquos
933 896 998 932 ac
1038 885 1261 931 veteres
1295 870 1566 931 vocitetis
1601 883 1888 942 oratoreS‚
1939 890 2088 948 quos

239 965 582 1022 eorumdem
620 957 930 1019 hominum
974 979 1144 1016 aures
1183 978 1495 1034 agnoscere
1537 977 1605 1015 ac
1635 957 1800 1016 velut
1837 957 2089 1016 coniun-

240 1070 373 1124 gere
405 1061 462 1106 et
488 1047 763 1123 copulare
789 1054 1133 1122 potuerunt.

407 1167 633 1229 XVIII.
677 1166 839 1225 Haec
873 1168 1005 1224 ideo
1043 1166 1335 1242 praedixi,
1387 1176 1486 1236 ut,
1542 1165 1592 1221 si
1621 1184 1736 1242 qua
1771 1184 1839 1220 ex
1874 1159 2091 1221 horum

238 1268 538 1314 oratorum
584 1255 741 1311 fama
790 1254 1095 1330 gloriaque
1145 1252 1274 1308 laus
1325 1250 1690 1327 temporibus
1740 1248 2094 1325 adquiritur,

240 1344 487 1400 eandem
526 1341 795 1397 docerem
839 1338 905 1395 in
951 1337 1147 1394 medio
1185 1337 1362 1394 >sitam
1414 1335 1856 1412 et‘propiorem
1899 1333 2092 1403 nohis,

295 1560 546 1614 congiario.
617 1558 720 1602 MS.
749 1557 889 1617 Neap.
926 1558 1131 1613 cogier-io

237 1629 282 1664 et
314 1617 453 1679 paulo
490 1625 592 1676 post
629 1618 910 1671 cogiarium,
968 1616 1132 1659 lineola

237 1693 372 1736 supra
396 1691 423 1718 o
448 1675 630 1718 omissa.
661 1701 719 1710 —-
776 1674 863 1716 Pro
886 1676 1132 1729 plerosque

241 1735 470 1778 Gesnerus
496 1732 689 1775 malebat
707 1734 890 1784 plures,
927 1748 1020 1773 non
1044 1732 1131 1773 im-

237 1793 459 1851 probante
483 1789 771 1832 Heumanno.
832 1788 919 1832 Sed
948 1789 1008 1831 cf.
1035 1795 1132 1831 not.

224 1851 292 1903 ,ad
318 1850 406 1891 An.
424 1849 466 1902 4,
478 1848 520 1890 9.
558 1847 708 1905 Agr-ie.
739 1862 776 1889 c.
794 1849 834 1889 1.
896 1846 1053 1904 Neque
1077 1854 1139 1888 ta-

240 1923 346 1950 men
368 1905 527 1948 Tacito
551 1902 762 1963 proprius
789 1911 854 1946 est
877 1919 981 1946 usus
1006 1919 1137 1947 voea-

240 1964 336 2008 buli
357 1964 563 2018 plerique
598 1978 680 2019 pro
713 1964 867 2009 multi,
907 1962 983 2003 sed
1005 1961 1137 2003 etiam

243 2022 454 2078 aNepote
476 2019 541 2063 sic
563 2026 824 2076 usurpatum
850 2027 928 2061 est.
971 2017 1135 2061 Cf.ln-

242 2078 334 2122 dic.
358 2080 405 2122 in
428 2076 682 2120 Bardiliana
707 2075 818 2132 Nep.
834 2074 1042 2120 Stavern.
1067 2090 1137 2116 re·

242 2138 473 2197 petitione.
504 2156 507 2157 ⁷

301 2219 476 2263 audiri.
537 2215 624 2262 Ed.
649 2216 768 2274 Spir.
791 2216 974 2259 audire.

300 2318 362 2347 ne
384 2301 627 2346 dividatis.
688 2299 874 2343 Acidalii
903 2299 1133 2342 coniectu·

242 2379 340 2411 ram
364 2362 417 2404 ab
445 2360 711 2401 Heumanno
736 2365 779 2398 et
802 2355 1005 2399 Bekkero
1032 2372 1136 2413 pro·

241 2426 393 2467 batam
415 2417 561 2459 firmat
582 2414 823 2459 auctoritas
847 2414 980 2456 codd.
998 2413 1136 2471 Neap-

241 2482 308 2533 [et
330 2478 466 2521 Farn.
495 2481 526 2516 t.
553 2472 741 2526 Bekk.],
787 2487 924 2528 quare
959 2487 1054 2513 eam
1087 2471 1134 2513 in

242 2544 362 2581 textu
407 2531 536 2591 posui
582 2545 687 2588 prae
724 2528 900 2585 vulgata
942 2528 1135 2572 lectione

243 2610 328 2637 nec
373 2589 594 2634 dividatis
610 2620 622 2642 ‚
679 2587 802 2644 quod
850 2586 958 2628 ferri
1007 2601 1136 2642 posse

246 2667 338 2696 non
363 2663 493 2704 nego.
542 2645 642 2688 Non
668 2660 780 2702 opus
806 2651 953 2685 tamen
972 2643 1135 2686 Orellii

247 2703 564 2751 emendatione
584 2717 643 2744 ne
665 2716 789 2744 nunc
811 2701 1050 2746 dividatis.
1082 2724 1136 2733 -

242 2766 306 2808 Ex
333 2763 490 2807 eodem
516 2760 631 2803 libro
655 2774 792 2802 manu
816 2759 985 2814 scripto
1015 2761 1137 2800 voci-

244 2823 353 2866 tetis·
369 2816 677 2876 recipiendum
695 2824 770 2866 est,
786 2819 854 2868 [ut
870 2825 1139 2872 receperunt

247 2876 434 2923 Bekker.
449 2884 491 2917 et
508 2873 774 2916 Boetticher.
788 2889 810 2915 e
832 2873 934 2915 cod.
954 2874 1070 2915 Farn
1093 2879 1139 2928 ];

242 2936 435 2985 verbum
466 2931 584 2974 enim
613 2930 988 2988 frequentativum
1024 2930 1138 2973 bene

245 2990 456 3040 convenit
489 2989 533 3031 in
566 2987 695 3030 huius
730 2987 925 3030 nominis
963 2988 1137 3043 saepius

244 3049 432 3110 repetita
454 3045 707 3088 iactatione.
742 3045 828 3087 Sed
851 3060 1008 3087 omnes
1032 3044 1136 3087 libri

247 3107 352 3153 editi
383 3104 549 3147 vocetis
574 3103 801 3159 praebent.
864 3101 964 3154 [Me
992 3101 1135 3144 offen-

246 3167 311 3210 dit
341 3164 387 3208 h.
414 3161 445 3204 l.
470 3159 798 3203 vocabulorum
831 3160 1052 3214 antiquus
1085 3173 1137 3201 ae

242 3231 380 3267 vetus
394 3216 675 3267 coniunctim
692 3215 804 3258 solet
816 3217 934 3258 enim
948 3217 1138 3272 scriptor

244 3287 380 3323 vetus
400 3275 549 3335 priore
571 3272 674 3315 loeo
698 3288 862 3330 ponere
885 3272 1013 3330 eique
1034 3272 1136 3315 sub·

246 3338 434 3394 iungere
457 3332 702 3387 antiquus,
735 3339 783 3372 ut
807 3346 904 3388 cap.
925 3330 990 3372 15.
1010 3338 1052 3373 et
1069 3331 1135 3373 16.

246 3395 501 3449 eodemque
536 3386 673 3431 modo
712 3387 828 3445 apud
870 3386 980 3431 alios
1019 3402 1135 3430 con-

245 3451 396 3495 iuncta
421 3445 708 3506 reperiuntur
733 3444 976 3492 vocabula.
1015 3443 1135 3487 velut

246 3508 361 3565 apud
400 3505 518 3549 Ptin.
548 3502 688 3559 Epist.
716 3501 756 3552 3,
783 3501 825 3556 6,
854 3501 894 3543 3.
932 3509 1057 3544 vetus
1089 3509 1134 3543 ee

242 3569 484 3618 antiquum
507 3570 548 3605 et
572 3562 732 3615 Paneg.
766 3560 830 3609 11.
853 3559 897 3601 4.
923 3560 1028 3601 illos
1053 3573 1133 3601 ve-

1204 1565 1326 1600 teres
1345 1563 1390 1599 ec
1409 1556 1636 1612 antiquos.
1695 1553 1752 1598 Et
1773 1554 1992 1599 sententia
2008 1553 2095 1599 exi·

1205 1617 1291 1672 git,
1330 1621 1380 1657 ut
1410 1620 1618 1657 recentes
1642 1620 1836 1668 ponatur
1858 1627 1943 1671 pro
1967 1620 2092 1656 vece-

1204 1687 1296 1721 res,
1325 1673 1360 1715 si
1381 1671 1562 1728 quidem
1585 1679 1742 1714 auctor
1764 1667 1963 1717 indicare
1984 1669 2096 1721 vnit.

1205 1745 1375 1772 nomen
1396 1730 1602 1785 ineptum
1621 1742 1730 1776 esse,
1752 1726 1788 1770 si
1811 1726 1932 1770 idem
1953 1724 2094 1774 homo

1206 1795 1374 1830 veteres
1397 1785 1501 1829 illos
1525 1792 1627 1829 cnm
1652 1782 1731 1837 iis,
1757 1785 1833 1842 qui
1855 1800 1933 1829 sua
1954 1791 2096 1829 aetate

1209 1845 1393 1894 vivunt,
1445 1843 1723 1902 coniungere
1766 1849 1929 1899 potest.
1963 1893 1968 1902 ³
2005 1839 2096 1886 Re-

1211 1911 1363 1946 centes
1384 1901 1519 1958 igitur
1542 1900 1580 1943 is
1602 1897 1784 1961 copulat
1807 1915 1912 1944 cum
1937 1899 2097 1946 veteri·

1208 1961 1305 2004 bus.
1392 1972 1550 2001 recens
1595 1959 1790 2012 antiquo
1836 1972 1896 2014 op
1930 1957 2094 2001 ositum

1208 2016 1367 2073 Agric.
1399 2032 1439 2060 e.
1465 2017 1532 2058 10.
1563 2013 1682 2057 Plin.
1702 2013 1785 2073 Ep.
1807 2014 1850 2063 8,
1868 1973 1962 2070 12]

1270 2144 1406 2186 quos.
1465 2128 1551 2172 Ed.
1578 2129 1681 2173 Ber.
1707 2142 1813 2186 quo,

1267 2243 1385 2287 CAP.
1412 2243 1478 2288 18.
1537 2258 1602 2287 ex
1621 2245 1789 2287 horum
1809 2250 1935 2289 orat.
1946 2245 2097 2302 sama

1205 2302 1447 2357 gloriaque
1493 2304 1616 2344 laus.
1697 2300 1936 2345 Meliorem
1981 2301 2097 2347 hane.

1206 2359 1478 2417 scripturam
1529 2358 1744 2401 debemus
1793 2359 1899 2404 cod.
1940 2359 2095 2408 Fam..

1207 2434 1255 2460 ex
1322 2431 1413 2475 quo
1495 2432 1590 2459 eam
1656 2415 1846 2474 Lipsius,
1901 2417 2095 2475 καρῖδ’,

1208 2490 1302 2517 non
1357 2473 1493 2531 igitur
1552 2489 1602 2515 ex
1660 2473 1922 2517 coniectura
1982 2490 2094 2532 pro-

1207 2532 1321 2574 fecta
1369 2540 1458 2579 est,
1517 2537 1565 2573 ut
1604 2530 1786 2573 Dronk.
1832 2540 1876 2576 et
1919 2531 2094 2576 Onnn.

1207 2591 1467 2647 opinantur.
1536 2586 1652 2630 Cum
1681 2587 1955 2633 Farnesiano
1987 2603 2094 2632 con·

1207 2645 1339 2689 sentit
1390 2645 1503 2688 liber
1547 2644 1733 2702 Neapol.
1822 2643 1938 2690 Edd.
1981 2660 2096 2704 quae

1209 2702 1434 2760 Lipsianas
1489 2702 1762 2746 antecedunt
1823 2709 1869 2745 et
1923 2703 2095 2747 horum

1208 2769 1328 2803 orat.
1378 2759 1526 2814 sama
1577 2758 1822 2815 gloriaque
1867 2775 1925 2804 ae
1972 2764 2095 2808 laus,

1209 2818 1330 2874 quod
1390 2816 1552 2873 quibus
1614 2814 1863 2860 rationibus
1915 2815 2095 2862 defendi

1210 2875 1371 2932 possit,
1421 2881 1470 2915 ut
1514 2872 1692 2917 volebat
1735 2872 2095 2924 schurzfleiscb..

1210 2948 1299 2974 non
1321 2929 1554 2989 perspicio.
1574 2930 1724 2986 sama
1739 2933 1975 2989 gloriaque
1993 2947 2094 2990 syn-

1206 2984 2094 3102 εεζτεηῑῑῖ,.ῖὲὶἰ;.;’.““3·ξ..ῑε;ῑρ·,τῑ,ζ·

1209 3118 1248 3145 c.
1281 3102 1325 3145 4.
1361 3110 1401 3145 et
1433 3101 1505 3144 48.
1548 3101 1664 3145 Ptin.
1694 3101 1779 3161 Ep.
1807 3107 1848 3154 4,
1873 3103 1914 3147 2.
1949 3104 1992 3155 δ’.
2021 3105 2093 3148 29.

1205 3159 1246 3211 7,
1276 3159 1348 3202 28.
1388 3167 1432 3201 et
1463 3158 1630 3217 Paneg.
1667 3175 1707 3202 c.
1746 3162 1813 3203 10.
1883 3159 1948 3205 Ut
1980 3160 2027 3205 h.
2062 3161 2093 3206 Ι.

1207 3220 1316 3260 laus
1359 3216 1628 3272 adquiritur
1670 3216 1842 3260 dietum
1885 3227 1976 3268 est.
2031 3217 2092 3263 ita

1205 3274 1322 3332 apud
1345 3273 1538 3316 eundem
1564 3272 1763 3316 Plinium
1785 3274 1868 3332 Ep.
1895 3278 1933 3331 1,
1962 3277 2026 3326 10,
2039 3276 2090 3322 26.

1205 3345 1327 3387 quae
1347 3361 1359 3375 .
1386 3363 1396 3373 .
1424 3363 1435 3374 .
1457 3331 1533 3373 illi
1548 3337 1710 3373 tamen
1725 3333 1988 3384 plut-smum
2014 3347 2092 3375 ve-

1205 3391 1457 3432 eze-rationis
1477 3389 1745 3444 adquirunt.

1257 3503 1549 3558 propiorem.

1203 3572 1302 3602 rem
1311 3592 1318 3602 .

1615 3500 1698 3546 Ed.
1731 3500 1835 3547 Put.
1865 3508 2087 3559 proprio-

1388 3559 1555 3604 Eadem
1581 3559 1788 3605 confusio
1815 3559 1931 3607 infra
1957 3577 1997 3608 e.
2021 3563 2088 3610 21.
