2150 4022
336 279 583 370 iuml
626 278 946 343 Acme.
992 257 1473 335 v1TA·cA‘P.
1510 273 1656 341 aa.
1799 275 1920 333 115

71 433 151 487 ita
186 443 323 492 nOS,
380 418 525 496 quid
569 416 635 471 in
682 409 987 476 servitute,

1041 405 1312 480 adempto
1356 425 1463 482 per
1505 403 1919 480 inquisitiones

71 528 128 574 et
156 505 439 586 loquendi
478 498 876 573 audiendique
918 490 1290 549 commercio,
1376 489 1731 546 Memoriam
1766 514 1919 569 quo..

77 618 190 677 qne
231 596 416 669 ipsam
456 608 587 645 cum
628 601 771 640 voce
809 577 1294 655 perdidissem11S‚
1355 575 1404 630 si
1448 587 1565 632 tam
1611 576 1676 632 in
1716 590 1918 636 nostra

76 692 353 759 potestate
377 685 525 732 esset
546 667 816 727 oblivisci
844 683 1019 741 qnam
1045 672 1253 719 tacere.

241 785 353 849 III.

438 785 611 843 Nunc
658 782 897 837 demum
947 773 1102 831 redit
1149 768 1408 826 animus:
1473 781 1529 826 et
1582 787 1919 849 quanquam

68 878 262 955 primo
309 872 505 931 statim
551 861 872 923 beatissimi
911 858 1127 916 saeculi
1161 866 1298 912 ortu
1334 851 1528 911 Nerva
1575 854 1789 914 Caesar
1828 878 1922 915 res

72 965 217 1027 olim
247 954 643 1016 dissociabiles
675 945 1004 1014 miscuerit,
1045 940 1443 1018 principatum
1472 960 1536 996 ac
1573 940 1922 1012 libertatem,

72 1059 392 1122 augeatque
433 1038 697 1118 quotidie
730 1033 1066 1091 felicitatem
1109 1038 1443 1101 temporum
1479 1022 1671 1082 Nerva
1710 1026 1930 1086 Traia-·

130 1302 465 1360 inquisitiones.
551 1293 610 1338 cf.
656 1290 762 1336 infr.
809 1305 850 1332 c.
885 1285 960 1331 43.

72 1364 188 1406 Edd.
221 1361 398 1417 Bipont.
435 1363 477 1396 et
505 1350 662 1409 Engel.
701 1348 856 1390 ferunt
887 1347 962 1387 in-

71 1422 314 1476 quisitores
334 1422 490 1459 contra
512 1417 710 1453 veterum
738 1405 961 1447 librorum

72 1477 396 1521 auctoritatem.

131 1586 175 1620 et
219 1573 450 1632 loquendi.
535 1565 711 1624 Lipsius
767 1559 962 1603 malebat

73 1638 216 1679 etiam
249 1628 483 1688 loquendi.
541 1624 712 1666 Verum
737 1627 781 1661 et
808 1618 960 1660 eadem

74 1694 216 1737 utitur
239 1690 298 1736 vi.
344 1687 407 1731 cf.
426 1693 519 1728 not.
542 1681 594 1724 ad
613 1681 700 1722 An.
718 1678 805 1728 1,4.
818 1689 962 1727 aegro

72 1759 118 1793 et
138 1761 348 1801 corpore.
406 1743 503 1786 Nec
531 1737 715 1782 debebat
743 1731 964 1775 Hertelius

76 1808 164 1851 huc
212 1803 385 1847 trahere
425 1793 712 1842 Ramshornii
757 1789 963 1834 animad-

75 1865 330 1909 versionem
373 1858 427 1901 de
469 1851 642 1912 copulis
679 1856 726 1892 et
761 1880 773 1891 .
799 1880 809 1890 .
834 1878 847 1889 .
879 1861 966 1901 que

79 1921 307 1978 (Granum.
345 1932 390 1974 p.
416 1913 550 1967 518.).
623 1906 822 1950 Multum
855 1919 965 1960 quo-

78 1995 165 2039 que
184 1979 317 2024 abest,
340 1980 389 2015 ut
410 1971 575 2014 audire
601 1966 642 2009 h.
663 1963 693 2008 l.
716 1963 773 2006 sit
791 1978 860 2003 res
886 1962 966 2003 mi-

79 2036 201 2080 noris
232 2027 475 2080 momenti,
520 2034 569 2069 ut
601 2023 657 2066 sit
692 2018 965 2078 gravissima.

76 2093 252 2137 Etenim
301 2104 394 2131 non
437 2084 582 2128 solum
623 2093 774 2122 sermo
817 2075 963 2118 homi-

14 2165 18 2169 ·
77 2166 186 2194 num
223 2145 577 2191 custodiebatur,
611 2136 691 2181 sed
731 2152 785 2178 ne
812 2134 966 2177 audire

78 2208 256 2265 quidem
282 2203 398 2246 dicta
428 2202 474 2243 in
507 2209 753 2256 tyrannum
787 2192 966 2235 licebat.

78 2263 310 2308 Heinsium
335 2273 515 2317 quoque
538 2262 582 2297 et
612 2250 884 2299 offenderat,
917 2255 968 2290 ut

81 2321 338 2364 emendaret
382 2313 636 2370 eloquendi.
727 2306 817 2350 Sed
857 2305 967 2364 quid

82 2377 289 2423 Heinsius
310 2391 405 2417 non
429 2366 715 2415 emendavit?

133 2475 520 2535 perdidissemus.
576 2467 633 2510 H.
660 2484 696 2510 e.
723 2483 777 2509 eo
803 2465 970 2523 patien-

82 2540 166 2582 tiae
186 2531 375 2592 profecti
409 2542 628 2577 essemuS,
663 2531 712 2566 ut
736 2539 792 2566 ne
814 2519 972 2563 memi-

82 2595 200 2638 nisse
239 2589 421 2648 quidem
462 2584 758 2632 auderemus,
817 2580 850 2622 si
887 2586 971 2620 etc.

82 2653 224 2710 Igitur
255 2663 312 2690 ne
345 2643 555 2689 sollicites
581 2637 855 2685 vocabulum
883 2650 969 2677 no-

82 2719 187 2751 stra
209 2713 310 2749 ante
342 2707 577 2757 potestate
605 2713 710 2741 cum
733 2682 970 2738 taeobo¹in

85 2765 230 2808 Jahnii
251 2778 262 2806 τ
290 2760 454 2803 Jahrb.
478 2758 507 2801 l.
530 2755 562 2799 l.

143 2866 255 2910 CAP.
279 2861 322 2907 3.
379 2867 423 2902 et
446 2869 731 2913 quanquam.
790 2850 972 2909 Bipont.

85 2925 298 2974 aruimus,
335 2920 417 2960 sed
440 2927 708 2971 quanquam
735 2917 819 2952 etc.
891 2908 973 2950 Pa-

88 2989 273 3024 rum-unt
304 2974 456 3030 Engel.
491 2980 531 3013 et
557 2968 791 3013 WVeikert.
853 2965 972 3010 Con-

92 3049 153 3081 tra
199 3033 443 3077 Oberlinus
505 3035 544 3070 et
598 3024 830 3069 Dronkius
886 3023 974 3065 do-

90 3102 205 3141 cent,
234 3099 275 3134 el
303 3090 472 3145 saepius
492 3084 601 3143 poni
655 3099 706 3125 ro
723 3086 818 3125 sed.
887 3081 973 3122 Ad-

91 3154 154 3195 dit
193 3146 414 3193 Hertelius
457 3158 549 3187 non
594 3100 760 3196 uliique
811 3139 973 3180 oratio·

90 3226 194 3252 nem
252 3206 303 3249 ad
362 3203 534 3245 strictas
584 3198 748 3255 logices
799 3195 975 3253 regulas

91 3261 392 3310 conformari:
462 3255 818 3299 observationem
874 3255 975 3294 loco

124 3339 250 3367 arum
295 3315 695 3363 convenientem„
750 3313 863 3354 Nam
915 3309 975 3351 nil

92 3340 165 3424 liic
207 3387 270 3421 est
304 3381 538 3434 peccatum
575 3371 622 3411 in
659 3368 840 3426 logicis,
896 3381 980 3407 nec

95 3435 278 3496 ponitur
313 3441 357 3475 et
389 3445 472 3489 pro
515 3431 624 3481 sed,
677 3427 860 3468 minime
894 3438 978 3467 ve-

97 3510 151 3536 ro
198 3507 279 3549 pro
338 3497 380 3531 et
438 3496 625 3539 tamen,
694 3482 757 3526 uti
804 3483 980 3528 videtur

97 3547 348 3592 Watehioz
399 3545 541 3586 immo
595 3540 734 3583 utitur
785 3537 981 3596 genuina

98 3623 175 3652 sua
229 3602 470 3660 copulandi
527 3607 570 3641 et
623 3596 869 3656 explicandi
918 3593 980 3638 vi.

182 3672 425 3722 TAcvrus
471 3665 565 3716 IV.

1033 1285 1178 1327 Locus
1201 1280 1410 1324 cohaeret
1436 1281 1524 1325 sict
1564 1282 1702 1326 Nune
1726 1286 1919 1328 demum

1032 1343 1153 1385 redit
1175 1340 1391 1384 animus:
1434 1338 1570 1396 igitur
1593 1342 1799 1384 nondum
1824 1343 1921 1400 ple-

1033 1415 1092 1441 ne
1124 1396 1275 1440 rediit.
1355 1395 1495 1439 Cuius
1534 1399 1748 1442 tarditatis
1780 1401 1921 1443 ratio-

1035 1472 1139 1498 nem
1180 1455 1375 1511 scriptor
1419 1453 1565 1496 reddit
1608 1455 1652 1498 in
1694 1458 1923 1514 sequenti-

1033 1514 1144 1579 1)υεὶ
1168 1519 1214 1553 et
1237 1526 1508 1567 quanquam
1532 1519 1615 1555 etc.
1677 1512 1831 1568 Quare
1848 1531 1928 1572 pei·

1033 1569 1297 1626 particulam
1339 1584 1387 1610 ex
1426 1567 1674 1618 licativam,
1722 1587 1813 1614 non
1848 1589 1929 1630 per

1033 1626 1357 1693 adversativam
1394 1586 1502 1668 iiaec
1527 1642 1631 1668 curn
1659 1632 1928 1686 praeceden-

1034 1685 1154 1727 tibus
1204 1691 1295 1725 erat
1339 1683 1668 1739 coniungenda.
1757 1684 1927 1730 Contra

1035 1740 1250 1784 Watchii
1284 1749 1594 1783 commentum
1622 1741 1668 1783 id
1696 1742 1827 1786 etiam
1864 1745 1928 1786 ‹ti-

1037 1798 1231 1842 cendum
1253 1796 1449 1845 videtur,
1476 1797 1667 1853 pessime
1688 1816 1734 1841 se
1759 1803 1928 1859 excipe-

1036 1872 1108 1899 re:
1142 1863 1187 1897 et
1215 1862 1418 1897 tamen
1443 1869 1714 1910 quanquam
1740 1890 1749 1898 .
1767 1890 1776 1900 .
1793 1887 1804 1900 .
1823 1875 1929 1900 ,ηα-

1035 1922 1145 1955 tura
1179 1920 1378 1955 tamen
1411 1920 1496 1954 etc.
1574 1913 1835 1958 Bottichero
1870 1925 1931 1958 ta-

1036 1986 1140 2013 men
1179 1985 1285 2013 cum
1317 1967 1547 2011 Watchio
1584 1970 1774 2027 placuit:
1830 1979 1929 2016 und

1037 2030 1151 2070 doch
1174 2058 1186 2069 .
1205 2059 1215 2070 .
1235 2058 1247 2071 .
1267 2059 1277 2070 .
1306 2028 1527 2069 dennoch.

1093 2127 1354 2170 beatissimi
1382 2128 1569 2170 saeculi.
1643 2127 1720 2171 Sic
1752 2131 1927 2174 tristis-

1036 2188 1208 2230 simum
1240 2186 1482 2228 Saeculum
1516 2185 1631 2242 apud
1668 2185 1790 2230 Ptin.
1829 2205 1932 2248 epp.

1039 2247 1106 2296 10,
1128 2243 1172 2286 2.
1199 2242 1254 2285 de
1277 2241 1584 2285 dominatione
1608 2242 1875 2290 Domitiani.

1095 2346 1253 2388 Nerva
1279 2343 1465 2385 Caesar.
1526 2341 1588 2383 Ex
1623 2341 1711 2386 hoc
1742 2347 1928 2388 nomine

1039 2411 1160 2446 recte
1194 2401 1425 2457 colligitur
1455 2398 1657 2441 libellum
1681 2399 1801 2444 hunc
1827 2403 1932 2447 vivo

1040 2460 1184 2502 Nerva
1207 2475 1301 2500 esse
1329 2458 1513 2500 editum.
1564 2456 1678 2499 Nam
1701 2467 1939 2506 mortuum

1042 2516 1223 2560 Tacitus
1246 2514 1423 2556 dixisset
1443 2516 1602 2555 diuum
1615 2515 1826 2558 Nervam
1883 2508 1941 2561 ut*

1041 2573 1157 2616 Hist.
1187 2576 1224 2623 1,
1250 2573 1290 2615 1.
1313 2571 1607 2613 diviNer-vae
1637 2580 1680 2614 et
1704 2572 1809 2618 infr.
1835 2551 1931 2619 'c.9.

1043 2632 1177 2674 divus
1226 2629 1574 2683 Vespasianus:
1630 2636 1673 2671 et
1727 2632 1933 2688 quotiens

1044 2704 1148 2732 cum
1195 2686 1356 2729 decore
1402 2692 1688 2729 mort-uorum
1734 2697 1776 2730 et
1818 2691 1935 2733 inter

1044 2747 1152 2788 deos
1194 2744 1439 2786 relatorum
1472 2742 1712 2787 Caesarum
1748 2748 1933 2791 nomina

1043 2802 1160 2859 apud
1185 2801 1399 2843 Nostrum
1435 2799 1722 2853 adferuntur,
1760 2804 1933 2862 epithe-

1044 2871 1123 2924 ton
1140 2861 1271 2901 diuus
1286 2873 1378 2899 non
1397 2856 1532 2899 deest.
1566 2857 1631 2900 Ne
1649 2859 1834 2903 obiicias
1852 2878 1934 2905 no—

1046 2932 1171 2960 mma
1191 2914 1374 2962 Tiberii,
1405 2914 1495 2957 Caii
1522 2923 1563 2957 et
1581 2915 1790 2967 Neronis,
1824 2935 1936 2976 quae

1045 2975 1140 3018 sine
1171 2973 1252 3016 illo
1286 2971 1459 3014 honore
1495 2970 1705 3031 leguntur
1737 2976 1935 3032 prolata:

1045 3049 1146 3098 nam
1178 3030 1276 3087 quis
1300 3044 1497 3085 unquam
1522 3031 1620 3072 illos
1645 3030 1750 3075 dixit
1775 3034 1939 3077 divos?

1046 3090 1158 3132 lhst.
1185 3091 1222 3138 1,
1238 3091 1274 3130 1.
1299 3085 1484 3143 legimus
1510 3087 1690 3143 quidem
1717 3106 1748 3130 a
1764 3091 1936 3146 Vespa-

1046 3149 1209 3200 siano,
1266 3160 1298 3186 a
1333 3143 1465 3186 Tito.-
1514 3145 1590 3186 sed
1645 3146 1704 3188 ibi
1749 3164 1782 3190 a
1832 3151 1936 3191 diuo

1050 3205 1371 3258 Vespasiano,
1403 3218 1434 3243 a
1468 3203 1574 3243 divo
1601 3202 1704 3246 Tito
1735 3207 1792 3249 ob
1825 3222 1935 3248 con·

1049 3270 1213 3304 textum
1238 3258 1425 3302 absurda
1449 3270 1609 3302 essent.

1097 3360 1378 3417 felicitatem
1399 3366 1676 3411 temporum.
1737 3361 1812 3404 Sic
1831 3362 1936 3407 MS.

1053 3418 1200 3461 Vatic.
1232 3415 1360 3460 3429.
1395 3415 1502 3458 edd.
1528 3415 1713 3461 Becker.
1746 3418 1937 3465 Hui-rtet.-

1055 3474 1283 3541 liroterius
1331 3475 1443 3516 mire
1484 3481 1598 3516 tacet
1644 3474 1699 3516 de
1745 3454 1940 3536 utroque:

1054 3532 1210 3576 codice
1261 3530 1495 3574 Vaticano.
1536 3555 1592 3564 —
1657 3531 1940 3587 filieitatem

1053 3590 1239 3645 imperii
1255 3588 1354 3632 edd.
1377 3587 1479 3631 Put.
1503 3602 1570 3643 pr.
1594 3587 1659 3632 Μ.
1683 3598 1725 3634 et
1742 3590 1794 3635 V.
1817 3593 1942 3646 (haec

1302 3647 1360 3704 H
