2150 4022
326 259 562 326 IULII
608 208 942 334 AGRI‘C.
980 252 1221 316 VITA
1274 228 1748 316 CAP.34.35.'
1831 228 1949 315 1855

105 393 452 467 „transigite
491 410 627 447 cum
659 385 1154 462 expeditionibus:
1208 385 1495 460 imponite
1523 385 1954 463 quinquaginta

103 529 139 552 „
155 479 324 538 annis
348 495 628 548 magnum
656 474 844 529 diem:
891 470 1212 546 adprobate
1236 471 1325 525 rei
1349 471 1618 546 publicae
1642 490 1952 547 nunquam

105 563 428 635 „exercitui
469 558 750 635 imputari
785 555 1046 633 potuisse
1081 566 1184 612 aut
1217 574 1412 612 moras
1445 556 1590 612 belli
1624 567 1724 613 aut
1753 575 1953 612 causas
1991 582 1994 587 ·

104 697 137 719 ‚,
151 646 496 707 rebellandi.
512 644 540 663 ''

271 739 519 799 XXXV.
559 735 640 796 Et
664 739 1016 813 adloquente
1043 730 1234 791 adhuc
1260 728 1535 808 Agricola
1560 737 1822 809 militum*
1856 757 1952 794 ar-

23 937 33 948 ’
102 946 274 990 rabitur
307 941 410 985 edd.
444 941 727 999 antiquarum
757 932 991 997 scriptura.

103 1005 217 1047 Edd.
255 1001 355 1044 Put.
393 1015 461 1056 pr.
488 999 614 1041 Med.
641 999 753 1040 Ven.
779 994 992 1039 Beroald-

1063 935 1263 980 bendum
1293 944 1447 982 censet
1469 939 1599 990 depr.
1625 946 1761 994 sunt,
1779 940 1952 985 mavis·-

1062 997 1180 1037 simo
1215 997 1284 1049 (id
1313 1003 1383 1038 est
1417 998 1653 1048 extremo)
1693 1005 1821 1039 metu
1848 1012 1952 1040 cor-

105 1062 208 1105 Alc.
251 1057 528 1114 deprehensi
563 1063 699 1098 sunt:
747 1055 992 1096 novissime
1058 1067 1181 1107 pora
1202 1054 1412 1110 defixere
1434 1054 1580 1096 aciem
1603 1053 1652 1095 in
1672 1055 1716 1097 h.
1733 1068 1800 1102 v.‚
1823 1055 1884 1098 ita
1906 1065 1956 1100 ut

105 1121 154 1162 id
186 1126 231 1161 et
263 1116 420 1170 (falsus
456 1122 520 1158 est
552 1111 785 1156 Dronkius
823 1118 895 1153 est
929 1107 992 1151 ibi
1065 1110 1114 1151 id
1155 1119 1226 1152 est
1262 1117 1484 1152 extremo
1526 1110 1698 1153 scribae
1741 1111 1956 1156 debeatur

103 1177 188 1235 legi
211 1175 472 1225 adfirmans)
501 1178 718 1214 extremo
739 1175 870 1211 metu
891 1181 992 1209 cor·

53 1239 57 1242 ’
102 1249 224 1291 pora
250 1232 460 1289 defixere
482 1230 634 1271 aciem
661 1228 707 1269 in
733 1229 782 1269 h.
814 1225 990 1280 vestig„

107 1292 178 1334 ed.
213 1290 414 1332 Rhenan.
451 1287 722 1339 deprehensi
757 1289 869 1325 sunt
903 1296 995 1322 no-

108 1348 305 1400 vissimi,
343 1355 385 1387 ec
407 1352 625 1386 extremo
648 1349 780 1383 metu
801 1353 996 1393 corpora

106 1406 315 1462 defixere
357 1404 406 1444 in
446 1404 490 1444 h.
533 1416 572 1442 υ.
590 1433 603 1454 ,
666 1398 809 1454 [quod
853 1413 998 1454 nuper

104 1464 324 1519 scriptum
357 1468 423 1504 est
461 1459 515 1502 ab
552 1457 586 1502 Ι.
614 1455 867 1509 Bekkero]‚
918 1453 996 1498 sed

104 1521 221 1564 idem
248 1518 295 1560 in
319 1517 532 1571 castigatt.
558 1514 824 1564 novissime,
855 1513 905 1555 id
928 1517 997 1553 est

104 1585 319 1621 extremo
342 1582 471 1617 metu
494 1570 810 1629 reponendum
836 1569 994 1612 suade·

104 1636 206 1682 bat,
242 1631 361 1676 unde
384 1630 579 1674 Pie-,hena
612 1627 879 1672 coniiciebat
911 1630 996 1668 de-

104 1694 233 1746 preh.
244 1697 351 1733 sunt
366 1703 426 1730 no
433 1687 613 1730 nissimi
621 1703 631 1728 ε
656 1687 762 1733 ideo>
779 1692 998 1726 extremo

108 1756 238 1792 melu
269 1760 468 1800 corpora
500 1745 709 1799 defixere
747 1744 795 1784 in
832 1744 882 1784 h.
918 1755 997 1783 ve-

107 1808 212 1859 stig.
230 1837 242 1853 ‚
269 1803 393 1861 quod
415 1800 725 1860 praeplacebat
748 1797 996 1842 Walchio.

108 1861 315 1907 Rhenani
336 1860 559 1904 correctio
585 1857 634 1900 in
659 1856 868 1899 omnibus
896 1854 997 1899 edd.

108 1921 163 1964 ad
198 1917 458 1962 Broterium
503 1930 646 1971 usque
687 1915 836 1958 locum
881 1913 997 1954 obti-

110 1977 234 2028 nuit,
281 1975 357 2019 sed
395 1974 431 2017 is
464 1980 642 2017 servato
675 1971 917 2014 novissimi
948 1985 999 2013 ex

110 2035 328 2079 Vaticano
344 2031 461 2074 libro
477 2045 554 2073 res
575 2036 619 2071 et
639 2037 855 2071 eaetremo
872 2035 1001 2069 metu

109 2106 236 2146 corp.
277 2090 483 2144 defixere
529 2089 694 2142 (aciem
734 2085 909 2138 omisit)
953 2085 1001 2127 in

108 2153 151 2197 h.
175 2163 218 2192 υ.
280 2145 510 2190 Ernestius
535 2142 745 2188 audacius
774 2158 907 2201 quam
941 2141 1001 2184 fe·

111 2206 266 2252 liciusz
306 2208 435 2258 depr.
462 2210 572 2246 sunt
602 2201 916 2254 ignavissimi,
958 2207 1003 2242 et

111 2271 239 2309 extr.
267 2271 394 2304 metu
418 2259 592 2312 torpidi
611 2260 753 2315 defix.
784 2258 934 2300 aciem
956 2259 1003 2299 in

110 2325 180 2366 his
197 2320 383 2372 vestig.;
405 2318 504 2360 edd.
520 2317 698 2372 Bipont.
712 2315 870 2358 Oberl.
887 2331 898 2356 ε
923 2329 1002 2356 no-

112 2380 292 2422 vissime
312 2389 388 2417 res
409 2382 453 2416 et
477 2381 602 2415 extr.
624 2389 688 2416 m.
712 2387 835 2426 corp.
858 2373 1002 2428 d‘fi³5·

111 2439 160 2480 in
182 2436 252 2476 his
275 2439 410 2486 vest„
436 2432 511 2473 sed
534 2428 610 2471 ille
630 2431 1004 2482 tentabatzsslepr.

114 2500 222 2537 sunt
246 2490 392 2532 cervis
412 2489 588 2530 similes
603 2520 614 2538 ,
656 2493 699 2528 et
726 2493 854 2529 extr.
878 2492 1004 2526 metu

115 2562 311 2603 corpora
365 2546 571 2602 defixere
632 2543 692 2598 (h.
750 2559 791 2587 e.
841 2543 1010 2597 obs-tivi

113 2609 262 2658 stant)
285 2605 333 2645 in
354 2607 399 2646 h.
427 2608 565 2654 vest„
603 2599 676 2643 hic
703 2600 855 2643 locum
881 2614 1006 2641 non-

114 2666 221 2708 dum
248 2668 531 2720 pers-anatum
557 2657 866 2716 profitebatur.
900 2657 1004 2700 See-

113 2721 250 2766 bod.:
304 2722 434 2772 depr.
475 2723 586 2759 sunt
628 2715 927 2768 ignavissimi
960 2722 1005 2756 ec

117 2786 238 2822 extr.
264 2783 376 2819 met.
404 2787 599 2827 corpora
623 2774 832 2829 defixere
856 2774 1005 2815 aciem

114 2838 161 2879 in
193 2838 239 2879 Ῐι.
271 2849 344 2888 υ.,
400 2830 579 2874 Dronk.
614 2828 856 2874 Rieklefsio
893 2846 1005 2888 pro-

115 2895 275 2937 bante:
321 2894 451 2941 depr.
491 2895 627 2930 sunt:
671 2887 920 2930 novissime
961 2893 1006 2928 et

117 2958 243 2994 extr.
263 2957 390 2991 metu
411 2959 606 3001 corpora
628 2947 839 3002 defixere
859 2945 909 2986 in
932 2944 1006 2987 his

118 3014 246 3061 vest,
277 3003 489 3048 Becken:
514 3007 646 3056 depr.
665 3010 793 3045 sunt.
836 3003 1005 3044 Novis-

116 3067 232 3109 sime
265 3076 370 3116 ergo
405 3068 450 3102 et
479 3068 600 3102 extr.
645 3067 774 3101 metu
809 3073 1006 3115 corpora

117 3122 260 3177 defix.
288 3119 439 3161 aciem
471 3118 517 3159 in
547 3118 619 3159 his
651 3123 767 3160 vest.
785 3150 797 3170 ‚
839 3116 1003 3159 Herte-

121 3180 216 3228 lius,
249 3184 298 3219 ut
318 3175 443 3222 solet,
470 3173 657 3216 Beckeri
679 3172 857 3231 vestigia
879 3174 1004 3216 anxie

120 3234 305 3294 premit,
338 3231 420 3275 nisi
449 3230 597 3289 quod:
637 3232 902 3274 Novissime
927 3245 1005 3272 res

119 3298 225 3347 crgo
261 3298 306 3334 et
345 3296 471 3332 extr.
506 3303 555 3330 ex
593 3287 807 3330 Vaticano
850 3288 1005 3331 rescri-

119 3350 218 3407 psit.
277 3346 429 3390 Placet
455 3345 706 3387 adscribere
736 3346 789 3387 V.
814 3345 873 3389 D.
900 3359 1005 3389 con-

119 3411 359 3454 iecturam,
401 3418 513 3461 quae
540 3402 691 3444 nescio
719 3401 838 3445 unde
865 3403 1004 3446 inno-

122 3461 229 3505 tuit:
269 3463 370 3503 ideo
404 3466 618 3502 extremo
652 3467 779 3502 metu
816 3475 871 3502 ac
905 3468 1003 3501 tor-

117 3532 230 3573 pore
257 3518 459 3572 defixere
488 3518 654 3560 aciem.
713 3515 900 3574 Selling.
921 3517 997 3558 de·

124 3577 256 3633 nique
282 3574 522 3621 observatt.
546 3574 591 3616 in
614 3574 721 3630 Agr.
744 3589 785 3630 p.
801 3574 875 3619 28.
897 3572 1003 3617 scri-

1062 1169 1313 1210 novissime
1337 1167 1543 1210 vocabuli
1571 1183 1704 1210 usum
1735 1169 1958 1213 rariorem

1066 1225 1320 1282 explicanti.
1376 1225 1594 1273 Subtilius
1623 1224 1808 1282 explicat
1838 1229 1958 1284 defi-

1065 1297 1172 1336 gere
1205 1283 1354 1324 aciem
1389 1297 1470 1339 pro
1509 1286 1566 1324 de
1599 1297 1645 1335 g.
1678 1284 1832 1325 oculos
1874 1284 1954 1338 (cf.

1067 1339 1186 1382 Plin.
1208 1339 1264 1382 N.
1286 1339 1342 1382 H.
1367 1340 1406 1391 8,
1426 1340 1469 1381 9.
1572 1355 1655 1383 aes.
1688 1340 1742 1383 de
1765 1341 1869 1384 bell.
1898 1341 1956 1386 G.

1070 1400 1107 1448 1,
1144 1396 1261 1453 39.),
1314 1396 1374 1440 ita
1415 1405 1694 1441 ut=acumen
1728 1399 1958 1454 quoddam

1066 1463 1328 1511 agnosceret
1355 1454 1595 1512 Agricolae
1627 1454 1673 1499 in
1705 1454 1826 1500 hisce
1854 1473 1959 1503 ver-

1066 1514 1133 1556 bis
1153 1512 1346 1556 ludentis
1357 1511 1650 1570 aptissimum,
1677 1529 1798 1570 „quo
1811 1513 1962 1559 hostes

1064 1570 1174 1612 risui
1198 1576 1344 1613 essent
1367 1579 1409 1613 et
1433 1569 1626 1612 militum
1648 1570 1787 1613 animi
1823 1587 1964 1630 auge..

1066 1630 1270 1672 1·entur.’‘
1331 1626 1419 1670 Sed
1442 1627 1568 1670 iocos
1592 1643 1722 1686 agere
1743 1629 1933 1676 videtur.

1126 1711 1388 1766 transigite.
1447 1710 1504 1754 cf.
1523 1709 1680 1753 Germ.
1704 1727 1744 1756 c.
1768 1713 1834 1757 19.
1853 1729 1961 1757 cum

1069 1785 1151 1825 spe
1174 1778 1369 1824 votoque
1389 1770 1558 1811 uxoris
1579 1770 1730 1811 semel
1745 1763 1961 1826 transigi-

1071 1837 1173 1881 tur,
1221 1828 1295 1868 ubi
1320 1824 1378 1869 cf.
1399 1826 1552 1869 adnot.
1617 1825 1757 1870 Recte
1794 1827 1966 1872 addidit

1071 1883 1343 1926 Boetticher.
1395 1884 1499 1926 Lex,
1551 1881 1696 1926 Tacit.
1759 1900 1804 1943 p.
1860 1885 1961 1930 465.

1073 1941 1266 1997 Quintil.
1297 1941 1407 1983 Inst.
1438 1955 1504 1984 or.
1532 1940 1573 1988 7,
1607 1942 1646 1988 1,
1675 1939 1746 1985 44.
1776 1949 1822 1984 et
1847 1947 1959 1998 pul-

1072 2002 1178 2041 chre
1192 1998 1345 2055 fuerit
1366 2013 1471 2040 cum
1493 2000 1719 2054 materia,
1760 2004 1967 2045 tumultu

1075 2064 1119 2099 et
1141 2060 1346 2100 clamore
1367 2064 1676 2100 transactum.

1131 2141 1368 2196 imputari.
1425 2138 1530 2183 MS.
1555 2139 1699 2185 Vatic.
1722 2138 1855 2189 3429.
1880 2142 1966 2186 im-

1069 2207 1258 2254 putare.

1133 2289 1217 2324 aut
1246 2295 1411 2324 moras
1439 2282 1552 2325 belli
1578 2290 1663 2324 aut
1693 2297 1863 2328 causas
1885 2300 1967 2328 re-

1073 2340 1289 2383 bellandi.
1372 2338 1506 2383 Prius
1548 2348 1634 2382 auc
1674 2341 1830 2384 nescio
1876 2358 1967 2400 quo

1075 2400 1171 2442 iure
1205 2413 1229 2440 a
1262 2395 1447 2454 Bipont,
1483 2405 1525 2440 et
1557 2396 1716 2454 Engel.
1749 2397 1968 2444 omissum

1075 2462 1156 2499 est.
1213 2455 1474 2498 rebellandi
1497 2453 1705 2498 exhibent
1734 2454 1835 2500 edd.
1859 2458 1970 2500 anti·

1077 2526 1190 2569 quae
1215 2525 1376 2555 omnes
1398 2519 1574 2567 praeter
1586 2509 1790 2555 Rhenan.
1807 2544 1820 2564 ‚
1848 2516 1968 2573 apud

1076 2584 1210 2627 quem
1235 2567 1488 2625 typothetae
1512 2566 1608 2610 sine
1644 2567 1783 2612 dubio
1812 2586 1969 2616 errore

1078 2628 1198 2682 (nam
1240 2626 1286 2667 in
1330 2625 1548 2682 castigatt.
1591 2641 1693 2668 eum
1736 2626 1969 2684 vulgatam

1077 2682 1347 2740 scripturam
1382 2682 1508 2739 sequi
1539 2691 1743 2739 apertum
1779 2688 1861 2740 est)
1891 2703 1971 2731 ex-

1077 2756 1283 2799 pressum
1324 2748 1390 2783 est
1424 2741 1713 2796 debellandi,
1767 2743 1889 2799 quod
1922 2760 1970 2792 se

1077 2796 1334 2842 emendasse
1391 2796 1557 2841 fatetur
1607 2796 1784 2856 Lipsius
1807 2831 1822 2851 ,
1893 2803 1968 2850 cui

1077 2870 1233 2899 omnes
1286 2864 1522 2913 acceptum
1572 2850 1796 2901 ’referunt-
1875 2858 1967 2902 Sed

1076 2927 1309 2971 perperam
1337 2911 1532 2955 Pichena
1567 2914 1832 2957 rebellandi
1852 2931 1968 2966 cau-e

1075 2984 1158 3012 sas
1182 2967 1394 3026 explicuit
1414 2969 1609 3014 incurias
1623 2971 1674 3012 'e't
1688 2972 1965 3023 acerbitates,

1077 3026 1239 3085 quibus
1270 3025 1399 3069 illatis
1432 3027 1489 3070 ad
1512 3025 1824 3072 rebellandum
1848 3031 1966 3076 inci-

1076 3084 1151 3127 tati
1173 3083 1263 3126 sint
1285 3082 1608 3141 provinciales,
1639 3086 1806 3130 rectius
1828 3095 1877 3131 tu
1896 3103 1967 3132 ac-

1078 3141 1174 3198 cipe
1200 3155 1303 3182 cum
1330 3139 1363 3183 Ι.
1389 3141 1461 3184 Fr.
1488 3140 1691 3184 Gronov.
1719 3142 1892 3188 diatrib.
1913 3145 1966 3188 in

1077 3200 1187 3241 Stat.
1218 3197 1313 3241 silv.
1348 3214 1388 3242 c.
1415 3198 1484 3242 52.
1518 3214 1564 3256 p.
1589 3198 1688 3242 347.
1721 3200 1791 3244 ed.
1815 3201 1969 3245 Hand.

1076 3253 1297 3312 ignaviam
1311 3288 1322 3307 ‚
1358 3254 1700 3315 dissolutionem
1714 3288 1726 3307 ,
1756 3259 1966 3304 securita-

1077 3322 1164 3355 tem
1193 3320 1234 3354 et
1257 3311 1511 3355 vecordiam
1533 3312 1725 3356 militum
1741 3347 1752 3366 ,
1777 3315 1897 3358 unde
1921 3317 1974 3359 fii

1076 3368 1260 3470 lducgarn
1297 3368 1557 3428 concepisse
1596 3370 1718 3413 credi
1762 3378 1968 3430 poterant

1090 3442 1155 3469 ian·
1189 3442 1269 3470 ari.

1135 3509 1246 3554 CAP.
1269 3508 1341 3554 35.
1401 3512 1604 3553 militum
1626 3512 1772 3553 ardor
1795 3514 1964 3557 emine·

1075 3573 1167 3611 bae.
1231 3566 1410 3612 Arztius
1429 3566 1622 3611 malebat
1641 3570 1892 3622 emicabat,
1918 3580 1966 3614 ut
