2150 4022
320 223 935 337 LtJffll‘AGRlC.
984 271 1218 340 vlTA
1262 270 1733 339 CAP.,16.«17..
1824 275 1942 336 145

83 408 267 467 teht-is
303 406 483 465 vitata
511 398 794 461 exercitus
834 403 922 460 ira
957 402 1270 458 indecorus
1307 406 1481 478 atque
1516 399 1758 469 humilis
1798 421 1931 479 pre-

78 492 243 551 cario
277 511 414 547 mox
446 489 727 564 praefuit:
772 509 838 544 ac
871 488 1032 544 ‘velut
1062 486 1249 560 pacti,
1295 489 1576 545 exercitus
1604 482 1932 562 licentiam,

79 581 202 635 ⁸dux
239 577 527 654 salutem,
591 570 734 631 haec
779 574 987 630 seditio
1023 572 1156 628 sine
1199 573 1482 644 sanguine
1526 575 1700 636 stetit.
1809 574 1935 634 Nec

82 662 314 718 Vettius
345 659 607 717 Bolanus
645 658 1020 717 manentibus
1055 652 1248 713 adhuc
1285 658 1560 715 civilibus
1596 660 1768 717 bellis
1810 661 1936 735 agi-

78 747 225 804 tavit
249 743 621 802 Britanniam
647 745 975 819 disciplina.
1051 741 1264 799 ‘eadem
1296 742 1508 800 inertia
1545 764 1693 818 erga
1715 741 1932 816 hosteS‚

80 831 288 888 similis
325 830 652 906 petulantia
691 842 1041 886 castrorum:
1086 826 1202 883 nisi
1242 829 1402 903 quod
1443 821 1726 886 innocens
1748 830 1930 888 Bola-

80 922 289 973 nus'et
330 916 518 973 nullis
558 915 784 972 delictis
824 915 1050 971 invisus
1105 912 1403 968 caritatem
1452 928 1758 987 paraverat
1795 918 1925 975 loco

82 1001 460 1062 auctoritatis,
958 1002 967 1007 ’

250 1121 447 1183 XVII.
535 1121 653 1181 Sed
704 1122 809 1178 ubi
853 1141 987 1178 eum
1032 1133 1221 1177 cetero
1264 1122 1406 1176 orbe
1449 1120 1839 1196 Vespasianus
1879 1138 1934 1183 et

80 1209 454 1268 Britanniam
497 1207 898 1282 reciperavit„
938 1205 1148 1285 magni!
1188 1206 1394 1275 duceS‚
1456 1208 1671 1280 egregii
1714 1211 1935 1266 exerci-

82 1307 210 1364 tuS‚
255 1294 483 1350 minuta
526 1289 786 1349 hostium
827 1311 972 1367 spes,
1040 1288 1136 1347 Et
1171 1301 1456 1348 terrorem
1494 1293 1691 1349 statim
1731 1293 1935 1354 intulit

81 1379 329 1437 Petilius
367 1377 645 1444 CerialiS,
688 1375 1037 1450 Brigantum
1081 1375 1407 1445 civitatem,
1467 1397 1615 1453 quae
1652 1399 1932 1438 numero-

136 1637 397 1678 indecorus.
488 1633 589 1677 MS.
638 1632 783 1676 Vatie.
840 1631 968 1675 3429.
1040 1631 1114 1678 hie
1137 1631 1366 1674 emendat:
1397 1646 1454 1673 ac
1476 1633 1775 1687 υεῖαίίραειί,
1796 1650 1929 1679 exer·

79 1693 181 1736 edd.
249 1691 436 1735 Becker.
498 1689 668 1733 Hes-tel.
719 1691 971 1738 indecoris,
1042 1691 1156 1731 citus
1176 1689 1426 1739 licentiam,
1448 1692 1549 1732 dux
1565 1694 1797 1736 salutem:
1827 1695 1932 1737 hoc

80 1766 217 1808 quam
260 1748 458 1791 formam
503 1747 607 1792 vide
655 1747 772 1804 apud
811 1748 889 1789 Vir
922 1746 966 1789 il.
1041 1747 1206 1788 seditio
1237 1747 1336 1789 sine
1369 1749 1600 1805 sanguine
1633 1750 1775 1794 stetit.
1841 1750 1931 1797 Sed

81 1810 197 1852 Aen.
230 1807 296 1856 11,
319 1806 416 1849 845.
455 1812 498 1848 et
534 1804 637 1848 alibi
665 1820 808 1862 saepe.
880 1762 968 1847 §ed
1038 1805 1151 1845 haec
1176 1819 1198 1845 e
1221 1811 1375 1846 nostra
1407 1804 1561 1847 locum
1594 1805 1838 1850 dividend?
1863 1825 1930 1851 ra-

79 1865 127 1908 in
149 1863 292 1908 Taciti
315 1863 440 1907 libris
462 1862 720 1906 §cnstanter
742 1871 807 1909 est
837 1861 965 1904 inde—
1039 1859 1162 1902 tione
1196 1861 1307 1902 bene
1339 1876 1385 1903 se
1419 1859 1578 1904 habet:
1629 1864 1732 1906 nam
1768 1865 1929 1909 distin..

78 1936 218 1967 carus
227 1951 241 1971 ‚
270 1937 302 1964 a
313 1954 325 1972 ,
357 1936 452 1963 um.

135 2052 191 2080 ac
217 2037 344 2078 velut
365 2035 497 2087 pacti
517 2043 602 2078 etc.
687 2032 739 2076 In
771 2031 967 2076 diversas

78 2101 225 2153 partes
248 2092 323 2136 hie
344 2092 510 2136 abeunt
542 2091 809 2149 interpretes
827 2095 971 2190 'atque

79 2150 291 2196 editores.
364 2148 457 2192 Alii
489 2157 592 2208 post
626 2152 830 2192 salutem
866 2164 896 2206 p
919 2164 969 2191 e·

78 2209 179 2252 nius
206 2207 533 2265 interpungunt
562 2206 782 2257 (Rhenan.
806 2220 905 2262 sqq.
927 2214 970 2249 et

77 2264 270 2309 Beklrer.
293 2266 455 2321 al.,per
467 2266 533 2319 (.),
559 2262 806 2315 Broterius,
823 2264 969 2307 Ober-

77 2323 157 2366 lin.
173 2337 269 2380 sqq.
293 2337 371 2379 per
384 2322 437 2377 (:)
456 2326 488 2375 ),
526 2329 574 2364 ut
600 2323 826 2379 sequentia
857 2325 969 2364 haec

77 2381 246 2426 seditio
281 2409 293 2421 .
317 2409 330 2421 .
354 2411 365 2421 .
394 2381 524 2422 stetit
554 2394 633 2436 per
664 2394 711 2421 se
746 2386 968 2422 constent.

79 2438 151 2481 Ad
181 2437 365 2480 verbum
395 2438 526 2491 pacti
551 2435 806 2492 intelligunt
834 2444 970 2479 sunt:

79 2510 166 2552 qna
196 2493 371 2536 ratione
405 2493 516 2536 nihil
548 2491 870 2536 intolerabilius
903 2493 968 2535 in-

78 2551 227 2597 veniri
261 2557 406 2608 potest
419 2577 436 2599 ,›
481 2566 565 2594 nec
604 2548 750 2592 ullum
783 2550 968 2608 abrupte

80 2617 124 2652 et
138 2615 346 2652 contorte
369 2606 550 2652 dicendi
574 2606 824 2662 exemplum
849 2606 966 2665 apud

79 2665 295 2710 Nostrum
329 2672 465 2708 exstat
493 2663 598 2708 huic
629 2662 792 2707 simile.
862 2663 967 2707 Ali-

79 2728 179 2780 quo*
200 2721 357 2765 saltem
380 2721 567 2766 vinculo
598 2721 698 2765 illa'e
721 2720 967 2765 sententiae

80 2788 205 2825 erant
228 2779 500 2836 iungendae,
529 2786 569 2822 et
591 2777 855 2822 dicendumt
884 2779 967 2821 Ita

78 2841 190 2881 haec
225 2837 392 2881 seditio
424 2845 510 2880 etc.
555 2836 628 2882 vel
664 2835 808 2879 simile
839 2835 965 2894 quid.

82 2894 235 2951 Quare
273 2893 347 2936 alii
377 2893 543 2939 rectius
576 2893 779 2937 dividunt
800 2892 884 2943 ita,
918 2900 966 2935 ut

79 2952 240 2997 verba:
287 2953 403 2994 haec
433 2952 597 2994 seditio
632 2956 735 3009 sqq.l
769 2949 966 2995 efficiant

79 3007 332 3067 epodosim.
411 3008 481 3052 Ad
511 3009 695 3052 verbum
727 3009 861 3063 pacti
890 3009 965 3051 in-

78 3065 293 3121 telligitur
347 3073 517 3109 essent.
604 3064 744 3109 Cuius
798 3064 965 3123 ellipsis

81 3121 276 3180 exempla
309 3121 413 3168 vide
445 3122 530 3165 An.
556 3123 593 3174 1,
617 3122 658 3166 9.
691 3126 812 3178 quod
839 3124 964 3166 idem

81 3182 180 3224 dies
193 3181 371 3234 accepti
377 3183 626 3236 quondam*
637 3181 825 3236 imperil
835 3181 963 3235 prin·

81 3251 185 3292 ceps
200 3243 245 3279 ee
259 3237 384 3279 vitae
397 3249 662 3291 supremus.
706 3236 822 3280 ibid.
843 3253 883 3282 c.
895 3237 965 3280 65.

82 3309 183 3338 cum
204 3297 334 3349 apud
346 3294 586 3337 Romanos
607 3295 806 3337 invalidi
826 3295 966 3350 ignee,

83 3352 373 3406 tn'terruptae
422 3365 573 3395 voces.
659 3350 774 3394 Hist.
814 3352 855 3404 4,
887 3351 961 3395 34.

86 3417 306 3464 tanquam
332 3408 548 3462 perditae
573 3413 701 3462 apud
723 3409 966 3452 Romanos

83 3477 172 3507 ηε.
227 3463 363 3509 Vides
396 3464 509 3509 hanc
539 3466 756 3509 rationem
786 3482 879 3510 non
905 3465 965 3509 ita

85 3535 188 3570 esse¹
209 3520 443 3566 absurdam
472 3538 525 3566 ac
544 3521 796 3568 Walchius
829 3522 965 3567 nimia

87 3593 189 3621 cum
239 3576 400 3623 fiducia
446 3579 764 3637 pronuntiavit.

169 3644 412 3693 'l'AcirUs
462 3646 550 3694 [V.

868 3580 965 3637 lpse

1039 1918 1189 1975 guitur
1222 1917 1280 1958 ita
1307 1920 1423 1960 haec
1455 1919 1618 1978 seditio
1640 1937 1662 1963 a
1686 1922 1837 1978 priore
1860 1931 1928 1967 tu-

1038 1974 1208 2075 ἶῐὲὶιέἱυ,
1257 1974 1333 2032 qui
1381 1975 1524 2020 multo
1574 1978 1789 2037 sanguine
1833 1988 1927 2024 ste·-

1101 2131 1290 2175 Vettius
1341 2133 1575 2179 Bolanus.
1666 2135 1782 2182 Edd.
1819 2147 1929 2184 vett.

1045 2190 1231 2233 Vectius
1262 2191 1486 2234 Volanus.
1564 2191 1635 2236 De
1665 2193 1803 2240 MSS.
1837 2196 1930 2242 Va·-

1041 2247 1147 2346 ticg.
1191 2247 1417 2310 sileniiusm
1467 2256 1548 2293 est.
1638 2251 1699 2296 cf.
1743 2261 1836 2298 not.
1875 2255 1930 2299 ad

1042 2321 1082 2348 c.
1137 2337 1148 2348 .
1372 2317 1378 2323 '

1097 2408 1266 2447 eadem
1289 2406 1471 2448 mertia.
1492 2384 1498 2391 θ
1530 2406 1748 2453 Disseruit
1765 2410 1931 2456 Noster

1040 2477 1063 2504 a
1108 2462 1269 2562 ἣξειίο,
1294 2462 1413 2520 Sylv.
1447 2462 1488 2513 3,
1524 2465 1566 2516 2,
1597 2466 1667 2510 53.
1768 2468 1855 2515 Sed
1890 2468 1927 2513 is

1038 2534 1123 2576 poe
1177 2551 1187 2564 .
1847 2576 1853 2579 ,
1916 2565 1919 2568 -

1099 2631 1210 2676 CAP.
1241 2635 1310 2678 17.
1367 2637 1655 2689 reciperavit.
1718 2636 1794 2682 Sic
1823 2615 1942 2684 edd-5

1038 2689 1156 2748 Lips.
1179 2706 1274 2750 sqq.
1302 2708 1350 2734 ex
1375 2709 1456 2735 usu
1473 2692 1640 2742 Taciti,
1675 2709 1808 2752 quem
1831 2698 1926 2742 uhi·
1968 2737 1977 2745 .
2011 2724 2014 2726 v
2042 2718 2047 2722 ·

1041 2764 1126 2806 que
1148 2749 1242 2792 fere
1264 2750 1456 2806 praefert
1478 2750 1580 2804 cod.
1604 2751 1704 2796 MS.
1722 2753 1758 2796 F
1760 2753 1923 2798 lorent.

1038 2830 1094 2839 --
1124 2809 1415 2860 recuperavit
1438 2807 1539 2852 MS.
1559 2807 1697 2854 vatic.
1721 2808 1852 2857 8429.
1883 2821 1927 2857 et

1038 2863 1138 2906 edd.
1195 2872 1298 2907 aute
1341 2862 1563 2920 Lipsium,
1623 2880 1768 2926 nuper
1819 2868 1923 2916 edd.

1037 2919 1216 2967 Dronk.
1245 2920 1430 2965 Becker.
1454 2921 1622 2969 Hertel.

1093 3020 1280 3064 Petilius
1307 3020 1516 3068 Cerialis.
1585 3023 1661 3070 Sic
1684 3026 1785 3070 edd.
1806 3026 1925 3086 Lips.

1036 3093 1133 3136 sqq.
1194 3077 1255 3121 cf.
1285 3090 1324 3121 c.
1348 3079 1387 3122 8.
1403 3087 1461 3147 ‘et
1483 3080 1574 3128 An.
1597 3083 1666 3132 14,
1683 3081 1753 3126 32.
1809 3084 1923 3129 Hist.

1036 3135 1078 3187 3,
1099 3135 1168 3178 59.
1192 3135 1260 3178 77.
1287 3143 1331 3177 et
1354 3135 1474 3181 alibi.
1500 3161 1554 3172 —-
1597 3141 1801 3186 Cerealis
1823 3143 1924 3186 edd.

1037 3201 1139 3235 ante
1169 3191 1381 3250 Lipsium.
1419 3215 1478 3228 —-
1547 3195 1788 3243 Caerealis
1820 3199 1921 3243 MS.

1042 3250 1180 3294 Vatic.
1206 3249 1335 3294 3429.

1094 3351 1394 3403 Brigantum.
1483 3349 1560 3396 Sic
1599 3353 1703 3399 edd.
1749 3370 1920 3400 omnes.

1038 3407 1098 3452 cf.
1113 3406 1202 3451 An.
1220 3407 1370 3459 1232.
1412 3408 1524 3454 nist.
1551 3409 1591 3462 3,
1612 3411 1684 3455 45.
1709 3436 1760 3445 —
1802 3411 1920 3459 Bress

1035 3465 1247 3519 gantiam
1272 3465 1374 3511 MS.
1391 3465 1531 3511 Vatic.
1555 3466 1681 3510 4498.
1705 3493 1758 3502 -
1801 3470 1919 3513 Bre-

1035 3528 1234 3575 gantum
1265 3531 1309 3566 et
1344 3540 1448 3567 mox
1476 3525 1790 3578 Bregantium
1817 3526 1921 3571 MS.

1037 3577 1179 3623 vatic.
1204 3577 1334 3644 8429.

1294 3641 1347 3696 Κ
