2150 4022
457 211 578 272 DE
622 166 1193 271 'GERMANIA‘
1232 207 1563 278 (muza.
1625 294 1638 307 Ι

1850 207 1928 265 61

75 350 381 423 ignotum:
420 343 672 421 ideoque
692 339 877 413 magis
900 348 1195 408 servatur,
1239 358 1416 415 quam
1435 338 1487 395 si
1504 335 1752 413 vetitum
1773 344 1937 392 esset.

89 416 241 507 Agit·
256 447 365 507 pro
398 447 646 485 numero
687 425 983 482 cultorum
1025 423 1099 481 ab
1138 424 1432 489 universis
1467 423 1532 481 in
1566 420 1722 479 vices
1763 439 1938 478 occu-
1974 433 1979 436 ⁸

89 626 239 678 usuris
263 637 517 668 usurarum.
547 617 904 666 efiThiersehius
926 617 972 662 in

87 685 188 726 Act.
229 682 341 725 Phil.
380 681 513 722 Mon.
560 678 615 721 T.
652 676 734 720 ΙΙΙ.
780 675 890 719 sasc.
931 674 975 719 3.

83 758 128 799 p.
153 739 252 782 470.
311 737 437 780 Hess.
466 737 520 779 ad
544 735 588 778 h.
613 736 643 778 l.
706 733 796 777 Sed
827 733 863 775 si
889 747 974 790 qua

85 807 150 843 est
170 797 410 838 verborum
436 794 522 842 vis,
549 794 697 848 senus
730 794 776 833 in
805 803 975 832 usuros

87 857 334 897 extendere
386 867 479 893 non
530 857 677 908 potest
724 847 976 905 significare

84 911 169 954 nisi
194 910 314 968 quod
338 909 552 953 diximus:
588 906 798 963 pecunias
820 905 977 948 fenore

84 970 315 1012 auctitare.
383 963 732 1021 Emmerlingius
769 961 975 1018 explicatt

86 1025 248 1076 „fenus
271 1023 431 1081 agitare
453 1031 494 1065 et
516 1024 559 1065 in
584 1037 740 1063 usuras
761 1018 976 1061 extensio·

85 1099 178 1130 res,
225 1080 482 1139 grandiores
511 1077 798 1127 collocare”,
841 1083 890 1117 ut
916 1075 975 1117 ita

84 1140 276 1197 scriptor
319 1137 547 1179 notionem
591 1151 670 1193 per
705 1133 975 1176 adiectivum

84 1195 415 1254 exprimendam
495 1191 706 1251 peculiari
779 1190 974 1247 quodam

85 1254 245 1303 verbo,
303 1267 393 1309 quo
436 1251 575 1306 magis
619 1248 859 1299 emineret,
910 1262 974 1289 se·

84 1310 271 1353 iunctim
305 1306 553 1376 exposuisse
586 1306 805 1350 videatur.
862 1303 975 1346 Pro-

86 1369 159 1410 bat
190 1367 436 1409 Passovius.
494 1363 583 1406 Sed
615 1362 753 1408 verba
785 1377 879 1403 non
913 1359 975 1402 fe-

84 1431 188 1466 runt
206 1438 302 1465 eam
325 1438 372 1464 ex
409 1420 679 1466 licationem,
708 1418 793 1461 Vir
816 1418 976 1461 doctus

82 1483 130 1523 in
154 1478 348 1523 Seebod.
410 1477 489 1520 ibl.
521 1479 620 1522 crit.
647 1476 773 1519 1825.
802 1491 847 1532 p.
871 1475 974 1518 208.

86 1545 234 1582 censet
267 1536 321 1578 de
353 1534 499 1577 usuris
518 1549 757 1578 usurarum
782 1533 854 1576 hie
881 1547 975 1574 non

84 1610 177 1637 esse
196 1593 509 1649 cogitandum:
553 1591 683 1634 verba
697 1591 847 1646 fenus
866 1591 975 1644 ogi·—

86 1660 189 1693 tare
211 1649 461 1706 significare
492 1649 567 1692 ein
597 1647 809 1702 hc'z’ufiges
835 1647 973 1689 Geld-

85 1709 360 1757 ausleihen3
406 1708 453 1748 in
499 1719 669 1748 usuras
710 1707 975 1756 extendere,

82 1767 162 1818 [ἀν
184 1766 257 1807 εἰη
279 1764 626 1815 ausgeliehenes
649 1761 848 1815 Kapital
876 1763 973 1803 sich

85 1823 261 1864 Zinsen
301 1822 529 1862 bezahlen
573 1822 739 1861 lassen.
814 1815 973 1862 Amen

86 1877 314 1929 verbayde
354 1876 508 1918 fenore
549 1875 654 1918 hinc
694 1874 836 1917 aliena
878 1890 972 1917 esse

84 1950 178 1980 uon
210 1933 312 1976 satis
343 1941 463 1976 recte
494 1942 614 1976 ratus
644 1940 791 1974 totum
819 1931 971 1974 locum

71 1991 218 2049 finus
237 2022 248 2034 .
264 2022 275 2032 .
291 2021 303 2033 .
319 2020 329 2032 .
357 1997 470 2032 esset
491 1990 684 2032 deletum
711 1987 850 2045 cupit.
913 1989 975 2032 At

83 2050 138 2093 de
162 2047 254 2108 agri
278 2046 536 2105 possidendi
568 2046 706 2088 modo
735 2046 971 2089 locuturus

81 2105 260 2148 Tacitus
281 2113 377 2161 apt'e
397 2103 639 2161 praemittit
664 2102 971 2160 quaestionem

82 2164 136 2206 de
158 2161 340 2210 fenore,
377 2161 478 2218 quia
505 2176 611 2219 opes
631 2162 775 2203 solent
798 2176 890 2203 esse
918 2161 972 2203 si·

83 2229 151 2264 tae
183 2228 259 2262 aut
288 2217 336 2261 in
371 2218 651 2276 possessione
692 2225 767 2260 aut
807 2217 856 2261 in
897 2217 970 2259 fe-

84 2291 209 2320 nore.
591 2317 599 2323 Α,

135 2336 357 2388 ignotum.
416 2330 647 2375 Thiersch.
672 2331 703 2376 1.
718 2331 747 2375 l.
768 2330 856 2376 hoc
874 2348 971 2375 mu-

82 2399 144 2432 tat
180 2390 227 2431 in
260 2390 640 2445 ignominiosum,
680 2389 815 2447 quia‚‘
849 2389 971 2447 quod

84 2448 311 2506 ignotum,
349 2461 494 2504 neque
516 2445 679 2489 servari
707 2461 852 2504 neque
876 2462 970 2489 non

80 2503 245 2547 servari
279 2504 366 2548 diei
404 2503 559 2561 possit.
630 2504 692 2545 lta
726 2502 814 2545 iam
847 2503 972 2561 prius

80 2560 254 2618 Lipsius
277 2570 319 2604 et
337 2559 578 2606 Salmasius
599 2559 790 2607 verbum
814 2575 969 2604 serva-

81 2629 160 2661 tur
181 2619 549 2666 sollicitaverant,
580 2625 629 2660 ut
659 2625 886 2660 mutarent
920 2617 969 2660 in

80 2676 316 2730 spernitur
342 2674 414 2720 vel
443 2681 696 2729 spernatur
726 2674 792 2717 vel
826 2689 968 2717 avet·-

78 2739 261 2775 santur.
351 2732 468 2779 Sane
522 2732 709 2775 servari
755 2731 969 2776 dicuntur

80 2804 192 2846 quae
215 2804 373 2855 -more,
420 2805 531 2839 usu,
582 2787 702 2844 lege,
745 2788 969 2847 pactione,

80 2861 376 2903 promissione
403 2846 643 2890 constituta
667 2854 773 2889 sunt
801 2854 844 2889 et
868 2861 967 2889 ma-

80 2910 211 2945 nent:
275 2902 332 2945 cf.
373 2903 464 2947 An.
514 2905 551 2955 1,
596 2903 667 2946 52.
714 2910 970 2960 cunctaque

80 2973 200 3014 quae
226 2959 530 3004 Germanicus
554 2962 837 3012 indulserat,
865 2975 966 3003 ser-

82 3016 205 3058 vovit
235 3017 376 3059 etiam
402 3021 529 3071 apud
551 3016 851 3060 Pannonicos
877 3033 966 3061 ex-

81 3074 258 3115 ercitus.
317 3074 504 3119 sueton.
520 3073 629 3119 Oct.
652 3074 780 3118 e.76.
802 3088 864 3117 ne
886 3076 965 3118 Iu-

78 3132 223 3172 daeus
248 3131 436 3186 quidem
461 3139 562 3175 tam
584 3133 831 3185 diligenter
854 3136 962 3175 sab-

2 3212 5 3216 ·
78 3187 198 3229 batis
226 3189 445 3230 zeiunium
478 3197 661 3237 servat,
709 3203 852 3244 quam
877 3204 963 3243 ego

77 3245 211 3286 hodie
238 3246 438 3289 servavi.
495 3246 583 3289 Sed
607 3245 695 3290 hoc
726 3246 830 3288 loco
863 3262 962 3291 ver·

78 3299 183 3341 bum
205 3309 420 3344 servatur
442 3318 535 3344 non
558 3310 621 3345 est
642 3303 965 3361 premendumz

78 3356 282 3411 ponitur,
335 3367 383 3401 ut
427 3360 636 3417 respiciat
677 3359 729 3401 ad
773 3375 963 3418 sequens

81 3414 284 3475 vetitum,
342 3415 586 3475 Scriptoris
619 3416 835 3459 sententia
871 3428 962 3460 est:

79 3482 112 3508 sn
148 3469 239 3533 lege
268 3473 454 3517 'vetitum
489 3482 601 3517 esset
632 3472 762 3516 senus
796 3475 959 3530 agitare

80 3532 119 3566 et
146 3541 188 3567 in
214 3542 365 3573 usuras
394 3531 649 3579 extendere,
692 3545 785 3574 non
819 3547 958 3590 aeque

1045 633 1093 661 ea
1113 617 1179 661 lex
1201 617 1347 676 posset
1369 618 1531 662 servari
1551 632 1686 675 quam
1705 630 1829 660 nunc
1846 630 1936 661 ser-

1047 684 1204 727 vatur,
1248 677 1323 718 ubi
1362 675 1481 718 nulla
1514 684 1602 723 est,
1642 670 1808 732 quippe
1841 673 1935 730 ipsa

1045 749 1115 776 res
1158 732 1410 790 ignoretur.
1482 731 1620 789 lgitur
1661 747 1684 774 e
1725 737 1936 774 contextu

1046 790 1148 832 satis
1173 799 1315 845 patet,
1346 787 1454 846 quid
1481 790 1535 831 ad
1564 789 1752 834 verbum
1779 802 1935 830 serva-

1047 855 1125 889 tur
1146 849 1202 890 sit
1227 846 1593 904 intelligendum,
1622 861 1787 904 nempe
1808 844 1939 888 absti-

1046 904 1198 946 nentia
1223 922 1244 947 a
1275 904 1431 946 fenore
1471 903 1679 960 agitando
1713 901 1850 959 (κατὰ
1882 898 1935 947 ἰδ

1047 959 1455 1019 σημαινούμενον).
1505 960 1598 1003 Alii
1619 959 1754 1003 etiam
1778 959 1938 1006 eodem

1047 1019 1186 1061 modo
1215 1018 1416 1061 absolute
1453 1024 1628 1076 ponunt
1657 1016 1702 1059 id
1724 1017 1936 1061 verbum.

1048 1077 1108 1120 cf.
1138 1077 1250 1119 Piin.
1284 1091 1354 1134 ep.
1391 1078 1456 1126 10,
1487 1076 1582 1118 115.
1616 1075 1939 1118 necessarium

1047 1135 1317 1177 existimavi
1333 1135 1573 1175 consulere
1594 1139 1662 1179 te,
1699 1133 1807 1187 quid
1832 1145 1939 1174 ser-

1047 1196 1252 1233 vandum
1282 1199 1501 1244 putares.
1564 1187 1628 1232 ld.
1663 1203 1733 1246 ep.
1766 1190 1836 1240 1⁰,
1867 1189 1939 1233 37.

1044 1249 1326 1304 infuturum
1347 1251 1455 1305 quid
1473 1247 1661 1292 servari
1674 1247 1804 1298 velis,
1821 1260 1941 1300 rogo

1045 1307 1288 1350 rescribas.

1104 1404 1249 1445 quam
1271 1390 1314 1432 si
1337 1376 1526 1432 vetz'tunz
1557 1393 1691 1431 esset..
1753 1385 1804 1428 In
1828 1385 1937 1432 edit.

1049 1445 1208 1492 Oberl.
1249 1446 1472 1490 exciderat
1505 1459 1679 1503 quam:
1718 1443 1835 1487 idem
1871 1443 1939 1488 vi-

1046 1505 1158 1548 tium
1179 1513 1414 1550 servarunt
1436 1511 1478 1547 et
1498 1503 1588 1547 alii.

1101 1589 1149 1630 in
1170 1589 1305 1631 vices.
1362 1586 1440 1642 Sic
1462 1585 1582 1630 MSS
1613 1583 1787 1629 Vatiae.
1811 1584 1939 1629 1862.

1046 1654 1089 1688 et
1127 1646 1258 1688 2964.
1306 1644 1405 1688 edd.
1445 1644 1652 1687 Nox-imb.
1691 1642 1826 1686 Rom.
1864 1642 1940 1684 Bi-

1046 1711 1172 1759 pont.
1206 1701 1418 1745 oberlin.
1453 1700 1642 1749 Bekker.
1705 1699 1764 1743 cf.
1797 1698 1936 1743 Ovid.

1044 1761 1236 1804 Metam.
1264 1761 1331 1807 12,
1360 1759 1458 1803 161.
1480 1774 1546 1816 sq.
1569 1773 1778 1813 pugnam
1811 1757 1935 1813 refe-

1043 1824 1156 1859 runt
1176 1817 1412 1871 hostisque
1433 1830 1672 1871 suamque,
1702 1814 1853 1869 Inque
1877 1815 1939 1856 υἰ-

1046 1889 1120 1917 ces
1144 1875 1278 1916 adita
1304 1874 1451 1928 atque‘
1467 1876 1706 1915 exhausta
1724 1874 1939 1925 pericula

1046 1947 1186 1986 saepe
1211 1931 1595 1974 Commemorare
1613 1932 1762 1972 iuvat.
1824 1929 1940 1973 thid.

1043 1992 1085 2040 4,
1108 1989 1204 2032 191.
1227 1989 1364 2044 inque
1389 1989 1507 2031 vices
1530 1989 1663 2030 illum
1686 2018 1698 2029 .
1714 2021 1729 2034 .
1743 2019 1755 2031 .
1771 2019 1784 2031 .
1810 1987 1935 2029 Lac-

1044 2048 1115 2089 dit
1148 2061 1313 2088 amore
1345 2047 1473 2100 pori.
1540 2043 1741 2088 luvenal.
1772 2044 1866 2088 Sat.
1892 2042 1937 2095 6,

1043 2104 1141 2147 311.
1163 2106 1298 2159 inque
1318 2103 1436 2145 vices
1454 2104 1677 2158 equitant.
1734 2101 1849 2144 Rem
1869 2119 1938 2144 ex·

1043 2162 1177 2220 plicat
1221 2160 1348 2204 Caes.
1393 2161 1445 2202 B.
1490 2160 1547 2202 G.
1587 2160 1630 2211 6,
1674 2159 1743 2202 22.
1786 2173 1940 2214 neque

1043 2222 1284 2275 quisquam
1311 2219 1419 2272 agri
1439 2220 1632 2260 modum
1656 2222 1832 2260 certum
1853 2222 1939 2259 aut

1033 2278 1159 2334 fines
1179 2278 1316 2318 habet
1331 2277 1570 2328 proprios,
1588 2278 1674 2318 sed
1690 2276 1938 2328 magistro·

1044 2342 1116 2376 tus
1142 2349 1196 2375 ac
1217 2335 1447 2388 principes
1469 2333 1518 2374 in
1545 2346 1700 2374 annos
1727 2333 1938 2384 singulos

1041 2391 1258 2446 gentibus
1283 2390 1342 2445 (h.
1364 2407 1401 2433 e.
1419 2388 1620 2445 familiis)
1641 2389 1934 2442 cognationi-

1042 2451 1213 2502 busque
1250 2450 1522 2495 hominum,
1569 2449 1652 2502 qui
1681 2460 1776 2488 una
1811 2445 1933 2487 coio-

1038 2507 1135 2548 rint
1149 2538 1160 2559 ‚
1199 2513 1427 2560 quantum
1452 2511 1497 2546 et
1532 2519 1620 2559 quo
1651 2506 1749 2546 loco
1779 2504 1936 2545 visum

1040 2569 1131 2612 est,
1175 2563 1284 2615 agri
1312 2562 1596 2605 attribuunt.
1666 2560 1808 2617 Igitur
1846 2575 1961 2615 pm.

1037 2634 1231 2662 numero
1263 2622 1493 2661 cultorum
1526 2617 1585 2671 th.
1616 2633 1654 2661 e.
1684 2633 1779 2661 nou
1803 2615 1936 2661 latim

1039 2692 1186 2733 neque
1246 2675 1495 2733 angustius)
1517 2709 1530 2728 ‚
1596 2678 1657 2719 ab
1707 2675 1939 2731 universis

1039 2734 1099 2789 (b.
1120 2751 1157 2777 e.
1183 2747 1275 2775 non
1300 2732 1513 2790 singulis,
1553 2733 1631 2776 sed
1661 2750 1685 2778 a
1715 2732 1932 2781 coetibus,

1044 2791 1377 2844 Gemeinden),
1415 2792 1466 2833 in
1500 2794 1614 2833 vices
1644 2791 1706 2845 (h.
1730 2806 1769 2833 e.
1795 2805 1933 2832 nemo

1042 2857 1216 2892 eertum
1244 2846 1336 2904 agri
1360 2845 1546 2891 modum
1579 2857 1654 2891 aut
1684 2847 1794 2891 fines
1824 2862 1934 2904 pro-

1040 2906 1162 2963 prios
1198 2904 1353 2955 habet,
1400 2906 1482 2948 sed
1522 2904 1610 2950 alio
1646 2920 1764 2948 anno
1797 2905 1932 2948 aliam

1039 2963 1131 3019 agri
1151 2961 1407 3019 portionem
1429 2963 1647 3020 possidet,
1675 2977 1809 3021 quem
1833 2976 1935 3018 pos·

1038 3019 1210 3063 sidendi
1243 3020 1430 3062 modum
1461 3020 1682 3076 hodieque
1715 3025 1934 3076 usurpant

1037 3084 1259 3119 nostrates
1326 3075 1374 3119 in
1442 3077 1631 3134 publicis
1700 3076 1930 3119 civitatum

1036 3134 1184 3191 agris).
1244 3131 1358 3176 Cum
1380 3133 1463 3179 hac
1482 3134 1734 3193 possidendi
1757 3134 1930 3175 ratione

1035 3191 1139 3233 fixas
1171 3190 1320 3241 sedes,
1362 3208 1474 3248 quae
1507 3190 1747 3234 Germanis
1783 3206 1823 3232 c.
1852 3189 1926 3232 46.
1961 3236 1964 3243 ⁸

1035 3247 1316 3299 tribuuntur,-
1349 3257 1399 3291 ut
1424 3248 1752 3306 distinguantur
1775 3263 1797 3288 a
1821 3246 1926 3289 Sar-

1036 3304 1186 3360 matis,
1241 3305 1347 3348 satis
1379 3305 1495 3348 bene
1538 3305 1766 3348 conciliari
1798 3319 1928 3360 posse

1034 3362 1180 3420 quivis
1203 3360 1428 3421 intelligit.
1491 3363 1633 3420 Igitur
1661 3363 1771 3404 alter
1799 3362 1926 3404 loeus

1031 3418 1157 3462 alteri
1181 3419 1367 3462 minime
1389 3428 1631 3476 repugnat,
1658 3435 1670 3459 (
1690 3418 1777 3462 uod
1804 3417 1925 3462 vide·

1031 3476 1160 3519 batur
1185 3474 1444 3520 Rieklefsio.
1481 3504 1539 3512 --
1602 3435 1783 3533 Vulgari
1819 3476 1922 3521 vitio

1030 3533 1075 3575 in
1105 3531 1231 3577 libris
1265 3534 1527 3590 quibusdam
1546 3565 1558 3582 ,
1602 3542 1649 3576 ut
1675 3531 1809 3578 MSS.
1834 3530 1921 3575 Va-
