2150 4022
207 223 332 310 296

211 352 397 426 magis
445 347 842 406 mirarentur?

723 218 844 278 DE
896 180 1557 281 onst-romnus..

927 348 1066 406 satis
1110 360 1338 408 constat
1380 369 1458 407 ne
1493 347 1774 409 Ciceroni·
1816 347 2061 426 quidm

214 426 634 495 obtrectatores
659 432 943 503 defuisse,
984 433 1203 510 quibus
1229 433 1468 492 inflatus
1493 445 1551 492 et
1575 444 1809 492 tumens
1831 451 1945 494 nec
1963 453 2060 493 se.-

162 532 173 540 ’
214 523 291 581 tis
333 536 594 595 pressUS‚
649 520 751 576 sed
785 539 959 594 supra
986 519 1231 575 modum
1265 519 1560 576 exsultans
1601 531 1659 577 et
1697 519 2062 594 superfluens
2106 537 2121 546 “

214 618 272 664 et
310 624 522 680 parum
562 603 842 683 antiquus
880 603 1200 663 videretur.
1286 602 1508 678 legistis
1547 600 1753 682 utique
1779 614 1860 681 ⁴et
1887 602 2065 662 Calvi

212 792 360 839 mines
377 790 628 850 potiorem,
650 788 1018 849 praestantiorem
1042 789 1107 832 iu·

214 851 368 894 dicant
422 847 643 891 Catonem
703 862 835 904 quam
891 847 1105 906 Appium.

215 906 532 951 praetulerunt
550 919 667 960 prae
688 904 873 950 Schulz.
898 903 1105 948 Oberlin.

214 964 390 1009 Osann.
417 962 563 1007 Orell.
600 962 807 1015 [Bekker.
832 961 1105 1005 Boetticher.

215 1023 439 1080 Rupert.].
511 1020 666 1077 Neque
699 1020 927 1063 offendere
962 1027 1108 1078 potest

214 1079 394 1135 magis,
441 1077 563 1135 quod
607 1076 851 1121 delendum
898 1077 1108 1120 censebat

216 1134 573 1187 Schurzsseiseh„
596 1133 673 1177 sed
697 1136 856 1178 eodem
879 1135 991 1183 iure,
1014 1150 1106 1190 quo

215 1202 343 1240 antea
364 1201 475 1236 ante
495 1194 785 1247 praedixero
809 1191 989 1251 scripsit
1006 1191 1108 1234 No·-

214 1262 322 1303 ster,
342 1250 383 1294 h.
399 1250 427 1295 1.
441 1248 673 1308 copulavit
684 1264 805 1302 prae
821 1248 995 1292 Catone
1009 1265 1109 1292 ma·

214 1311 286 1364 gis
306 1310 610 1351 mirarentur.
657 1306 888 1364 Bipontini
912 1306 1111 1364 denique

218 1383 267 1409 ex
278 1380 370 1421 pro
387 1363 719 1424 praepositione
735 1365 814 1407 viri
832 1380 1109 1422 praenomen

216 1423 515 1466 derivandum
539 1430 580 1464 et
603 1421 768 1464 Porcio
793 1421 967 1464 Catone
995 1422 1110 1466 scri-

217 1481 416 1523 bendum
452 1495 544 1522 esse
577 1486 818 1536 putarunt,
860 1478 939 1522 sed
974 1495 1111 1522 nemo

216 1536 483 1580 desiderabit
509 1551 790 1593 praenomen
819 1535 1036 1580 omissum
1064 1536 1110 1579 in

216 1594 315 1637 viro
365 1593 615 1638 clarissimo
658 1594 962 1652 omnibusque
1009 1595 1113 1637 satis

220 1660 351 1694 noto.
426 1652 497 1694 De
537 1652 687 1710 Appio
734 1650 923 1695 Claudio
964 1651 1111 1696 Caeco

217 1711 371 1767 (quem
421 1709 587 1751 Cacum
632 1710 806 1753 faciunt
853 1709 952 1752 edd.
995 1708 1113 1768 Spir.

218 1766 321 1812 Put.
369 1774 411 1810 et
454 1767 578 1819 Riv.)
626 1766 811 1824 eiusque
857 1767 1112 1825 eloquentia

216 1822 284 1870 dis
322 1824 458 1867 utavit
484 1823 677 1867 Ellendt.
707 1824 808 1867 hist.
837 1824 952 1882 eioq.
976 1823 1111 1868 Rom.

217 1898 265 1940 p.
333 1914 345 1927 .
370 1898 469 1940 sqq.
514 1882 645 1937 [adde
671 1882 726 1925 H.
754 1883 923 1941 Meyer.
950 1882 1113 1940 fragm.

218 1949 333 1983 orat.
357 1939 489 1982 Rom.
517 1955 559 1996 p.
585 1941 622 1982 1.
652 1946 742 1997 sq.]

273 2028 338 2066 1ιά
382 2022 592 2065 Ciceroni
633 2024 836 2078 quidem.
908 2021 1111 2067 Certissi-

217 2077 338 2127 uiam
362 2079 477 2135 hanc
503 2080 534 2121 Ι.
559 2080 635 2122 Fr.
657 2078 886 2125 Gronovii
910 2078 1115 2121 emenda·

222 2137 397 2180 tionem
419 2137 727 2194 adprobarunt
746 2137 922 2181 Broter.
940 2135 1114 2180 Ernest.

223 2203 267 2239 et
299 2194 510 2252 deinceps
545 2209 704 2242 omnes
738 2204 912 2252 praeter
935 2192 1115 2237 Dronk.

221 2260 265 2297 et
286 2251 458 2306 Osann.
474 2283 486 2304 ,
521 2253 597 2320 qui
616 2260 815 2311 *veterem
843 2251 1114 2309 scripturam

221 2311 304 2359 nec
338 2309 545 2352 Cicerom
579 2310 768 2363 quidem
799 2316 1117 2367 reposuerunt,

220 2373 266 2409 at
301 2365 444 2419 male,
486 2374 536 2408 ut
558 2367 796 2410 docuimus
821 2373 915 2410 not.
936 2366 992 2410 ad
1017 2381 1114 2423 cap.

225 2426 293 2469 10.
315 2439 402 2467 nec
425 2424 585 2479 opinio
610 2426 813 2482 quidem.

282 2512 634 2556 obtrectatore&
707 2507 778 2552 Cf.
812 2507 973 2564 Quint.
1010 2508 1117 2554 Inst.

226 2585 294 2611 or.
335 2568 401 2620 152,
438 2570 503 2615 10,
538 2567 637 2610 12:
693 2565 846 2622 Quem
881 2567 969 2621 (M.
1001 2565 1117 2609 Tul-

225 2625 359 2680 lium)
398 2633 560 2667 tamen
597 2631 641 2667 et
679 2638 870 2667 suorum
903 2625 1118 2666 homines

225 2691 493 2736 temporum
530 2683 755 2725 incessere
791 2684 1029 2723 audebant
1069 2689 1119 2723 ut

227 2741 526 2782 tumidiorem
553 2747 599 2781 ec
621 2739 857 2782 Asianum
881 2747 926 2781 et
947 2741 1120 2781 redun-

226 2801 424 2852 dantem
470 2805 515 2839 ει
559 2798 607 2840 in
649 2797 1006 2850 repetitionibus
1046 2799 1122 2839 ni·-

227 2855 380 2898 mium
404 2862 450 2896 et
471 2855 520 2896 in
542 2854 719 2897 salibus
740 2855 1000 2910 aliquando
1020 2854 1120 2910 fri-

228 2914 390 2968 guium
412 2919 457 2952 et
478 2914 522 2953 in
545 2912 878 2964 compositione
887 2911 1123 2966 fractum,

229 2970 549 3014 exsultantem
562 2983 617 3012 ac
626 2983 794 3024 paene,
821 2972 942 3024 quod
957 2971 1129 3023 procul

229 3026 378 3080 obsit,
425 3030 523 3067 viro
555 3025 848 3077 molliorem;
886 3027 992 3069 coll.
1016 3026 1122 3070 ibid.

234 3085 303 3134 12,
332 3086 370 3131 1,
393 3084 460 3126 22.
489 3097 572 3125 nec
599 3083 755 3125 Cicero
783 3084 934 3126 Bruto
963 3083 1125 3126 Calvo·

231 3156 317 3199 que
362 3144 446 3197 (sc.
484 3142 666 3181 videtur
712 3142 832 3184 satis
875 3155 975 3184 esse
1011 3156 1125 3196 per-

215 3200 392 3258 fictus)
409 3230 422 3252 ‚
472 3199 550 3254 qui
584 3203 707 3239 certe
743 3198 1125 3253 compositionem

228 3258 352 3300 itlius
378 3256 527 3297 etiam.
546 3257 676 3306 apud
698 3256 846 3308 ipsum
869 3258 1124 3311 reprehen-

229 3317 368 3363 dunt,
403 3327 485 3355 nec
507 3312 673 3355 Asinio
696 3314 900 3369 utrique,
945 3316 1029 3369 qui
1050 3314 1124 3355 vi-

232 3373 299 3414 tia
346 3371 576 3413 orationis.
614 3370 711 3411 eius
757 3373 903 3412 etiam
946 3372 1124 3414 inimice

228 3430 440 3481 pluribus
487 3427 598 3469 locis
649 3425 974 3483 insequuntur.
1061 3428 1123 3474 cf.

231 3484 375 3586 (Ji-3171.
404 3484 458 3529 ad
483 3484 576 3531 Cic.
599 3482 739 3530 Tusc.
774 3483 936 3543 disput.
960 3487 1003 3531 2.
1032 3489 1060 3542 §
1082 3485 1123 3531 3.

1236 791 1321 833 sed
1350 803 1497 845 supra
1527 792 1739 836 modum.
1796 789 1894 835 Sed
1921 790 2064 851 parti·

1179 846 1326 891 culam
1359 847 1406 890 in
1440 846 1651 893 omnibus
1680 856 1783 899 ante
1806 847 2064 900 Ernestium

1179 903 1282 948 edd.
1306 903 1546 954 omissam,
1584 907 1708 949 'recle
1733 919 1757 948 e
1783 904 1919 950 codd.
1945 904 2068 949 Van.

1178 969 1222 1004 et
1248 961 1387 1021 Neap.
1419 963 1524 1017 [nec
1550 963 1699 1006 minus
1724 962 1859 1006 Farn.
1886 970 1920 1007 t.
1945 961 2066 1005 Bek-

1179 1017 1296 1074 ken]
1350 1028 1618 1077 receperunt
1668 1019 1770 1064 edd.
1823 1029 1924 1079 post
1975 1019 2064 1064 Er-

1177 1079 1372 1143 nestium
1418 1093 1591 1122 omnes.
1667 1075 1886 1135 Alioquin
1926 1076 2072 1123 hiat-et

1178 1143 1340 1179 oratlo.
2054 1172 2068 1179 ,.

1236 1198 1281 1233 et
1297 1205 1474 1247 parum
1493 1193 1728 1248 antiquus.
1787 1190 1840 1234 ln
1861 1190 1942 1236 hac
1963 1184 2070 1236 scri·¹

1177 1257 1310 1308 ptura
1333 1250 1620 1293 consentiunt
1648 1242 1783 1294 MSS.
1809 1247 1949 1316 Neap.
1978 1250 2071 1293 Va·-

1179 1307 1283 1350 ticc.
1327 1313 1369 1348 et
1405 1306 1509 1349 edd.
1547 1306 1779 1363 antiquae,
1827 1307 1912 1350 nisi
1943 1307 2071 1365 ⁴quod

1181 1362 1287 1406 edd.
1307 1362 1410 1406 Put.
1444 1371 1488 1406 et
1511 1362 1611 1407 Riv.
1639 1374 1818 1418 parum
1850 1375 2072 1422 cot-rupe·-¹

1180 1428 1289 1463 runt
1321 1419 1368 1463 in
1399 1435 1629 1476 parvum,
1671 1433 1806 1478 quam·
1829 1429 2070 1480 corrupte-1

1182 1476 1271 1521 lam
1297 1492 1387 1536 quo
1409 1478 1505 1521 iure
1524 1476 1703 1522 Dronk.
1725 1485 1772 1520 et
1793 1473 1968 1527 Osann.
1990 1479 2072 1523 Be*

1183 1535 1341 1578 roaldo
1385 1550 1562 1593 quoque
1603 1544 1648 1580 et
1683 1533 2075 1581 Aleiato⁴ndscria

1215 1592 1379 1645 serint,
1413 1592 1607 1650 viderint
1630 1593 1731 1652 ipsi.
1789 1591 1990 1652 Etrecte
2012 1593 2074 1638 li-

1183 1609 1268 1702 Eri,
1301 1649 1441 1694 modo
1463 1658 1613 1694 tecum
1639 1650 1929 1718 reputaverit,
1963 1666 2076 1710 quae

1182 1707 1229 1750 in
1242 1707 1606 1753 antecedentibus
1619 1716 1814 1767 scriptor
1827 1707 2077 1772 protuleritq

1184 1766 1423 1822 Loquutus
1454 1773 1518 1808 est
1551 1766 1606 1810 de
1636 1765 1715 1821 iis,
1755 1765 1833 1825 qui
1865 1764 2075 1825 antiquos

1186 1822 1428 1880 scriptores
1465 1821 1533 1865 vei
1560 1823 1717 1881 'potius
1740 1822 1958 1880 ‹oi-atores
2000 1841 2081 1877 re,-

1185 1879 1461 1924 centioribus
1488 1881 1769 1936 praeferunt,
1833 1880 1877 1924 ui
1903 1881 2080 1944 1113!qu

1187 1937 1404 1981 Catonem
1422 1937 1611 1994 probare
1624 1947 1666 1983 et
1678 1936 1799 1995 Grac
1814 1957 1822 1964 ·
1857 1955 1932 1982 uui
1944 1938 2079 1984 'allow'

1187 2011 1275 2055 que
1298 1994 1499 2037 eiusdem
1522 1993 1692 2047 aetatis,
1723 2003 1855 2053 quam
1881 1988 1973 2053 ciis,
1998 1993 2077 2056 ‘qu'i

1186 2067 1268 2095 suo
1294 2061 1494 2111 tempore
1521 2051 1591 2096 vel
1613 2053 1845 2111 Augusteo
1867 2045 1979 2097 a'evo
2003 2052 2078 2101 vi:

1186 2118 1360 2152 xerunt.
1421 2107 1480 2153 lis
1504 2124 1617 2164 vero
1642 2126 1695 2154 eo
1719 2110 1904 2155 nomine
1925 2127 2078 2171 repre·

1187 2164 1450 2210 hendendus
1479 2166 1713 2210 videbatur
1737 2167 1924 2222 Cicero,
1955 2169 2077 2232 quod

1187 2239 1348 2283 parum
1388 2239 1483 2266 sese
1526 2223 1581 2266 ad
1626 2222 1814 2268 illorum
1845 2223 2080 2286 'exemplar

1188 2280 1621 2332 accommodaverit,
1682 2282 1829 2340 potius
1880 2281 2080 2330 Graecos

1189 2347 1392 2381 oratores
1410 2337 1686 2396 expresserit.
1750 2340 1904 2398 Neque
1922 2341 2081 2387 iufrim

1190 2395 1311 2452 gitur
1334 2394 1468 2441 huius
1493 2398 1894 2454 argumentationis
1920 2398 1990 2444 vis
2013 2415 2083 2452 eo,

1191 2452 1312 2508 quod
1364 2452 1595 2497 Schulzius
1646 2456 1854 2507 monuit,
1923 2456 1983 2502 ob
2034 2457 2081 2505 id

1188 2510 1338 2571 ipsum
1363 2511 1495 2555 taxari
1521 2511 1609 2556 hoc
1631 2511 1775 2570 capite
1799 2512 2082 2567 Ciceronem,

1191 2567 1313 2626 quod
1369 2567 1582 2626 antiquos
1631 2569 1825 2613 nimium
1869 2581 2083 2631 sequutus

1190 2627 1263 2671 sit.
1328 2627 1497 2668 Verum
1521 2626 1701 2683 quidem
1730 2635 1818 2678 est,
1851 2644 1986 2688 supra
2004 2629 2082 2673 'di-

1191 2690 1314 2728 ctum
1346 2698 1465 2731 esse,
1507 2699 1623 2740 quos
1656 2683 1867 2739 (Galbam
1897 2685 2083 2739 seilicet,

1191 2740 1446 2785 Carbonem
1484 2741 1685 2800 aliosque
1719 2740 1949 2801 antiquos)
1983 2745 2085 2787 uei-

1191 2812 1310 2841 nam
1353 2799 1488 2840 nulla
1523 2807 1669 2854 parte
1712 2800 1924 2847 imitatus
1963 2809 2085 2846 esset

1192 2857 1291 2910 ipse
1327 2855 1507 2904 Cicero,
1558 2856 1635 2900 sed
1670 2865 1872 2915 spectant
1906 2873 1959 2903 ea
1992 2875 2085 2908 mae

1193 2913 1258 2970 gis
1313 2911 1368 2958 ad
1415 2928 1671 2959 sermonem
1731 2915 1873 2973 (quod
1926 2918 1982 2961 de
2028 2915 2085 2962 iis

1195 2984 1375 3028 quoque
1408 2970 1552 3014 verbis
1582 2987 1770 3024 censeo,
1811 2988 1925 3031 quae
1948 2990 1990 3021 e.
2013 2974 2086 3019 22.

1194 3028 1436 3084 legunturz
1507 3029 1696 3083 priores
1753 3030 1854 3074 eius
1907 3036 2084 3077 oratio·

1195 3099 1284 3128 nes
1323 3099 1419 3126 non
1461 3099 1622 3129 carere
1659 3087 1784 3132 uitiis
1820 3090 2087 3145 antiquita·

1196 3143 1273 3198 tis)
1309 3157 1440 3199 quam
1466 3143 1520 3186 ad
1547 3143 1728 3202 dicendi
1750 3161 1892 3204 genus
1920 3145 2086 3204 ipsum.

1196 3199 1243 3243 in
1279 3214 1371 3257 quo
1406 3200 1535 3245 valde
1563 3201 1786 3248 deflexisse
1814 3202 2085 3249 Ciceronem

1196 3258 1249 3303 ab
1282 3256 1573 3315 antiquorum
1609 3267 1841 3304 oratorum
1877 3261 1918 3306 vi
1951 3276 2085 3306 nemo

1196 3314 1366 3365 neseit;
1433 3314 1477 3360 h.
1525 3326 1676 3360 autem
1725 3317 1755 3362 l.
1798 3317 2089 3376 vituperatur,

1194 3370 1320 3429 quod
1350 3380 1528 3420 tumens
1557 3375 1613 3418 sit
1644 3383 1687 3418 et
1715 3373 1896 3420 inflatus
1929 3383 1974 3420 et
2002 3393 2088 3436 pa-

1196 3445 1298 3472 rum
1321 3445 1498 3487 pressus
1514 3465 1526 3486 ,
1568 3433 1736 3476 alienus
1757 3431 1895 3491 igitur
1915 3448 1941 3479 a
1962 3450 2086 3479 eom·

1199 3485 1344 3554 posita
1371 3495 1411 3529 et
1447 3488 1626 3533 concisa
1656 3489 1876 3545 oratione.
1934 3490 2090 3551 ipsum

1198 3542 1314 3588 illud
1334 3546 1566 3605 antiquum
1590 3546 1637 3592 iu
1661 3546 1793 3593 laude
1814 3548 1950 3595 fuisse
1969 3549 2087 3608 opud
