2150 4022
411 221 534 283 DE
590 217 1120 280 GERMANIA
1154 216 1377 282 1-CAP.
1417 219 1514 280 19.

1825 215 1909 276 47

227 351 392 412 XIX.
475 349 636 425 Ergo
677 362 836 426 septa
874 349 1157 423 pudicitia
1190 361 1402 422 agunt,
1457 346 1641 405 nullis
1687 360 1913 423 specta·-

61 442 326 501 culorum
368 436 712 505 inlecebris,
777 433 960 492 nullis
1010 423 1439 490 conviviorum'
1467 433 1912 490 imitationibus

60 514 384 599 corruptae.
484 521 840 578 Litterarum
880 530 1096 574 secreta
1138 518 1255 573 viri
1293 519 1512 592 parite'r
1552 537 1618 574 ac
1657 518 1910 574 femina-e

60 613 350 686 ignorant.
450 605 810 679 paucissima
852 605 916 660 in
959 614 1080 660 tam
1124 622 1436 660 numerosa
1475 613 1644 678 gente
1683 603 1913 671 adulte-

61 849 172 892 darz'
198 849 284 890 tibi
308 849 485 890 donum
514 853 691 902 posset.
751 844 840 890 Sed
877 844 949 888 di-

60 921 188 949 versa
227 913 290 948 est
322 903 554 961 utriusque
598 902 684 946 loci
722 904 853 947 ratio.
893 929 950 938 -

60 965 211 1008 Altera
255 963 456 1021 quaestio
503 970 564 1004 est
616 962 670 1003 de
722 959 948 1006 vocabulo

61 1024 250 1071 rurstts,
288 1017 409 1077 quod
445 1026 543 1060 ante
578 1033 697 1074 quae
723 1026 763 1060 et
789 1017 843 1059 ab
866 1015 950 1060 ini·

60 1078 124 1122 tio
159 1076 349 1119 membri
384 1076 579 1132 positum
613 1090 741 1132 aegre
778 1073 946 1117 ferunt.
976 1090 979 1093 “

58 1135 117 1179 Et
137 1134 376 1177 Rhenanus
408 1132 585 1189 quidem
620 1132 805 1174 mutavit
837 1145 947 1173 rur·-

60 1207 242 1248 susque.
301 1190 539 1234 Passovius
575 1188 791 1231 distinxit:
822 1189 947 1230 acci-

57 1251 196 1306 piant
215 1262 404 1297 rursus,
434 1262 552 1302 quae
575 1250 640 1287 ad
661 1253 851 1299 nepotes
875 1261 947 1287 re·

49 1308 290 1364 ferantur.
347 1304 491 1347 Nemo
514 1302 708 1346 imitatus
733 1311 819 1346 est:
838 1318 946 1345 nam

62 1364 177 1407 male
203 1378 248 1405 se
279 1362 408 1405 habet
436 1375 602 1403 rursus
622 1359 669 1402 in
694 1360 782 1402 fine
809 1375 947 1403 mem·

62 1421 155 1472 bri3
215 1418 384 1476 optime
434 1419 692 1461 membrum
747 1416 946 1462 inchoat·

63 1478 178 1523 Cum
212 1475 406 1533 emphasi
437 1476 555 1518 enim
590 1475 775 1532 ponitur
809 1474 947 1517 inser·

60 1537 212 1592 vitque
239 1532 452 1576 membris
486 1531 826 1586 distinguendis.
885 1532 946 1575 cf.

63 1593 151 1637 An.
187 1594 224 1643 l,
255 1590 323 1633 80.
355 1605 500 1645 neque
543 1591 663 1631 enim
707 1591 949 1631 eminentis

62 1651 255 1693 virtutes
301 1649 598 1700 sectabatur,
665 1653 709 1687 et
754 1660 949 1688 rursum

62 1707 174 1750 vitia
215 1707 404 1754 oderam
464 1706 501 1754 1,
525 1703 596 1747 25.
627 1717 820 1746 rursum
851 1704 948 1746 viso

67 1764 265 1806 Caesare
314 1760 582 1813 trepidare5
648 1763 686 1808 1,
715 1760 790 1803 29.
831 1773 947 1801 rur-

27 1866 29 1870 ⁴
61 1835 170 1864 sum
204 1821 331 1862 idem
353 1817 575 1860 Blaesus.
640 1817 711 1859 De
737 1817 780 1861 vi
811 1825 852 1859 et
885 1817 946 1860 si-

61 1869 268 1935 gnificatu
307 1873 437 1919 huius
476 1873 719 1932 particulae
755 1873 813 1917 cf.
849 1883 948 1918 not.

60 1934 116 1978 ad
136 1934 224 1978 An.
254 1931 320 1984 13,
342 1931 409 1974 14.

114 2049 228 2094 CAP.
253 2047 319 2090 19.
377 2054 514 2101 septa
532 2048 757 2101 pudicitia
781 2056 944 2102 agunt.

59 2108 135 2150 Sic
151 2106 284 2150 MSS.
295 2103 456 2159 stuttg.
475 2104 694 2148 Hummel.
707 2106 807 2149 edd.
822 2105 944 2162 Spir.

58 2164 190 2209 Kath.
205 2162 304 2205 Put.
320 2161 387 2204 Μ.
410 2151 453 2203 et
467 2160 521 2205 V.
536 2161 672 2205 Paris,
687 2163 820 2206 Rom.
839 2163 949 2207 Ber.

59 2223 157 2267 Alc.
184 2220 383 2263 Rhenan.
408 2234 505 2273 sqq.
540 2234 681 2275 usque
700 2221 753 2264 ad
777 2220 943 2278 Bipon-

58 2280 201 2328 tinos,
244 2276 318 2334 qui
353 2292 376 2318 e
396 2274 498 2319 MS.
522 2277 738 2321 Arundel.
761 2278 942 2321 edidere

53 2345 211 2391 septae
240 2334 472 2387 pudicitia.
559 2332 942 2391 Obtemperarunt

58 2392 263 2438 Oberlin.
288 2391 467 2433 Passov.
490 2389 824 2435 Hess.Waleh.
844 2391 939 2435 Sel-

55 2453 163 2508 ling.
177 2448 354 2503 aliique.
368 2471 427 2479 —-
449 2446 678 2505 Bekkersus
701 2448 941 2492 maluitre·

52 2518 201 2568 petere
219 2512 374 2558 septa,
402 2504 522 2561 quod
550 2505 681 2547 etiam
702 2505 835 2548 MSS.
853 2507 939 2547 Va·

53 2566 152 2610 tice.
178 2563 364 2605 fortasse
387 2560 517 2604 inest.
577 2561 690 2605 Nam
708 2561 942 2605 Broterius

53 2621 188 2667 edidit
209 2628 365 2674 septa,
406 2619 527 2661 nulla
558 2634 581 2662 e
613 2619 743 2663 codd.
767 2619 940 2662 Vaticc.

53 2680 297 2736 scripturae
316 2678 530 2720 varietate
559 2684 821 2719 memorata.
883 2676 939 2718 Et

52 2745 181 2787 septa
195 2734 419 2789 pudicitia
438 2742 502 2776 est
525 2751 572 2776 ea
596 2734 685 2791 ipsa
704 2748 818 2791 quae
841 2733 939 2777 nul-

54 2795 107 2838 lis
143 2791 498 2851 spectaculorum
534 2790 795 2843 inlecebris,
840 2791 938 2834 nul·

52 2852 102 2895 lis
127 2846 444 2893 conviviorum
483 2847 815 2891 inritationibus
840 2865 938 2891 cor·

53 2906 277 2964 rumpitur
299 2937 309 2954 ‚
377 2913 468 2948 tuta
492 2936 504 2953 ,
570 2905 939 2961 inexpugnabilis,

51 2962 288 3010 inviolata,
319 2970 362 3005 et
385 2961 458 3004 tali
490 2962 700 3020 pudicitia
725 2961 936 3005 mulieres

52 3021 383 3064 Germanorum
427 3021 565 3075 egisse
609 3035 730 3062 nunc
773 3019 938 3063 Noster

52 3079 196 3122 docet.
233 3103 290 3112 -
359 3084 516 3129 septae
563 3078 788 3131 pudicitia
830 3085 936 3119 sunt

48 3143 163 3179 tutae
195 3133 406 3191 pudicitia
444 3133 484 3176 h.
511 3150 547 3177 e.
578 3149 686 3191 quas
752 3133 934 3176 udicitia

48 3208 122 3236 sua
149 3190 343 3234 defendit
367 3191 419 3235 ab
446 3190 627 3234 iniuria.
687 3207 712 3234 c
733 3222 743 3234 .
768 3191 865 3234 Liv.
893 3189 935 3242 3,

47 3248 119 3292 44.
138 3255 386 3303 postquam
419 3249 581 3290 omnia
597 3251 776 3302 pudore
797 3255 932 3301 septa

45 3308 458 3349 animadverterat.
540 3305 646 3348 Tac.
689 3305 779 3348 Au.
823 3309 856 3355 1,
886 3307 927 3347 5.

47 3365 169 3405 nmri
192 3361 372 3404 Oceano
395 3369 476 3403 aut
502 3364 721 3404 amnibus
750 3371 928 3416 septum

45 3420 307 3473 imperium.
368 3419 575 3478 Propert.
597 3420 718 3470 218,
734 3418 800 3462 69.
826 3423 928 3462 nul·

43 3480 88 3518 lo
108 3484 243 3529 septa
264 3477 449 3519 timore.
508 3476 632 3518 Hanc
654 3477 923 3535 scripturam

42 3533 275 3592 praecipue
325 3533 653 3577 commendavit
692 3533 928 3576 Passovius

1025 843 1303 888 contendens
1315 843 1499 886 alteram
1519 858 1772 900 perversam
1784 859 1912 902 prae·

1023 903 1130 945 bere
1146 901 1428 944 seutentiam.
1471 901 1530 942 At
1547 909 1780 959 utramque
1797 899 1912 945 bene

1021 976 1067 1003 se
1088 959 1274 1008 habere,
1307 958 1427 1000 illam
1450 974 1559 1000 vcro
1583 958 1913 1003 maiore'libro-

1021 1033 1123 1060 rum
1149 1015 1410 1059 auctoritate
1443 1014 1548 1066 niti,
1579 1014 1742 1058 melius
1777 1017 1911 1059 etiam

1021 1074 1247 1118 contextui
1283 1072 1522 1116 convenire
1545 1070 1630 1114 iam
1652 1072 1768 1116 iuter
1794 1075 1912 1117 viros

1021 1132 1181 1175 doctos
1210 1138 1403 1174 constat.

1078 1191 1346 1233 litterarum
1381 1192 1576 1229 secreta.
1642 1185 1911 1246 interpretes

1020 1249 1134 1291 mire
1169 1245 1344 1291 variant
1385 1243 1431 1286 in
1479 1244 1735 1301 explicanda
1779 1244 1912 1288 huius

1020 1306 1109 1350 loci
1133 1300 1366 1348 sententia.
1429 1300 1543 1343 Aliis
1572 1302 1762 1355 litterae
1788 1302 1910 1345 acci—

1019 1364 1205 1423 piuntur
1239 1375 1292 1403 eo
1328 1358 1604 1417 significatu,
1636 1375 1726 1416 quo
1760 1359 1912 1415 expri-

1020 1429 1149 1463 munt
1164 1425 1368 1461 nostrum
1383 1418 1695 1468 Buchstaben,
1712 1415 1914 1474 Sem-ist,-

995 1517 1007 1523 f
1018 1481 1292 1521 litterarum
1325 1481 1504 1516 secreta
1529 1472 1662 1516 iidem
1684 1475 1913 1530 interpre-

1018 1543 1174 1579 tantur
1199 1530 1578 1582 Schreibekunst‚
1620 1540 1668 1573 ut
1697 1531 1756 1575 ita
1789 1533 1910 1575 litte-

1018 1608 1170 1635 rarum
1202 1595 1374 1633 secreta
1403 1596 1691 1645 opponantur
1715 1589 1910 1656 simplici

1021 1658 1063 1694 et
1110 1650 1329 1706 ingenuae
1379 1645 1600 1688 sermonis
1649 1646 1911 1698 sinceritati,

1022 1707 1123 1766 quia
1147 1704 1365 1759 scriptura
1383 1702 1531 1745 arcani
1555 1702 1660 1759 quid
1687 1711 1729 1746 et
1750 1705 1911 1748 secreti

1052 1780 1126 1807 rae
1147 1779 1194 1807 se
1219 1761 1339 1802 ferre
1357 1759 1566 1802 videatur.
1612 1760 1671 1802 cf.
1688 1761 1910 1819 Adelung.

1017 1781 1119 1866 liist.
1151 1827 1243 1862 ant.
1276 1815 1433 1859 Germ.
1499 1847 1511 1859 .
1534 1815 1633 1859 373.
1653 1833 1720 1876 sq.
1798 1818 1911 1862 Pas-

1021 1877 1170 1923 sovius
1202 1876 1254 1919 ad
1282 1874 1324 1916 h.
1357 1874 1386 1917 l.
1466 1831 1605 1931 fgitur
1635 1890 1767 1917 usum
1803 1876 1912 1920 scri-

1019 1945 1174 1995 pturae
1196 1977 1200 1983 ,
1224 1930 1468 1976 abiudicari
1509 1930 1749 1976 Germanis
1799 1950 1914 1978 ceu-

1017 2002 1139 2044 sent,
1180 1989 1299 2047 genti
1331 1987 1527 2040 scilieet,
1569 2005 1659 2033 non
1690 1990 1910 2050 principi-

1017 2053 1100 2095 bus
1152 2045 1388 2091 nonnullis
1449 2055 1544 2090 arte
1594 2046 1906 2091 Romanorum

1017 2106 1259 2165 corruptis.
1347 2103 1409 2146 lta
1447 2113 1697 2148 occurrunt
1741 2105 1793 2148 iis
1830 2106 1908 2164 qui

1017 2164 1238 2208 obiiciunt
1275 2162 1504 2219 epistolas,
1559 2177 1669 2218 quas
1712 2163 1907 2221 scripse..

1015 2230 1124 2265 runt
1147 2218 1464 2263 Maroboduus
1498 2218 1586 2262 An.
1610 2219 1651 2270 2,
1673 2220 1743 2265 63.
1803 2221 1906 2266 Ad-

1014 2277 1296 2337 gandestrius
1321 2277 1381 2318 ib.
1406 2291 1447 2320 c.
1471 2277 1540 2320 88.
1558 2308 1570 2325 ,
1606 2284 1649 2318 et
1672 2278 1908 2324 adfirmant

1014 2337 1270 2380 Germanos
1319 2333 1413 2376 sine
1458 2334 1597 2377 dubio
1637 2335 1908 2393 scripturam

1316 2391 1374 2434 cs.
1411 2391 1487 2434 Fr.
1524 2391 1743 2446 Schlegel.
1774 2391 1909 2436 Prae·

1361 2447 1455 2492 W.
1484 2448 1676 2491 Grimm.
1712 2450 1767 2493 de
1801 2467 1905 2494 run.

1015 2394 1236 2437 calluisse.

1012 2452 1134 2494 lectt.
1166 2466 1207 2508 p.
1227 2448 1298 2492 35.

1013 2507 1169 2553 Germ.
1201 2522 1246 2563 p.
1270 2506 1341 2550 32.
1364 2521 1432 2562 sq.
1490 2507 1789 2550 Litterarum
1823 2522 1906 2551 se-

1011 2573 1136 2608 creta
1171 2563 1245 2607 hic
1265 2563 1550 2620 accipiuntur
1574 2563 1628 2605 de
1656 2564 1905 2608 litterarum

1012 2638 1092 2664 usu
1119 2621 1171 2664 ad
1198 2619 1575 2664 communicanda
1597 2629 1765 2665 secreta
1788 2623 1906 2666 ama·

1011 2680 1123 2721 toria
1159 2678 1276 2735 apud
1305 2676 1535 2719 Romanos
1566 2677 1817 2736 frequenti,
1849 2681 1905 2725 de

1011 2736 1207 2793 epistolis
1235 2734 1426 2776 furtivis.
1497 2733 1557 2777 cf.
1582 2734 1905 2782 Ernest.·Bro-

1011 2801 1094 2835 ter.
1119 2793 1294 2835 Anton.
1328 2790 1454 2834 Hess.
1482 2789 1695 2836 Ricktefs.
1725 2794 1777 2836 ad
1806 2795 1850 2839 h.
1878 2798 1906 2841 l.

1013 2850 1184 2892 Luden.
1218 2849 1331 2892 Hist.
1359 2847 1514 2892 Germ.
1542 2849 1575 2893 Ι.
1606 2866 1649 2906 p.
1677 2850 1774 2895 550.
1803 2852 1900 2896 740.

1011 2906 1274 2950 Dithmarus
1319 2907 1480 2962 cogitat
1525 2906 1578 2949 de
1616 2907 1734 2951 notis
1776 2910 1906 2954 elan...

1011 2964 1192 3007 destinis
1225 2979 1276 3007 ac
1308 2963 1443 3020 signis
1480 2963 1729 3008 libidinosis
1767 2984 1905 3026 super

1009 3037 1210 3064 mensam
1237 3019 1376 3078 digito
1408 3020 1590 3064 madido
1621 3022 1749 3066 factis
1776 3033 1818 3067 et
1848 3027 1902 3070 ‹le

1009 3080 1133 3121 omni
1173 3088 1291 3129 arte,
1331 3093 1462 3134 quam
1498 3079 1731 3136 descripsit
1758 3081 1899 3128 Ovid.

1007 3137 1169 3179 Amor.
1206 3137 1245 3184 1,
1281 3135 1320 3184 4,
1364 3136 1413 3177 17
1447 3151 1544 3193 sqq.
1615 3135 1796 3182 Heroid.
1829 3158 1900 3198 ep.

1008 3195 1075 3244 16,
1099 3194 1170 3236 81.
1232 3191 1323 3235 Alii
1359 3193 1439 3235 alia
1474 3191 1732 3248 opinantur.
1802 3197 1900 3243 Hoc

1003 3251 1104 3293 satis
1154 3258 1327 3292 certum
1369 3259 1433 3291 est
1477 3249 1730 3294 Germanos
1775 3271 1896 3300 nunc

1005 3306 1172 3350 laudari
1210 3306 1254 3348 in
1299 3306 1620 3349 coutumeliam
1660 3308 1894 3354 Romano-

1002 3380 1117 3411 rum,
1149 3364 1264 3420 apud
1300 3379 1430 3420 quos,
1460 3373 1507 3406 ut
1536 3369 1897 3420 spectaculorum

1002 3420 1250 3463 inlecebrae
1295 3429 1335 3463 et
1381 3421 1702 3465 conviviorum
1742 3425 1896 3468 inrita-

1000 3478 1142 3520 tiones
1178 3478 1414 3533 pudicitiae
1453 3478 1771 3523 detrimentum
1816 3483 1897 3525 ad-

1000 3534 1226 3583 son-bant,
1267 3535 1323 3578 ita
1350 3543 1390 3577 et
1420 3535 1496 3577 vin-i
1537 3537 1700 3593 pariter
1736 3555 1788 3583 ac
1823 3539 1892 3585 fe-
