2150 4022
435 264 701 327 JULII'
743 261 1068 323 Aemo.
1117 241 1749 323 v1TA0cAPJ42.
1901 256 2027 323 205

173 400 430 461 laeseris:
497 395 830 454 Domitiani
875 413 1018 451 vero
1068 403 1282 448 natura
1328 410 1604 466 praeceps
1641 389 1708 446 in
1755 391 1906 448 iram
1957 403 2031 462 et,

173 508 290 565 quo
329 483 668 551 obscurior,
732 501 822 537 eo·
845 477 1333 545 inrevocabilior,
1384 477 1790 533 moderatione
1831 488 2031 533 tamen

171 569 602 648 prudentiaque
636 562 947 639 Agricolae
979 564 1337 620 leniebatur:
1379 562 1519 637 quia
1558 582 1682 625 non
1721 574 2032 620 contuma-

173 658 262 715 cia
318 673 508 730 neque
558 652 726 709 inani
777 650 1090 708 iactatione
1132 646 1423 704 libertatis
1465 647 1682 703 famam
1724 649 2030 724 fatumque

175 740 551 818 provocabat.
651 737 867 805 sciant,
929 736 1145 812 quibus
1188 731 1371 788 moris
1417 742 1501 787 est
1543 733 1769 789 inlicita
1810 733 2034 802 mirari,

171 846 339 901 posse
390 824 566 881 etiam
609 823 719 879 sub
770 822 942 899 malis
989 819 1360 900 principibus
1402 828 1644 890 'magnos
1681 819 1841 874 viros
1882 838 2030 876 esse:

173 910 638 986 obsequiumque
695 928 761 963 ac
812 906 1193 973 modestiam,
1264 902 1315 958 si
1372 901 1666 958 industria
1730 924 1794 959 ac
1860 904 2031 978 vigor

175 997 401 1065 adsint,
455 1015 522 1051 eo
568 993 762 1050 laudis
807 992 1110 1059 excedere,
1154 1010 1272 1066 quo
1317 987 1588 1063 plerique
1619 1008 1726 1062 per
1765 989 2034 1064 abrupta,

175 1082 368 1137 sedin
397 1080 633 1136 nullum
676 1078 762 1133 rei
794 1077 1066 1152 publicae
1107 1095 1311 1143 usum,
1355 1073 1665 1130 ambitiosa
1709 1086 1898 1131 morte
1936 1075 2032 1130 in-

177 1169 531 1223 claruerunt.

175 1404 299 1450 riuin
322 1413 483 1447 tamen
498 1405 835 1458 proconsulare
861 1403 951 1445 sol.
975 1402 1066 1456 offi,
1141 1418 1181 1444 a.
1207 1400 1334 1444 1816.
1366 1416 1438 1445 nr.
1463 1400 1560 1444 127.
1595 1399 1787 1443 voluisse
1820 1402 1904 1443 hoc
1929 1403 2036 1444 lau-

176 1464 298 1522 quod
318 1463 526 1506 Ernestio
556 1461 748 1520 placuit,
785 1461 861 1504 sed
885 1460 955 1505 vix
984 1476 1071 1502 ne-
1141 1459 1243 1514 dis,
1278 1458 1399 1516 quod
1427 1457 1653 1501 Walchio
1678 1474 1729 1500 ex
1763 1462 1850 1502 huc
1879 1459 2038 1502 laudis

175 1522 435 1566 cessarium.
1144 1525 1411 1573 corruptum
1442 1515 1649 1568 videtui-3
1695 1511 2039 1563 non'necessa-

235 1579 397 1634 quibus
433 1579 584 1620 moris
616 1583 703 1619 est.
778 1575 853 1619 Sic
886 1592 934 1617 ex
970 1574 1070 1617 MS.
1142 1576 1256 1618 riam
1273 1590 1365 1616 esse
1387 1573 1964 1632 correctionem,intelliges
1989 1590 2039 1617 ex

176 1636 322 1680 Vatic'.
354 1635 481 1679 3429.
519 1636 621 1678 edd.
648 1634 752 1676 Put.
776 1650 844 1688 pr.
883 1641 925 1675 et
949 1632 1070 1674 Med.

179 1701 250 1736 est
295 1693 592 1736 restituebant
635 1691 867 1733 Broterius
912 1698 953 1732 et
985 1689 1071 1731 Er-

178 1750 368 1800 nestius,
400 1751 523 1807 quod
551 1749 762 1806 deinceps
792 1764 951 1790 omnes
972 1763 1070 1790 ser-

178 1817 415 1853 vaverunt.
475 1807 588 1850 Edd.
612 1807 712 1848 Put.
736 1805 845 1847 Ven.
866 1804 1072 1848 Beroald.

181 1862 278 1909 A'le.
310 1865 452 1908 Rben.
478 1880 575 1922 sqq.
612 1871 680 1906 est
716 1864 947 1906 omittunt.
1010 1861 1071 1905 cf.

179 1932 278 1966 not.
307 1923 495 1979 adAgr.
523 1938 563 1965 c.
590 1922 658 1964 38.
835 1949 845 1954 —

233 1982 414 2022 inlicita
433 1981 619 2022 mirari.
678 1977 796 2020 Edd.
819 1977 920 2019 Put.
941 1977 1070 2019 Med.

178 2036 292 2080 Ven.
318 2040 493 2086 inclita,
518 2036 643 2093 quod·
663 2035 711 2077 in
733 2035 948 2077 omnibus
974 2049 1071 2091 sqq.

176 2104 300 2138 recte
322 2104 543 2138 mutatum
567 2102 629 2137 est
649 2093 696 2135 in
717 2093 893 2136 illicita.
937 2091 1070 2135 Unus

178 2152 474 2196 Doederlein.
508 2152 667 2195 transl.
704 2167 831 2195 vern.
871 2165 972 2207 pag.
1001 2148 1071 2191 62.

179 2211 484 2254 coniecturam
505 2210 702 2252 tentabat
721 2210 769 2250 in
784 2210 970 2250 licentia
990 2208 1070 2248 mi·

178 2270 298 2311 rari.
331 2267 417 2310 Sed
432 2283 522 2308 non
539 2283 650 2324 opus
669 2266 945 2309 coniectura.
986 2264 1071 2306 Re·

179 2325 306 2367 {ertu
321 2340 422 2367 cum
438 2324 658 2372 Broteri0,
680 2339 812 2380 quem
833 2338 989 2365 omnes
1006 2337 1071 2363 se-

181 2389 409 2439 quuntur,
449 2398 504 2424 ne
534 2379 743 2422 Dronkio
779 2379 959 2436 quidem
997 2396 1070 2421 ex-

180 2447 337 2497 cepto,
389 2439 476 2482 hoc
507 2439 778 2483 vocabulum
815 2436 869 2478 ad
908 2445 1070 2478 contu-

181 2497 383 2539 maciam
402 2503 448 2538 et
463 2498 647 2537 inanem
671 2495 1071 2539 libertatz'sviacta-

182 2556 378 2605 tionem,
414 2569 580 2610 eosque
605 2553 720 2609 finge
744 2551 824 2594 tibi
850 2550 1072 2598 homines,

182 2612 257 2668 qui
307 2611 406 2654 vani
454 2611 663 2668 antiquae
708 2609 922 2652 libertatis
963 2607 1061 2650 imi-

180 2677 344 2712 tatores
403 2684 456 2711 eo
485 2678 711 2725 ,tempore
764 2666 879 2711 facta
927 2666 1071 2710 mira—

182 2728 344 2769 bantur
373 2735 416 2770 et
451 2727 615 2771 imitari
648 2725 900 2768 studebant.
978 2724 1072 2767 Ta-

183 2783 274 2826 lem
316 2785 531 2828 libertatis
565 2783 864 2826 adfectionem
902 2782 1072 2840 legibus

182 2856 276 2883 non
304 2858 563 2885 concessam
589 2840 726 2883 fuisse
754 2855 888 2882 nemo
914 2840 1071 2883 nescit.

182 2898 302 2940 Bene
316 2899 561 2943 Beckerus:
595 2914 706 2950 „nec
719 2896 838 2942 aliud
856 2898 927 2940 bic
941 2898 1073 2940 docet

182 2954 376 3005 Tacitus,
400 2973 532 3014 quam
554 2972 667 3015 quae
687 2971 820 3013 supra
836 2955 920 2998 iam
947 2971 986 2997 c.
1005 2955 1071 2997 17.

184 3011 355 3056 innuit:
385 3014 531 3056 Iulius
555 3015 838 3067 frontinus,
871 3014 943 3053 vir
967 3029 1070 3054 ma-

183 3083 311 3123 gnus,
346 3079 636 3128 quantum
667 3072 912 3112 licebat.
977 3070 1071 3125 Qui

183 3127 318 3185 igitur
353 3129 545 3172 maiores
588 3143 680 3171 esse
718 3129 939 3186 altiusque
976 3144 1070 3170 sese

183 3187 342 3230 efferre
393 3187 743 3242 concupiscunt,
805 3201 939 3243 quam
983 3202 1068 3243 pro

182 3253 438 3300 temporum
474 3242 624 3286 indole
650 3252 690 3285 et
715 3244 930 3299 principis
961 3260 1066 3285 mo-

182 3301 306 3345 ribus
327 3302 444 3352 licet,
474 3300 549 3357 qui
577 3300 808 3344 ambitiosa
833 3311 979 3344 morte
1003 3301 1067 3342 in·

184 3358 426 3402 clarescere
462 3356 669 3408 malunt„
696 3373 831 3416 quam
862 3367 954 3400 tute
991 3374 1073 3400 nec

184 3414 393 3458 indecore
426 3425 513 3458 nec
549 3413 767 3458 inutiliter
800 3416 978 3466 vivere,
1027 3415 1070 3457 hi

187 3472 345 3513 illicita
367 3472 519 3515 mirari
543 3472 806 3515 ‹lienum-P

242 3541 295 3567 eo
313 3530 469 3572 laudis
488 3532 727 3572 excedere.
773 3530 956 3573 Notassc
982 3529 1070 3571 sns-

187 3582 324 3635 ficiet,
364 3585 417 3629 V.
442 3586 502 3630 D.
529 3588 574 3630 in
602 3586 776 3643 ephem.
801 3587 866 3630 lit.
896 3588 1070 3629 lenens.

1145 1649 1184 1676 c.
1215 1633 1288 1675 28.
1330 1647 1382 1673 eo
1424 1635 1489 1673 ud
1537 1639 1812 1674 extremum
1856 1634 2039 1686 mopiae

1138 1703 1419 1744 pervenere.,·
1478 1688 1567 1732 An.
1599 1689 1641 1739 Ξ,
1669 1689 1739 1734 33.
1782 1697 2039 1744 postquam

1146 1764 1199 1791 eo
1233 1747 1611 1803 magmflcentiae
1642 1749 1837 1789 venerit.
1898 1747 2042 1790 Prae-

1144 1814 1264 1848 terea
1283 1805 1486 1862 Lipsius:
1521 1803 1668 1853 malo,
1702 1804 1876 1862 inquit,
1911 1820 2042 1847 acce-

1144 1867 1283 1917 dere,
1326 1861 1399 1907 vel
1434 1861 1586 1918 potius
1619 1865 1891 1913 escendere‚·
1929 1862 2042 1906 See-

1145 1920 1308 1964 bodius
1350 1919 1604 1977 corrigebat
1647 1922 1900 1976 excellere,
1961 1921 2040 1964 sed

1145 1995 1227 2023 cur
1267 1977 1571 2033 corrigamus,
1625 1978 1787 2035 quibus
1824 1977 1932 2021 nihil
1965 1978 2039 2021 in-

1145 2044 1211 2079 est
1244 2035 1352 2078 vitii.
1413 2034 1551 2078 Recte
1583 2037 1846 2092 pronuntiat
1877 2035 2042 2078 Ruhn-

1145 2093 1246 2137 ken.
1281 2093 1336 2135 ad
1356 2091 1497 2139 Rutil.
1518 2092 1633 2149 Lup.
1668 2108 1714 2150 p.
1736 2094 1806 2136 49.
1845 2097 1911 2150 [p.
1939 2094 2038 2137 117.

1143 2151 1213 2194 ed.
1239 2149 1491 2206 Frotsch.],
1530 2149 1720 2193 fortasse
1745 2152 1904 2195 melius
1929 2167 2041 2202 esse,

1141 2207 1380 2267 vulgatum
1423 2211 1649 2250 excedere
1690 2224 1785 2251 non
1841 2225 2039 2255 movere.

1142 2267 1239 2310 Nec
1252 2275 1494 2310 moverunt
1511 2266 1695 2322 interpr.
1710 2265 1925 2326 plerique.
1974 2265 2038 2312 cf.

1143 2325 1288 2368 Tacit.
1317 2325 1406 2366 An.
1429 2324 1469 2374 2,
1494 2323 1537 2366 8.
1564 2330 1756 2364 tantum
1778 2325 1863 2366 illa
1885 2327 2040 2368 clades

1143 2385 1351 2424 novitate
1390 2388 1435 2422 et
1468 2381 1792 2434 magnitudine
1823 2384 2051 2438 excessit,

1143 2440 1220 2482 ubi
1245 2438 1302 2482 cf.
1323 2447 1449 2485 noh,
1479 2437 1592 2481 adde
1618 2435 1767 2479 Valer.
1796 2439 1917 2482 Max.
1939 2441 1980 2491 5,
1994 2440 2041 2484 6.
2094 2440 2097 2445 ’

1143 2495 1187 2541 4.
1210 2511 1287 2539 res
1311 2496 1492 2549 publica
1517 2497 1795 2548 procedente
1828 2504 2039 2550 tempore

1143 2558 1208 2598 ad
1260 2568 1497 2597 summum
1548 2552 1745 2606 imperii
1779 2552 2038 2608 fastigium

1145 2612 1353 2656 excessit.
1378 2610 1492 2652 Vide
1502 2609 1868 2656 Boetticher.Lex
1877 2611 2036 2658 .Tacit.

1142 2687 1187 2729 p.
1203 2670 1297 2713 180.
1324 2668 1585 2716 Excedere,
1616 2668 1738 2724 quod
1762 2669 1808 2712 in
1829 2669 1931 2714 MS.
1950 2671 2038 2715 Va·

1142 2729 1216 2772 tic.
1251 2726 1382 2770 3429.
1425 2733 1595 2769 exstare
1637 2727 1872 2770 contendit
1913 2728 2035 2772 Bek-

1143 2785 1302 2833 herus,
1346 2790 1469 2827 recte
1507 2798 1532 2826 a
1564 2791 1750 2828 recentt.
1785 2785 2035 2830 editoribus

1143 2843 1400 2886 restitutum
1423 2849 1505 2886 est.

1199 2959 1246 3000 in
1290 2957 1473 2999 nullum
1507 2957 1580 2998 rei
1616 2959 1830 3008 publicae
1872 2974 2031 3005 usum.

1142 3014 1246 3059 MS.
1273 3014 1372 3057 Vat.
1399 3013 1526 3057 3429.
1559 3016 1605 3056 in
1636 3018 1820 3058 nullum
1839 3019 1913 3059 rei
1926 3026 2036 3073 post

1143 3088 1305 3120 usum,
1341 3071 1420 3114 sed
1458 3070 1507 3112 in
1532 3073 1734 3129 margine
1759 3075 2033 3133 adscriptum

1143 3140 1232 3173 est:
1275 3128 1371 3180 „al.
1400 3129 1450 3170 in
1471 3131 1656 3172 nullum
1679 3145 1732 3172 re
1763 3131 1812 3182 ῥ.
1843 3135 2032 3176 usum.'’

1142 3187 1343 3230 Vaticani
1398 3184 1502 3228 libri
1559 3188 1830 3245 scripturam
1881 3196 2036 3234 tenent

1140 3245 1242 3287 edd.
1255 3245 1459 3301 antiquae
1473 3245 1913 3302 omnes,quibuscum
1928 3261 2036 3290 con-

1141 3301 1340 3344 sentiunt
1373 3308 1561 3344 recentt.
1587 3300 1774 3359 interpr.
1807 3303 2036 3357 nonnulli,

1146 3360 1263 3401 velut
1295 3356 1526 3401 Dronkius
1560 3368 1604 3401 et
1640 3357 1877 3402 Beckerus.
1938 3361 2032 3405 Ex,

1143 3416 1311 3474 plicant
1343 3415 1407 3458 illi
1439 3431 1520 3473 per
1543 3415 1734 3472 Hyphen
1766 3415 1919 3461 iuncta
1950 3436 2030 3463 vo-

1144 3472 1326 3521 cabula,
1368 3482 1417 3515 ut
1437 3474 1492 3515 sit
1518 3489 1647 3521 usus,
1685 3473 1761 3530 qui
1787 3482 1936 3530 postea
1963 3494 2030 3520 ex·
2076 3497 2077 3500 ¹

1143 3530 1245 3572 inde
1285 3532 1444 3573 oritur.
1516 3530 1602 3572 Sed
1638 3546 1695 3572 ne
1731 3532 1836 3588 quid
1882 3533 2027 3577 (licam

1145 3588 1197 3630 ‹le
1220 3589 1436 3632 sententia
1461 3587 1606 3643 inepta
1635 3587 1726 3630 fere
1755 3598 1795 3631 et
1821 3591 2027 3640 absurda.
