<?xml version="1.0" encoding="UTF-8"?>
<!DOCTYPE html PUBLIC "-//W3C//DTD XHTML 1.0 Transitional//EN"
    "http://www.w3.org/TR/xhtml1/DTD/xhtml1-transitional.dtd">
<html xmlns="http://www.w3.org/1999/xhtml" xml:lang="en" lang="en">
 <head>
  <title>
</title>
<meta http-equiv="Content-Type" content="text/html;charset=utf-8" />
  <meta name='ocr-system' content='tesseract 3.04.00' />
  <meta name='ocr-capabilities' content='ocr_page ocr_carea ocr_par ocr_line ocrx_word'/>
</head>
<body>
  <div class='ocr_page' id='page_1' title='image "./operarecensuitet04taciuoft_0376.png"; bbox 0 0 2150 4022; ppageno 0'>
   <div class='ocr_carea' id='block_1_1' title="bbox 219 217 348 278">
    <p class='ocr_par' dir='ltr' id='par_1_1' title="bbox 219 217 348 278">
     <span class='ocr_line' id='line_1_1' title="bbox 219 217 348 278; baseline -0.016 0"><span class='ocrx_word' id='word_1_1' title='bbox 219 217 348 278; x_wconf 68' lang='lat'><strong>³60</strong></span> 
     </span>
    </p>
   </div>
   <div class='ocr_carea' id='block_1_2' title="bbox 719 213 1573 281">
    <p class='ocr_par' dir='ltr' id='par_1_2' title="bbox 719 213 1573 281">
     <span class='ocr_line' id='line_1_2' title="bbox 719 213 1573 281; baseline 0.007 -6"><span class='ocrx_word' id='word_1_2' title='bbox 719 214 841 275; x_wconf 80' lang='lat' dir='ltr'><strong>DE</strong></span> <span class='ocrx_word' id='word_1_3' title='bbox 900 213 1573 281; x_wconf 77' lang='lat' dir='ltr'><strong>ORATORIBUS</strong></span> 
     </span>
    </p>
   </div>
   <div class='ocr_carea' id='block_1_3' title="bbox 210 344 2087 680">
    <p class='ocr_par' dir='ltr' id='par_1_3' title="bbox 210 344 2087 680">
     <span class='ocr_line' id='line_1_3' title="bbox 217 344 2085 423; baseline -0.003 -15"><span class='ocrx_word' id='word_1_4' title='bbox 217 348 551 408; x_wconf 71' lang='lat' dir='ltr'><strong>&#39;tationibus</strong></span> <span class='ocrx_word' id='word_1_5' title='bbox 575 346 847 416; x_wconf 57' lang='lat' dir='ltr'><strong>iuvenem</strong></span> <span class='ocrx_word' id='word_1_6' title='bbox 882 346 1002 402; x_wconf 84' lang='lat' dir='ltr'><strong>iam</strong></span> <span class='ocrx_word' id='word_1_7' title='bbox 1026 345 1608 423; x_wconf 63' lang='lat' dir='ltr'><strong>forumffigreaonri,</strong></span> <span class='ocrx_word' id='word_1_8' title='bbox 1649 344 2085 410; x_wconf 52' lang='lat' dir='ltr'><strong>confimat-eet</strong></span> 
     </span>
     <span class='ocr_line' id='line_1_4' title="bbox 227 430 2087 509; baseline 0.001 -18"><span class='ocrx_word' id='word_1_9' title='bbox 227 435 383 492; x_wconf 87' lang='lat' dir='ltr'><strong>alere</strong></span> <span class='ocrx_word' id='word_1_10' title='bbox 412 432 649 506; x_wconf 85' lang='lat' dir='ltr'><strong>ingenia</strong></span> <span class='ocrx_word' id='word_1_11' title='bbox 675 450 778 492; x_wconf 87' lang='lat' dir='ltr'><strong>sua</strong></span> <span class='ocrx_word' id='word_1_12' title='bbox 802 431 962 488; x_wconf 82' lang='lat' dir='ltr'><strong>soliti</strong></span> <span class='ocrx_word' id='word_1_13' title='bbox 990 430 1125 490; x_wconf 85' lang='lat' dir='ltr'><strong>sint.</strong></span> <span class='ocrx_word' id='word_1_14' title='bbox 1184 451 1376 509; x_wconf 88' lang='lat' dir='ltr'><strong>neque</strong></span> <span class='ocrx_word' id='word_1_15' title='bbox 1403 436 1562 494; x_wconf 84' lang='lat' dir='ltr'><strong>enim</strong></span> <span class='ocrx_word' id='word_1_16' title='bbox 1588 446 1714 492; x_wconf 83' lang='lat' dir='ltr'><strong>arte</strong></span> <span class='ocrx_word' id='word_1_17' title='bbox 1726 472 1729 481; x_wconf 35' lang='grc' dir='ltr'>κ</span> <span class='ocrx_word' id='word_1_18' title='bbox 1740 446 1802 494; x_wconf 85' lang='lat' dir='ltr'><strong>et·</strong></span> <span class='ocrx_word' id='word_1_19' title='bbox 1824 435 2087 508; x_wconf 53' lang='lat' dir='ltr'><strong>saiwa,</strong></span> 
     </span>
     <span class='ocr_line' id='line_1_5' title="bbox 210 516 2086 593; baseline 0.003 -17"><span class='ocrx_word' id='word_1_20' title='bbox 210 520 331 589; x_wconf 53' lang='lat' dir='ltr'><strong>„sed</strong></span> <span class='ocrx_word' id='word_1_21' title='bbox 357 518 532 590; x_wconf 84' lang='lat' dir='ltr'><strong>longe</strong></span> <span class='ocrx_word' id='word_1_22' title='bbox 557 517 743 590; x_wconf 85' lang='lat' dir='ltr'><strong>magis</strong></span> <span class='ocrx_word' id='word_1_23' title='bbox 765 517 1040 573; x_wconf 81' lang='lat' dir='ltr'><strong>facultate</strong></span> <span class='ocrx_word' id='word_1_24' title='bbox 1070 516 1470 593; x_wconf 79' lang='lat' dir='ltr'><strong>eloquentiam</strong></span> <span class='ocrx_word' id='word_1_25' title='bbox 1495 520 1833 592; x_wconf 67' lang='lat' dir='ltr'><strong>contineri,</strong></span> <span class='ocrx_word' id='word_1_26' title='bbox 1864 532 2086 592; x_wconf 62' lang='lat' dir='ltr'><strong>neom,</strong></span> 
     </span>
     <span class='ocr_line' id='line_1_6' title="bbox 227 597 1981 680; baseline 0.001 -19"><span class='ocrx_word' id='word_1_27' title='bbox 227 612 374 680; x_wconf 88' lang='lat' dir='ltr'><strong>puto</strong></span> <span class='ocrx_word' id='word_1_28' title='bbox 393 648 410 672; x_wconf 90' lang='lat'>,</span> <span class='ocrx_word' id='word_1_29' title='bbox 453 603 710 672; x_wconf 80' lang='lat' dir='ltr'><strong>abnueS‚</strong></span> <span class='ocrx_word' id='word_1_30' title='bbox 755 612 810 658; x_wconf 90' lang='lat' dir='ltr'><strong>et</strong></span> <span class='ocrx_word' id='word_1_31' title='bbox 834 597 901 658; x_wconf 86' lang='lat' dir='ltr'><strong>hi</strong></span> <span class='ocrx_word' id='word_1_32' title='bbox 929 601 1256 675; x_wconf 85' lang='lat' dir='ltr'><strong>significare</strong></span> <span class='ocrx_word' id='word_1_33' title='bbox 1281 605 1451 662; x_wconf 84' lang='lat' dir='ltr'><strong>vultu</strong></span> <span class='ocrx_word' id='word_1_34' title='bbox 1481 605 1779 666; x_wconf 77' lang='lat' dir='ltr'><strong>videntur.</strong></span> <span class='ocrx_word' id='word_1_35' title='bbox 1847 642 1855 646; x_wconf 36' lang='grc' dir='ltr'><em>ν</em></span> <span class='ocrx_word' id='word_1_36' title='bbox 1902 635 1929 649; x_wconf 47' lang='lat'><strong>1«</strong></span> <span class='ocrx_word' id='word_1_37' title='bbox 1954 626 1981 653; x_wconf 46' lang='lat' dir='ltr'><strong>a</strong></span> 
     </span>
    </p>
   </div>
   <div class='ocr_carea' id='block_1_4' title="bbox 219 708 2089 1046">
    <p class='ocr_par' dir='ltr' id='par_1_4' title="bbox 219 708 2089 1046">
     <span class='ocr_line' id='line_1_7' title="bbox 330 708 2089 794; baseline 0.001 -24"><span class='ocrx_word' id='word_1_38' title='bbox 330 744 338 755; x_wconf 74' lang='lat'><em>,</em></span> <span class='ocrx_word' id='word_1_39' title='bbox 394 711 628 770; x_wconf 85' lang='lat' dir='ltr'><strong>Deinde</strong></span> <span class='ocrx_word' id='word_1_40' title='bbox 655 733 788 791; x_wconf 83' lang='lat' dir='ltr'><strong>cum</strong></span> <span class='ocrx_word' id='word_1_41' title='bbox 804 708 967 794; x_wconf 73' lang='lat' dir='ltr'><strong>Aper</strong></span> <span class='ocrx_word' id='word_1_42' title='bbox 995 732 1230 788; x_wconf 87' lang='lat' dir='ltr'><strong>quoque</strong></span> <span class='ocrx_word' id='word_1_43' title='bbox 1258 725 1315 771; x_wconf 84' lang='lat' dir='ltr'><strong>et</strong></span> <span class='ocrx_word' id='word_1_44' title='bbox 1331 714 1638 776; x_wconf 86' lang='lat' dir='ltr'><strong>Secundus</strong></span> <span class='ocrx_word' id='word_1_45' title='bbox 1661 717 1818 774; x_wconf 85' lang='lat' dir='ltr'><strong>idem</strong></span> <span class='ocrx_word' id='word_1_46' title='bbox 1844 710 2089 774; x_wconf 71' lang='lat' dir='ltr'><strong>adnuis-</strong></span> 
     </span>
     <span class='ocr_line' id='line_1_8' title="bbox 230 792 2088 876; baseline 0.002 -20"><span class='ocrx_word' id='word_1_47' title='bbox 230 810 394 868; x_wconf 78' lang='lat' dir='ltr'><strong>sem,</strong></span> <span class='ocrx_word' id='word_1_48' title='bbox 447 792 726 854; x_wconf 54' lang='lat' dir='ltr'><strong>Messalla</strong></span> <span class='ocrx_word' id='word_1_49' title='bbox 755 797 926 874; x_wconf 87' lang='lat' dir='ltr'><strong>quasi</strong></span> <span class='ocrx_word' id='word_1_50' title='bbox 958 794 1166 853; x_wconf 60' lang='lat' dir='ltr'><strong>‘rursus</strong></span> <span class='ocrx_word' id='word_1_51' title='bbox 1205 797 1522 876; x_wconf 83' lang='lat' dir='ltr'><strong>incipieus:</strong></span> <span class='ocrx_word' id='word_1_52' title='bbox 1576 800 1880 875; x_wconf 81' lang='lat' dir='ltr'><strong>Quoniam</strong></span> <span class='ocrx_word' id='word_1_53' title='bbox 1915 796 2088 859; x_wconf 82' lang='lat' dir='ltr'><strong>initia</strong></span> 
     </span>
     <span class='ocr_line' id='line_1_9' title="bbox 231 877 2089 957; baseline 0.001 -16"><span class='ocrx_word' id='word_1_54' title='bbox 231 895 290 941; x_wconf 87' lang='lat' dir='ltr'><strong>et</strong></span> <span class='ocrx_word' id='word_1_55' title='bbox 327 883 551 939; x_wconf 85' lang='lat' dir='ltr'><strong>semina</strong></span> <span class='ocrx_word' id='word_1_56' title='bbox 591 883 803 939; x_wconf 83' lang='lat' dir='ltr'><strong>veteris</strong></span> <span class='ocrx_word' id='word_1_57' title='bbox 838 881 1211 957; x_wconf 83' lang='lat' dir='ltr'><strong>eloquentiae</strong></span> <span class='ocrx_word' id='word_1_58' title='bbox 1242 886 1381 942; x_wconf 89' lang='lat' dir='ltr'><strong>satis</strong></span> <span class='ocrx_word' id='word_1_59' title='bbox 1409 877 2089 957; x_wconf 22' lang='lat' dir='ltr'><strong>demonstrassetvideon</strong></span> 
     </span>
     <span class='ocr_line' id='line_1_10' title="bbox 219 963 2088 1046; baseline 0.001 -20"><span class='ocrx_word' id='word_1_60' title='bbox 219 969 502 1027; x_wconf 40' lang='lat' dir='ltr'><strong>‘docendo</strong></span> <span class='ocrx_word' id='word_1_61' title='bbox 535 963 759 1045; x_wconf 61' lang='lat' dir='ltr'><strong>quibus‘</strong></span> <span class='ocrx_word' id='word_1_62' title='bbox 779 967 1004 1030; x_wconf 82' lang='lat' dir='ltr'><strong>artibus</strong></span> <span class='ocrx_word' id='word_1_63' title='bbox 1032 967 1264 1046; x_wconf 78' lang='lat' dir='ltr'><strong>antiqui</strong></span> <span class='ocrx_word' id='word_1_64' title='bbox 1291 983 1552 1029; x_wconf 86' lang='lat' dir='ltr'><strong>oratores</strong></span> <span class='ocrx_word' id='word_1_65' title='bbox 1579 970 1811 1031; x_wconf 80' lang='lat' dir='ltr'><strong>institui</strong></span> <span class='ocrx_word' id='word_1_66' title='bbox 1834 971 2088 1031; x_wconf 82' lang='lat' dir='ltr'><strong>erudiri-·</strong></span> 
     </span>
    </p>
   </div>
   <div class='ocr_carea' id='block_1_5' title="bbox 231 1187 1124 1303">
    <p class='ocr_par' dir='ltr' id='par_1_5' title="bbox 231 1187 1124 1303">
     <span class='ocr_line' id='line_1_11' title="bbox 231 1187 1124 1246; baseline 0 -16"><span class='ocrx_word' id='word_1_67' title='bbox 231 1187 454 1244; x_wconf 72' lang='lat' dir='ltr'><strong>sentiant,</strong></span> <span class='ocrx_word' id='word_1_68' title='bbox 487 1190 741 1232; x_wconf 81' lang='lat' dir='ltr'><strong>resciamus</strong></span> <span class='ocrx_word' id='word_1_69' title='bbox 764 1187 1018 1232; x_wconf 79' lang='lat' dir='ltr'><strong>exhibentes</strong></span> <span class='ocrx_word' id='word_1_70' title='bbox 1039 1202 1124 1246; x_wconf 85' lang='lat' dir='ltr'><strong>pro</strong></span> 
     </span>
     <span class='ocr_line' id='line_1_12' title="bbox 235 1245 753 1303; baseline 0.006 -16"><span class='ocrx_word' id='word_1_71' title='bbox 235 1245 359 1303; x_wconf 80' lang='lat' dir='ltr'><strong>vulg.</strong></span> <span class='ocrx_word' id='word_1_72' title='bbox 384 1248 668 1290; x_wconf 77' lang='lat' dir='ltr'><strong>nesciamus.</strong></span> <span class='ocrx_word' id='word_1_73' title='bbox 747 1286 753 1296; x_wconf 87' lang='grc'><em>,</em></span> 
     </span>
    </p>
   </div>
   <div class='ocr_carea' id='block_1_6' title="bbox 230 1386 1134 2468">
    <p class='ocr_par' dir='ltr' id='par_1_6' title="bbox 230 1386 1134 2468">
     <span class='ocr_line' id='line_1_13' title="bbox 231 1386 1124 1432; baseline -0.004 0"><span class='ocrx_word' id='word_1_74' title='bbox 231 1386 335 1432; x_wconf 73' lang='lat' dir='ltr'><strong>Vat.</strong></span> <span class='ocrx_word' id='word_1_75' title='bbox 373 1387 501 1430; x_wconf 74' lang='lat'><strong>1862.</strong></span> <span class='ocrx_word' id='word_1_76' title='bbox 537 1387 638 1431; x_wconf 83' lang='lat' dir='ltr'><strong>edd.</strong></span> <span class='ocrx_word' id='word_1_77' title='bbox 671 1388 848 1431; x_wconf 81' lang='lat' dir='ltr'><strong>Ernest.</strong></span> <span class='ocrx_word' id='word_1_78' title='bbox 888 1395 931 1430; x_wconf 85' lang='lat' dir='ltr'><strong>et</strong></span> <span class='ocrx_word' id='word_1_79' title='bbox 966 1402 1124 1430; x_wconf 87' lang='lat' dir='ltr'><strong>omnes</strong></span> 
     </span>
     <span class='ocr_line' id='line_1_14' title="bbox 230 1443 1124 1501; baseline -0.001 -14"><span class='ocrx_word' id='word_1_80' title='bbox 230 1443 506 1491; x_wconf 80' lang='lat' dir='ltr'><strong>recentiores</strong></span> <span class='ocrx_word' id='word_1_81' title='bbox 544 1444 802 1498; x_wconf 78' lang='lat' dir='ltr'><strong>ingressuri</strong></span> <span class='ocrx_word' id='word_1_82' title='bbox 837 1444 1000 1488; x_wconf 87' lang='lat' dir='ltr'><strong>habent</strong></span> <span class='ocrx_word' id='word_1_83' title='bbox 1040 1460 1124 1501; x_wconf 87' lang='lat' dir='ltr'><strong>pro</strong></span> 
     </span>
     <span class='ocr_line' id='line_1_15' title="bbox 232 1501 1126 1557; baseline -0.002 -13"><span class='ocrx_word' id='word_1_84' title='bbox 232 1501 337 1546; x_wconf 79' lang='lat' dir='ltr'><strong>edd.</strong></span> <span class='ocrx_word' id='word_1_85' title='bbox 361 1512 461 1544; x_wconf 80' lang='lat' dir='ltr'><strong>ante</strong></span> <span class='ocrx_word' id='word_1_86' title='bbox 491 1501 661 1546; x_wconf 84' lang='lat' dir='ltr'><strong>Ernest.</strong></span> <span class='ocrx_word' id='word_1_87' title='bbox 687 1502 893 1545; x_wconf 84' lang='lat' dir='ltr'><strong>omnium</strong></span> <span class='ocrx_word' id='word_1_88' title='bbox 928 1502 1126 1557; x_wconf 82' lang='lat' dir='ltr'><strong>itemque</strong></span> 
     </span>
     <span class='ocr_line' id='line_1_16' title="bbox 231 1559 1127 1617; baseline -0.003 -14"><span class='ocrx_word' id='word_1_89' title='bbox 231 1560 336 1603; x_wconf 80' lang='lat' dir='ltr'><strong>MS.</strong></span> <span class='ocrx_word' id='word_1_90' title='bbox 363 1559 500 1617; x_wconf 83' lang='lat' dir='ltr'><strong>Neap.</strong></span> <span class='ocrx_word' id='word_1_91' title='bbox 531 1560 723 1604; x_wconf 81' lang='lat' dir='ltr'><strong>lectione</strong></span> <span class='ocrx_word' id='word_1_92' title='bbox 755 1563 976 1614; x_wconf 76' lang='lat' dir='ltr'><strong>ingressi,</strong></span> <span class='ocrx_word' id='word_1_93' title='bbox 1016 1574 1127 1616; x_wconf 85' lang='lat' dir='ltr'><strong>quae</strong></span> 
     </span>
     <span class='ocr_line' id='line_1_17' title="bbox 234 1615 1127 1662; baseline -0.004 0"><span class='ocrx_word' id='word_1_94' title='bbox 234 1632 328 1662; x_wconf 79' lang='lat' dir='ltr'><strong>non</strong></span> <span class='ocrx_word' id='word_1_95' title='bbox 368 1617 578 1660; x_wconf 75' lang='lat' dir='ltr'><strong>convenit</strong></span> <span class='ocrx_word' id='word_1_96' title='bbox 613 1619 933 1660; x_wconf 79' lang='lat' dir='ltr'><strong>sententiarum</strong></span> <span class='ocrx_word' id='word_1_97' title='bbox 979 1615 1127 1658; x_wconf 86' lang='lat' dir='ltr'><strong>nexui.</strong></span> 
     </span>
     <span class='ocr_line' id='line_1_18' title="bbox 234 1674 1125 1733; baseline -0.006 -15"><span class='ocrx_word' id='word_1_98' title='bbox 234 1675 349 1718; x_wconf 82' lang='lat' dir='ltr'><strong>Nam</strong></span> <span class='ocrx_word' id='word_1_99' title='bbox 373 1675 616 1733; x_wconf 66' lang='lat' dir='ltr'><strong>disputaxit</strong></span> <span class='ocrx_word' id='word_1_100' title='bbox 643 1677 851 1719; x_wconf 76' lang='lat' dir='ltr'><strong>hactenus</strong></span> <span class='ocrx_word' id='word_1_101' title='bbox 887 1674 940 1716; x_wconf 87' lang='lat' dir='ltr'><strong>de</strong></span> <span class='ocrx_word' id='word_1_102' title='bbox 974 1689 1125 1716; x_wconf 88' lang='lat' dir='ltr'><strong>earum</strong></span> 
     </span>
     <span class='ocr_line' id='line_1_19' title="bbox 233 1728 1127 1791; baseline -0.006 -15"><span class='ocrx_word' id='word_1_103' title='bbox 233 1732 398 1776; x_wconf 80' lang='lat' dir='ltr'><strong>artium</strong></span> <span class='ocrx_word' id='word_1_104' title='bbox 432 1733 719 1791; x_wconf 80' lang='lat' dir='ltr'><strong>cognitione,</strong></span> <span class='ocrx_word' id='word_1_105' title='bbox 761 1732 922 1790; x_wconf 87' lang='lat' dir='ltr'><strong>quibus</strong></span> <span class='ocrx_word' id='word_1_106' title='bbox 958 1728 1127 1772; x_wconf 86' lang='lat' dir='ltr'><strong>oratori</strong></span> 
     </span>
     <span class='ocr_line' id='line_1_20' title="bbox 235 1788 1133 1848; baseline -0.007 -14"><span class='ocrx_word' id='word_1_107' title='bbox 235 1805 350 1848; x_wconf 87' lang='lat' dir='ltr'><strong>opus</strong></span> <span class='ocrx_word' id='word_1_108' title='bbox 389 1790 468 1844; x_wconf 78' lang='lat' dir='ltr'><strong>sit,</strong></span> <span class='ocrx_word' id='word_1_109' title='bbox 522 1790 608 1835; x_wconf 85' lang='lat' dir='ltr'><strong>iam</strong></span> <span class='ocrx_word' id='word_1_110' title='bbox 648 1807 755 1833; x_wconf 79' lang='lat' dir='ltr'><strong>vero</strong></span> <span class='ocrx_word' id='word_1_111' title='bbox 793 1789 938 1848; x_wconf 81' lang='lat' dir='ltr'><strong>pergit</strong></span> <span class='ocrx_word' id='word_1_112' title='bbox 975 1788 1028 1829; x_wconf 81' lang='lat' dir='ltr'><strong>ad</strong></span> <span class='ocrx_word' id='word_1_113' title='bbox 1069 1803 1133 1846; x_wconf 77' lang='lat' dir='ltr'><strong>ea,</strong></span> 
     </span>
     <span class='ocr_line' id='line_1_21' title="bbox 235 1845 1132 1906; baseline -0.003 -17"><span class='ocrx_word' id='word_1_114' title='bbox 235 1863 349 1906; x_wconf 88' lang='lat' dir='ltr'><strong>quae</strong></span> <span class='ocrx_word' id='word_1_115' title='bbox 388 1848 592 1894; x_wconf 80' lang='lat' dir='ltr'><strong>facienda</strong></span> <span class='ocrx_word' id='word_1_116' title='bbox 630 1848 718 1891; x_wconf 84' lang='lat' dir='ltr'><strong>sint</strong></span> <span class='ocrx_word' id='word_1_117' title='bbox 752 1848 927 1897; x_wconf 52' lang='lat' dir='ltr'><strong>iuzeni,</strong></span> <span class='ocrx_word' id='word_1_118' title='bbox 977 1845 1132 1887; x_wconf 74' lang='lat' dir='ltr'><strong>futuro</strong></span> 
     </span>
     <span class='ocr_line' id='line_1_22' title="bbox 236 1904 1131 1962; baseline -0.004 -14"><span class='ocrx_word' id='word_1_119' title='bbox 236 1905 433 1952; x_wconf 82' lang='lat' dir='ltr'><strong>oratori.</strong></span> <span class='ocrx_word' id='word_1_120' title='bbox 476 1905 551 1962; x_wconf 86' lang='lat' dir='ltr'><strong>qui</strong></span> <span class='ocrx_word' id='word_1_121' title='bbox 587 1906 790 1949; x_wconf 87' lang='lat' dir='ltr'><strong>nondum</strong></span> <span class='ocrx_word' id='word_1_122' title='bbox 828 1905 875 1946; x_wconf 88' lang='lat' dir='ltr'><strong>in</strong></span> <span class='ocrx_word' id='word_1_123' title='bbox 899 1904 1000 1947; x_wconf 80' lang='lat' dir='ltr'><strong>foro</strong></span> <span class='ocrx_word' id='word_1_124' title='bbox 1026 1918 1131 1947; x_wconf 87' lang='lat' dir='ltr'><strong>ver-</strong></span> 
     </span>
     <span class='ocr_line' id='line_1_23' title="bbox 238 1960 1130 2022; baseline -0.004 -17"><span class='ocrx_word' id='word_1_125' title='bbox 238 1962 325 2008; x_wconf 69' lang='lat' dir='ltr'><strong>sari</strong></span> <span class='ocrx_word' id='word_1_126' title='bbox 376 1963 586 2022; x_wconf 82' lang='lat' dir='ltr'><strong>coeperit.</strong></span> <span class='ocrx_word' id='word_1_127' title='bbox 683 1961 905 2020; x_wconf 84' lang='lat' dir='ltr'><strong>Copulam</strong></span> <span class='ocrx_word' id='word_1_128' title='bbox 956 1967 1000 2002; x_wconf 76' lang='lat' dir='ltr'><strong>et</strong></span> <span class='ocrx_word' id='word_1_129' title='bbox 1031 1960 1130 2007; x_wconf 51' lang='lat' dir='ltr'><strong>aEr-</strong></span> 
     </span>
     <span class='ocr_line' id='line_1_24' title="bbox 234 2018 1134 2077; baseline -0.006 -14"><span class='ocrx_word' id='word_1_130' title='bbox 234 2018 407 2063; x_wconf 78' lang='lat' dir='ltr'><strong>nestius</strong></span> <span class='ocrx_word' id='word_1_131' title='bbox 430 2031 531 2063; x_wconf 85' lang='lat' dir='ltr'><strong>ante</strong></span> <span class='ocrx_word' id='word_1_132' title='bbox 555 2022 650 2062; x_wconf 82' lang='lat' dir='ltr'><strong>iam</strong></span> <span class='ocrx_word' id='word_1_133' title='bbox 678 2036 846 2077; x_wconf 84' lang='lat' dir='ltr'><strong>ponere</strong></span> <span class='ocrx_word' id='word_1_134' title='bbox 874 2018 1051 2073; x_wconf 58' lang='lat' dir='ltr'><strong>maluig,</strong></span> <span class='ocrx_word' id='word_1_135' title='bbox 1085 2034 1134 2059; x_wconf 86' lang='lat' dir='ltr'><strong>ex</strong></span> 
     </span>
     <span class='ocr_line' id='line_1_25' title="bbox 235 2073 1132 2134; baseline -0.006 -14"><span class='ocrx_word' id='word_1_136' title='bbox 235 2092 323 2134; x_wconf 85' lang='lat' dir='ltr'><strong>qua</strong></span> <span class='ocrx_word' id='word_1_137' title='bbox 351 2077 697 2134; x_wconf 81' lang='lat' dir='ltr'><strong>transpositione</strong></span> <span class='ocrx_word' id='word_1_138' title='bbox 726 2076 1044 2132; x_wconf 83' lang='lat' dir='ltr'><strong>consequimur</strong></span> <span class='ocrx_word' id='word_1_139' title='bbox 1069 2073 1132 2116; x_wconf 89' lang='lat' dir='ltr'><strong>ni-</strong></span> 
     </span>
     <span class='ocr_line' id='line_1_26' title="bbox 234 2130 1131 2193; baseline -0.003 -17"><span class='ocrx_word' id='word_1_140' title='bbox 234 2133 318 2182; x_wconf 84' lang='lat' dir='ltr'><strong>hil.</strong></span> <span class='ocrx_word' id='word_1_141' title='bbox 352 2133 446 2178; x_wconf 79' lang='lat' dir='ltr'><strong>Alii</strong></span> <span class='ocrx_word' id='word_1_142' title='bbox 472 2135 623 2178; x_wconf 80' lang='lat' dir='ltr'><strong>delent</strong></span> <span class='ocrx_word' id='word_1_143' title='bbox 647 2133 869 2193; x_wconf 82' lang='lat' dir='ltr'><strong>copulam,</strong></span> <span class='ocrx_word' id='word_1_144' title='bbox 894 2141 941 2174; x_wconf 80' lang='lat' dir='ltr'><strong>ut</strong></span> <span class='ocrx_word' id='word_1_145' title='bbox 953 2130 1131 2174; x_wconf 83' lang='lat' dir='ltr'><strong>Schulz.</strong></span> 
     </span>
     <span class='ocr_line' id='line_1_27' title="bbox 239 2189 1132 2237; baseline -0.003 -2"><span class='ocrx_word' id='word_1_146' title='bbox 239 2191 398 2235; x_wconf 82' lang='lat' dir='ltr'><strong>Obert.</strong></span> <span class='ocrx_word' id='word_1_147' title='bbox 462 2191 652 2237; x_wconf 85' lang='lat' dir='ltr'><strong>Seebod.</strong></span> <span class='ocrx_word' id='word_1_148' title='bbox 718 2189 895 2233; x_wconf 78' lang='lat' dir='ltr'><strong>Dronk.</strong></span> <span class='ocrx_word' id='word_1_149' title='bbox 957 2189 1132 2232; x_wconf 88' lang='lat' dir='ltr'><strong>Osann.</strong></span> 
     </span>
     <span class='ocr_line' id='line_1_28' title="bbox 239 2247 1134 2302; baseline -0.004 -11"><span class='ocrx_word' id='word_1_150' title='bbox 239 2248 450 2302; x_wconf 79' lang='lat' dir='ltr'><strong>[Bekker.</strong></span> <span class='ocrx_word' id='word_1_151' title='bbox 509 2248 786 2302; x_wconf 84' lang='lat' dir='ltr'><strong>Boettich.],</strong></span> <span class='ocrx_word' id='word_1_152' title='bbox 869 2247 1134 2297; x_wconf 77' lang='lat' dir='ltr'><strong>rectissime,</strong></span> 
     </span>
     <span class='ocr_line' id='line_1_29' title="bbox 239 2302 1132 2365; baseline -0.004 -15"><span class='ocrx_word' id='word_1_153' title='bbox 239 2305 344 2353; x_wconf 79' lang='lat' dir='ltr'><strong>nam</strong></span> <span class='ocrx_word' id='word_1_154' title='bbox 377 2307 424 2349; x_wconf 91' lang='lat' dir='ltr'><strong>in</strong></span> <span class='ocrx_word' id='word_1_155' title='bbox 461 2307 556 2352; x_wconf 81' lang='lat' dir='ltr'><strong>MS.</strong></span> <span class='ocrx_word' id='word_1_156' title='bbox 578 2307 715 2365; x_wconf 83' lang='lat' dir='ltr'><strong>Neap.</strong></span> <span class='ocrx_word' id='word_1_157' title='bbox 739 2304 901 2348; x_wconf 82' lang='lat' dir='ltr'><strong>omissa</strong></span> <span class='ocrx_word' id='word_1_158' title='bbox 939 2311 1019 2347; x_wconf 83' lang='lat' dir='ltr'><strong>est.</strong></span> <span class='ocrx_word' id='word_1_159' title='bbox 1081 2302 1132 2349; x_wconf 84' lang='lat' dir='ltr'><strong>ln</strong></span> 
     </span>
     <span class='ocr_line' id='line_1_30' title="bbox 238 2362 1133 2422; baseline -0.008 -13"><span class='ocrx_word' id='word_1_160' title='bbox 238 2363 422 2422; x_wconf 81' lang='lat' dir='ltr'><strong>reliquis</strong></span> <span class='ocrx_word' id='word_1_161' title='bbox 448 2364 573 2409; x_wconf 85' lang='lat' dir='ltr'><strong>libris</strong></span> <span class='ocrx_word' id='word_1_162' title='bbox 601 2362 790 2407; x_wconf 81' lang='lat' dir='ltr'><strong>librariis</strong></span> <span class='ocrx_word' id='word_1_163' title='bbox 829 2362 1002 2419; x_wconf 82' lang='lat' dir='ltr'><strong>saepius</strong></span> <span class='ocrx_word' id='word_1_164' title='bbox 1036 2375 1133 2409; x_wconf 80' lang='lat' dir='ltr'><strong>eam</strong></span> 
     </span>
     <span class='ocr_line' id='line_1_31' title="bbox 239 2416 1134 2468; baseline -0.004 -2"><span class='ocrx_word' id='word_1_165' title='bbox 239 2422 538 2468; x_wconf 81' lang='lat' dir='ltr'><strong>inserentibus</strong></span> <span class='ocrx_word' id='word_1_166' title='bbox 593 2422 746 2465; x_wconf 87' lang='lat' dir='ltr'><strong>deberi</strong></span> <span class='ocrx_word' id='word_1_167' title='bbox 802 2420 990 2465; x_wconf 80' lang='lat' dir='ltr'><strong>videtur.</strong></span> <span class='ocrx_word' id='word_1_168' title='bbox 1073 2416 1134 2462; x_wconf 83' lang='lat' dir='ltr'><strong>cf.</strong></span> 
     </span>
    </p>
   </div>
   <div class='ocr_carea' id='block_1_7' title="bbox 239 2476 954 2530">
    <p class='ocr_par' dir='ltr' id='par_1_7' title="bbox 239 2476 954 2530">
     <span class='ocr_line' id='line_1_32' title="bbox 239 2476 954 2530; baseline -0.006 -7"><span class='ocrx_word' id='word_1_169' title='bbox 239 2478 469 2524; x_wconf 79' lang='lat' dir='ltr'><strong>Drakenb.</strong></span> <span class='ocrx_word' id='word_1_170' title='bbox 496 2481 550 2524; x_wconf 86' lang='lat' dir='ltr'><strong>ad</strong></span> <span class='ocrx_word' id='word_1_171' title='bbox 573 2479 672 2527; x_wconf 86' lang='lat' dir='ltr'><strong>Liv.</strong></span> <span class='ocrx_word' id='word_1_172' title='bbox 700 2477 772 2530; x_wconf 60' lang='lat'><strong>363</strong></span> <span class='ocrx_word' id='word_1_173' title='bbox 791 2476 861 2527; x_wconf 83' lang='lat'><strong>31,</strong></span> <span class='ocrx_word' id='word_1_174' title='bbox 887 2480 954 2520; x_wconf 88' lang='lat'><strong>11.</strong></span> 
     </span>
    </p>
   </div>
   <div class='ocr_carea' id='block_1_8' title="bbox 287 1327 930 1386">
    <p class='ocr_par' dir='ltr' id='par_1_8' title="bbox 287 1327 930 1386">
     <span class='ocr_line' id='line_1_33' title="bbox 287 1327 930 1386; baseline 0 -13"><span class='ocrx_word' id='word_1_175' title='bbox 287 1331 386 1378; x_wconf 63' lang='lat' dir='ltr'><strong>iam</strong></span> <span class='ocrx_word' id='word_1_176' title='bbox 435 1327 607 1386; x_wconf 84' lang='lat' dir='ltr'><strong>sorum</strong></span> <span class='ocrx_word' id='word_1_177' title='bbox 659 1331 930 1385; x_wconf 79' lang='lat' dir='ltr'><strong>ingressuri.</strong></span> 
     </span>
    </p>
   </div>
   <div class='ocr_carea' id='block_1_9' title="bbox 240 2577 1136 2812">
    <p class='ocr_par' dir='ltr' id='par_1_9' title="bbox 240 2577 1136 2812">
     <span class='ocr_line' id='line_1_34' title="bbox 302 2577 1132 2634; baseline -0.008 -10"><span class='ocrx_word' id='word_1_178' title='bbox 302 2582 597 2634; x_wconf 84' lang='lat' dir='ltr'><strong>confirmare.</strong></span> <span class='ocrx_word' id='word_1_179' title='bbox 658 2578 744 2624; x_wconf 90' lang='lat' dir='ltr'><strong>Ed.</strong></span> <span class='ocrx_word' id='word_1_180' title='bbox 769 2578 799 2622; x_wconf 90' lang='lat' dir='ltr'>S</span> <span class='ocrx_word' id='word_1_181' title='bbox 835 2578 887 2620; x_wconf 89' lang='lat' dir='ltr'><strong>ir.</strong></span> <span class='ocrx_word' id='word_1_182' title='bbox 914 2593 1017 2620; x_wconf 80' lang='lat' dir='ltr'><strong>cum</strong></span> <span class='ocrx_word' id='word_1_183' title='bbox 1039 2577 1132 2632; x_wconf 82' lang='lat' dir='ltr'><strong>fir-</strong></span> 
     </span>
     <span class='ocr_line' id='line_1_35' title="bbox 240 2635 1134 2690; baseline -0.006 -7"><span class='ocrx_word' id='word_1_184' title='bbox 240 2652 405 2690; x_wconf 81' lang='lat' dir='ltr'><strong>mare,·</strong></span> <span class='ocrx_word' id='word_1_185' title='bbox 447 2638 640 2684; x_wconf 87' lang='lat' dir='ltr'><strong>Seebod.</strong></span> <span class='ocrx_word' id='word_1_186' title='bbox 677 2637 748 2679; x_wconf 88' lang='lat' dir='ltr'><strong>ed.</strong></span> <span class='ocrx_word' id='word_1_187' title='bbox 779 2652 801 2678; x_wconf 87' lang='lat' dir='ltr'><strong>a</strong></span> <span class='ocrx_word' id='word_1_188' title='bbox 824 2645 853 2678; x_wconf 87' lang='lat' dir='ltr'><strong>t.</strong></span> <span class='ocrx_word' id='word_1_189' title='bbox 889 2643 931 2679; x_wconf 84' lang='lat' dir='ltr'><strong>et</strong></span> <span class='ocrx_word' id='word_1_190' title='bbox 961 2635 1134 2678; x_wconf 77' lang='lat' dir='ltr'><strong>Osann.</strong></span> 
     </span>
     <span class='ocr_line' id='line_1_36' title="bbox 243 2693 1136 2752; baseline -0.006 -13"><span class='ocrx_word' id='word_1_191' title='bbox 243 2696 482 2739; x_wconf 84' lang='lat' dir='ltr'><strong>ediderunt</strong></span> <span class='ocrx_word' id='word_1_192' title='bbox 509 2703 555 2739; x_wconf 78' lang='lat' dir='ltr'><strong>et</strong></span> <span class='ocrx_word' id='word_1_193' title='bbox 577 2697 878 2752; x_wconf 78' lang='lat' dir='ltr'><strong>confirmare,</strong></span> <span class='ocrx_word' id='word_1_194' title='bbox 915 2693 1036 2751; x_wconf 86' lang='lat' dir='ltr'><strong>quod</strong></span> <span class='ocrx_word' id='word_1_195' title='bbox 1063 2709 1136 2736; x_wconf 88' lang='lat' dir='ltr'><strong>ne·</strong></span> 
     </span>
     <span class='ocr_line' id='line_1_37' title="bbox 243 2753 893 2812; baseline -0.006 -16"><span class='ocrx_word' id='word_1_196' title='bbox 243 2753 479 2812; x_wconf 73' lang='lat' dir='ltr'><strong>gligentiae</strong></span> <span class='ocrx_word' id='word_1_197' title='bbox 505 2769 669 2800; x_wconf 85' lang='lat' dir='ltr'><strong>eorum</strong></span> <span class='ocrx_word' id='word_1_198' title='bbox 692 2753 893 2795; x_wconf 76' lang='lat' dir='ltr'><strong>debetur.</strong></span> 
     </span>
    </p>
   </div>
   <div class='ocr_carea' id='block_1_10' title="bbox 244 2851 1139 3198">
    <p class='ocr_par' dir='ltr' id='par_1_10' title="bbox 244 2851 1139 3198">
     <span class='ocr_line' id='line_1_38' title="bbox 300 2851 1131 2909; baseline -0.006 -13"><span class='ocrx_word' id='word_1_199' title='bbox 300 2868 447 2908; x_wconf 86' lang='lat' dir='ltr'><strong>neque</strong></span> <span class='ocrx_word' id='word_1_200' title='bbox 470 2855 612 2897; x_wconf 80' lang='lat' dir='ltr'><strong>enim.</strong></span> <span class='ocrx_word' id='word_1_201' title='bbox 644 2852 782 2895; x_wconf 76' lang='lat' dir='ltr'><strong>MSS.</strong></span> <span class='ocrx_word' id='word_1_202' title='bbox 797 2851 935 2909; x_wconf 84' lang='lat' dir='ltr'><strong>Neap.</strong></span> <span class='ocrx_word' id='word_1_203' title='bbox 953 2851 1131 2905; x_wconf 83' lang='lat' dir='ltr'><strong>[Farn.]</strong></span> 
     </span>
     <span class='ocr_line' id='line_1_39' title="bbox 245 2908 1137 2967; baseline -0.006 -13"><span class='ocrx_word' id='word_1_204' title='bbox 245 2921 289 2954; x_wconf 82' lang='lat' dir='ltr'><strong>et</strong></span> <span class='ocrx_word' id='word_1_205' title='bbox 306 2908 504 2967; x_wconf 83' lang='lat' dir='ltr'><strong>ed.Spir.</strong></span> <span class='ocrx_word' id='word_1_206' title='bbox 520 2910 735 2954; x_wconf 76' lang='lat' dir='ltr'><strong>adiiciunt.</strong></span> <span class='ocrx_word' id='word_1_207' title='bbox 757 2914 885 2964; x_wconf 82' lang='lat' dir='ltr'><strong>dum,</strong></span> <span class='ocrx_word' id='word_1_208' title='bbox 910 2925 1022 2966; x_wconf 87' lang='lat' dir='ltr'><strong>quae</strong></span> <span class='ocrx_word' id='word_1_209' title='bbox 1044 2908 1137 2966; x_wconf 89' lang='lat' dir='ltr'><strong>qui·</strong></span> 
     </span>
     <span class='ocr_line' id='line_1_40' title="bbox 249 2965 1139 3024; baseline -0.003 -14"><span class='ocrx_word' id='word_1_210' title='bbox 249 2968 349 3010; x_wconf 88' lang='lat' dir='ltr'><strong>dem</strong></span> <span class='ocrx_word' id='word_1_211' title='bbox 371 2969 585 3024; x_wconf 81' lang='lat' dir='ltr'><strong>particula</strong></span> <span class='ocrx_word' id='word_1_212' title='bbox 604 2967 842 3012; x_wconf 83' lang='lat' dir='ltr'><strong>nonhabet</strong></span> <span class='ocrx_word' id='word_1_213' title='bbox 864 2983 954 3023; x_wconf 89' lang='lat' dir='ltr'><strong>quo</strong></span> <span class='ocrx_word' id='word_1_214' title='bbox 978 2965 1139 3008; x_wconf 81' lang='lat' dir='ltr'><strong>refera-</strong></span> 
     </span>
     <span class='ocr_line' id='line_1_41' title="bbox 245 3022 1139 3081; baseline -0.007 -13"><span class='ocrx_word' id='word_1_215' title='bbox 245 3034 332 3070; x_wconf 87' lang='lat' dir='ltr'><strong>tur.</strong></span> <span class='ocrx_word' id='word_1_216' title='bbox 363 3025 541 3068; x_wconf 84' lang='lat' dir='ltr'><strong>Dronk.</strong></span> <span class='ocrx_word' id='word_1_217' title='bbox 556 3029 710 3068; x_wconf 81' lang='lat' dir='ltr'><strong>solum</strong></span> <span class='ocrx_word' id='word_1_218' title='bbox 727 3025 771 3067; x_wconf 91' lang='lat' dir='ltr'><strong>in</strong></span> <span class='ocrx_word' id='word_1_219' title='bbox 787 3041 835 3067; x_wconf 84' lang='lat' dir='ltr'><strong>ea</strong></span> <span class='ocrx_word' id='word_1_220' title='bbox 852 3024 985 3067; x_wconf 83' lang='lat' dir='ltr'><strong>latere</strong></span> <span class='ocrx_word' id='word_1_221' title='bbox 1001 3022 1139 3081; x_wconf 68' lang='lat' dir='ltr'><strong>suspi-</strong></span> 
     </span>
     <span class='ocr_line' id='line_1_42' title="bbox 246 3080 1138 3140; baseline -0.004 -14"><span class='ocrx_word' id='word_1_222' title='bbox 246 3083 431 3127; x_wconf 79' lang='lat' dir='ltr'><strong>cabatur</strong></span> <span class='ocrx_word' id='word_1_223' title='bbox 447 3114 459 3129; x_wconf 86' lang='lat'>‚</span> <span class='ocrx_word' id='word_1_224' title='bbox 488 3083 608 3140; x_wconf 87' lang='lat' dir='ltr'><strong>quod</strong></span> <span class='ocrx_word' id='word_1_225' title='bbox 623 3082 794 3125; x_wconf 79' lang='lat' dir='ltr'><strong>Osann.</strong></span> <span class='ocrx_word' id='word_1_226' title='bbox 815 3080 1015 3125; x_wconf 81' lang='lat' dir='ltr'><strong>etOreil.</strong></span> <span class='ocrx_word' id='word_1_227' title='bbox 1031 3096 1138 3138; x_wconf 83' lang='lat' dir='ltr'><strong>pro-</strong></span> 
     </span>
     <span class='ocr_line' id='line_1_43' title="bbox 244 3137 1139 3198; baseline -0.004 -15"><span class='ocrx_word' id='word_1_228' title='bbox 244 3141 435 3188; x_wconf 84' lang='lat' dir='ltr'><strong>barunt,</strong></span> <span class='ocrx_word' id='word_1_229' title='bbox 487 3155 735 3198; x_wconf 87' lang='lat' dir='ltr'><strong>eorumque</strong></span> <span class='ocrx_word' id='word_1_230' title='bbox 775 3138 886 3182; x_wconf 86' lang='lat' dir='ltr'><strong>alter</strong></span> <span class='ocrx_word' id='word_1_231' title='bbox 930 3137 1139 3182; x_wconf 84' lang='lat' dir='ltr'><strong>adiectivi</strong></span> 
     </span>
    </p>
   </div>
   <div class='ocr_carea' id='block_1_11' title="bbox 164 3193 1139 3255">
    <p class='ocr_par' dir='ltr' id='par_1_11' title="bbox 164 3193 1139 3255">
     <span class='ocr_line' id='line_1_44' title="bbox 164 3193 1139 3255; baseline -0.004 -13"><span class='ocrx_word' id='word_1_232' title='bbox 164 3237 166 3242; x_wconf 84' lang='lat'><strong>.</strong></span> <span class='ocrx_word' id='word_1_233' title='bbox 248 3197 353 3245; x_wconf 86' lang='lat' dir='ltr'><strong>loco</strong></span> <span class='ocrx_word' id='word_1_234' title='bbox 386 3197 429 3240; x_wconf 87' lang='lat' dir='ltr'><strong>id</strong></span> <span class='ocrx_word' id='word_1_235' title='bbox 464 3198 661 3255; x_wconf 86' lang='lat' dir='ltr'><strong>positum</strong></span> <span class='ocrx_word' id='word_1_236' title='bbox 698 3213 791 3239; x_wconf 87' lang='lat' dir='ltr'><strong>esse</strong></span> <span class='ocrx_word' id='word_1_237' title='bbox 824 3205 990 3241; x_wconf 88' lang='lat' dir='ltr'><strong>censet.</strong></span> <span class='ocrx_word' id='word_1_238' title='bbox 1051 3193 1139 3238; x_wconf 88' lang='lat' dir='ltr'><strong>Sed</strong></span> 
     </span>
    </p>
   </div>
   <div class='ocr_carea' id='block_1_12' title="bbox 246 3251 1142 3380">
    <p class='ocr_par' dir='ltr' id='par_1_12' title="bbox 246 3251 1142 3380">
     <span class='ocr_line' id='line_1_45' title="bbox 247 3251 1142 3312; baseline 0.001 -16"><span class='ocrx_word' id='word_1_239' title='bbox 247 3256 371 3312; x_wconf 88' lang='lat' dir='ltr'><strong>quod</strong></span> <span class='ocrx_word' id='word_1_240' title='bbox 402 3254 626 3298; x_wconf 87' lang='lat' dir='ltr'><strong>Goerenz.</strong></span> <span class='ocrx_word' id='word_1_241' title='bbox 661 3254 715 3297; x_wconf 85' lang='lat' dir='ltr'><strong>ad</strong></span> <span class='ocrx_word' id='word_1_242' title='bbox 749 3253 845 3299; x_wconf 82' lang='lat' dir='ltr'><strong>Cic.</strong></span> <span class='ocrx_word' id='word_1_243' title='bbox 871 3254 973 3296; x_wconf 87' lang='lat' dir='ltr'><strong>Fin.</strong></span> <span class='ocrx_word' id='word_1_244' title='bbox 1007 3255 1045 3308; x_wconf 87' lang='lat'><strong>1,</strong></span> <span class='ocrx_word' id='word_1_245' title='bbox 1077 3251 1142 3297; x_wconf 79' lang='lat'><strong>18.</strong></span> 
     </span>
     <span class='ocr_line' id='line_1_46' title="bbox 246 3309 1139 3380; baseline -0.007 -25"><span class='ocrx_word' id='word_1_246' title='bbox 246 3309 319 3355; x_wconf 68' lang='lat'><strong>44.</strong></span> <span class='ocrx_word' id='word_1_247' title='bbox 344 3313 570 3380; x_wconf 78' lang='lat' dir='ltr'><strong>exposuit,</strong></span> <span class='ocrx_word' id='word_1_248' title='bbox 604 3310 711 3353; x_wconf 83' lang='lat' dir='ltr'><strong>nihil</strong></span> <span class='ocrx_word' id='word_1_249' title='bbox 736 3311 955 3362; x_wconf 83' lang='lat' dir='ltr'><strong>illustrat,</strong></span> <span class='ocrx_word' id='word_1_250' title='bbox 992 3319 1034 3352; x_wconf 87' lang='lat' dir='ltr'><strong>et</strong></span> <span class='ocrx_word' id='word_1_251' title='bbox 1058 3326 1139 3352; x_wconf 76' lang='lat' dir='ltr'><strong>ne-</strong></span> 
     </span>
    </p>
   </div>
   <div class='ocr_carea' id='block_1_13' title="bbox 247 3368 1144 3414">
    <p class='ocr_par' dir='ltr' id='par_1_13' title="bbox 247 3368 1144 3414">
     <span class='ocr_line' id='line_1_47' title="bbox 247 3368 1144 3414; baseline -0.003 0"><span class='ocrx_word' id='word_1_252' title='bbox 247 3386 440 3414; x_wconf 78' lang='lat' dir='ltr'><strong>cessarlo</strong></span> <span class='ocrx_word' id='word_1_253' title='bbox 461 3372 565 3412; x_wconf 74' lang='lat' dir='ltr'><strong>Sola</strong></span> <span class='ocrx_word' id='word_1_254' title='bbox 589 3376 691 3411; x_wconf 67' lang='lat' dir='ltr'><strong>asle</strong></span> <span class='ocrx_word' id='word_1_255' title='bbox 716 3368 1008 3412; x_wconf 70' lang='lat' dir='ltr'><strong>scribendum</strong></span> <span class='ocrx_word' id='word_1_256' title='bbox 1034 3376 1144 3411; x_wconf 59' lang='lat' dir='ltr'><strong>Grai·</strong></span> 
     </span>
    </p>
   </div>
   <div class='ocr_carea' id='block_1_14' title="bbox 238 3425 1142 3605">
    <p class='ocr_par' dir='ltr' id='par_1_14' title="bbox 238 3425 1142 3605">
     <span class='ocr_line' id='line_1_48' title="bbox 238 3425 1142 3485; baseline -0.004 -15"><span class='ocrx_word' id='word_1_257' title='bbox 238 3427 461 3485; x_wconf 77' lang='lat' dir='ltr'><strong>[Bek&#39;ker.</strong></span> <span class='ocrx_word' id='word_1_258' title='bbox 484 3435 525 3468; x_wconf 82' lang='lat' dir='ltr'><strong>et</strong></span> <span class='ocrx_word' id='word_1_259' title='bbox 550 3425 773 3469; x_wconf 79' lang='lat' dir='ltr'><strong>Boettich.</strong></span> <span class='ocrx_word' id='word_1_260' title='bbox 800 3429 915 3468; x_wconf 85' lang='lat' dir='ltr'><strong>dum</strong></span> <span class='ocrx_word' id='word_1_261' title='bbox 949 3427 1142 3468; x_wconf 86' lang='lat' dir='ltr'><strong>interse-</strong></span> 
     </span>
     <span class='ocr_line' id='line_1_49' title="bbox 245 3483 1142 3545; baseline -0.004 -16"><span class='ocrx_word' id='word_1_262' title='bbox 245 3492 459 3533; x_wconf 80' lang='lat' dir='ltr'><strong>ruerunt.</strong></span> <span class='ocrx_word' id='word_1_263' title='bbox 500 3485 574 3527; x_wconf 84' lang='lat' dir='ltr'><strong>sed</strong></span> <span class='ocrx_word' id='word_1_264' title='bbox 610 3500 722 3545; x_wconf 89' lang='lat' dir='ltr'><strong>quae</strong></span> <span class='ocrx_word' id='word_1_265' title='bbox 749 3484 842 3530; x_wconf 74' lang='lat' dir='ltr'><strong>eius</strong></span> <span class='ocrx_word' id='word_1_266' title='bbox 871 3484 938 3528; x_wconf 78' lang='lat' dir='ltr'><strong>vis</strong></span> <span class='ocrx_word' id='word_1_267' title='bbox 964 3483 1020 3527; x_wconf 85' lang='lat' dir='ltr'><strong>sit</strong></span> <span class='ocrx_word' id='word_1_268' title='bbox 1048 3498 1142 3530; x_wconf 85' lang='lat' dir='ltr'><strong>non</strong></span> 
     </span>
     <span class='ocr_line' id='line_1_50' title="bbox 246 3542 619 3605; baseline 0.005 -21"><span class='ocrx_word' id='word_1_269' title='bbox 246 3542 619 3605; x_wconf 48' lang='lat' dir='ltr'><strong>explicaverunt]</strong></span> 
     </span>
    </p>
   </div>
   <div class='ocr_carea' id='block_1_15' title="bbox 1195 1192 2133 2511">
    <p class='ocr_par' dir='ltr' id='par_1_15' title="bbox 1195 1192 2133 2511">
     <span class='ocr_line' id='line_1_51' title="bbox 1239 1192 2088 1248; baseline 0.001 -13"><span class='ocrx_word' id='word_1_270' title='bbox 1239 1192 1478 1248; x_wconf 80' lang='lat' dir='ltr'><strong>facultate</strong></span> <span class='ocrx_word' id='word_1_271' title='bbox 1507 1194 1820 1248; x_wconf 81' lang='lat' dir='ltr'><strong>eloquentiam</strong></span> <span class='ocrx_word' id='word_1_272' title='bbox 1849 1192 2088 1236; x_wconf 73' lang='lat' dir='ltr'><strong>contineri.</strong></span> 
     </span>
     <span class='ocr_line' id='line_1_52' title="bbox 1196 1248 2090 1309; baseline 0.003 -18"><span class='ocrx_word' id='word_1_273' title='bbox 1196 1248 1247 1292; x_wconf 86' lang='lat' dir='ltr'><strong>In</strong></span> <span class='ocrx_word' id='word_1_274' title='bbox 1282 1251 1382 1294; x_wconf 88' lang='lat' dir='ltr'><strong>edd.</strong></span> <span class='ocrx_word' id='word_1_275' title='bbox 1414 1251 1538 1309; x_wconf 88' lang='lat' dir='ltr'><strong>Spir.</strong></span> <span class='ocrx_word' id='word_1_276' title='bbox 1575 1250 1675 1294; x_wconf 68' lang='lat' dir='ltr'><strong>Pu«.</strong></span> <span class='ocrx_word' id='word_1_277' title='bbox 1711 1249 1824 1295; x_wconf 83' lang='lat' dir='ltr'><strong>Riv..</strong></span> <span class='ocrx_word' id='word_1_278' title='bbox 1849 1249 1954 1294; x_wconf 82' lang='lat' dir='ltr'><strong>Ber.</strong></span> <span class='ocrx_word' id='word_1_279' title='bbox 1985 1249 2090 1294; x_wconf 57' lang='lat' dir='ltr'><strong>Ate.</strong></span> 
     </span>
     <span class='ocr_line' id='line_1_53' title="bbox 1195 1308 2103 1364; baseline 0.001 -15"><span class='ocrx_word' id='word_1_280' title='bbox 1195 1308 1410 1364; x_wconf 78' lang='lat' dir='ltr'><strong>scriptum</strong></span> <span class='ocrx_word' id='word_1_281' title='bbox 1427 1317 1490 1350; x_wconf 88' lang='lat' dir='ltr'><strong>est</strong></span> <span class='ocrx_word' id='word_1_282' title='bbox 1500 1308 1742 1364; x_wconf 82' lang='lat' dir='ltr'><strong>facultate</strong></span> <span class='ocrx_word' id='word_1_283' title='bbox 1755 1315 1801 1351; x_wconf 85' lang='lat' dir='ltr'><strong>et</strong></span> <span class='ocrx_word' id='word_1_284' title='bbox 1813 1309 2103 1364; x_wconf 75' lang='lat' dir='ltr'><strong>eloquentia..</strong></span> 
     </span>
     <span class='ocr_line' id='line_1_54' title="bbox 1199 1363 2090 1423; baseline 0.001 -17"><span class='ocrx_word' id='word_1_285' title='bbox 1199 1363 1425 1423; x_wconf 75' lang='lat' dir='ltr'><strong>[idemque</strong></span> <span class='ocrx_word' id='word_1_286' title='bbox 1448 1366 1491 1408; x_wconf 90' lang='lat' dir='ltr'><strong>in</strong></span> <span class='ocrx_word' id='word_1_287' title='bbox 1513 1365 1614 1410; x_wconf 83' lang='lat' dir='ltr'><strong>cod.</strong></span> <span class='ocrx_word' id='word_1_288' title='bbox 1632 1365 1952 1418; x_wconf 80' lang='lat' dir='ltr'><strong>Farn.exstat],</strong></span> <span class='ocrx_word' id='word_1_289' title='bbox 1978 1363 2090 1407; x_wconf 79' lang='lat' dir='ltr'><strong>Rhe-</strong></span> 
     </span>
     <span class='ocr_line' id='line_1_55' title="bbox 1198 1421 2091 1480; baseline 0.002 -17"><span class='ocrx_word' id='word_1_290' title='bbox 1198 1437 1343 1467; x_wconf 73' lang='lat' dir='ltr'><strong>nanus</strong></span> <span class='ocrx_word' id='word_1_291' title='bbox 1373 1421 1537 1475; x_wconf 85' lang='lat' dir='ltr'><strong>edidit,</strong></span> <span class='ocrx_word' id='word_1_292' title='bbox 1585 1423 1706 1480; x_wconf 86' lang='lat' dir='ltr'><strong>quod</strong></span> <span class='ocrx_word' id='word_1_293' title='bbox 1744 1430 1897 1480; x_wconf 81' lang='lat' dir='ltr'><strong>postea</strong></span> <span class='ocrx_word' id='word_1_294' title='bbox 1931 1437 2091 1465; x_wconf 80' lang='lat' dir='ltr'><strong>omnes</strong></span> 
     </span>
     <span class='ocr_line' id='line_1_56' title="bbox 1198 1479 2087 1538; baseline 0.003 -19"><span class='ocrx_word' id='word_1_295' title='bbox 1198 1481 1452 1536; x_wconf 79' lang='lat' dir='ltr'><strong>vulgabant.</strong></span> <span class='ocrx_word' id='word_1_296' title='bbox 1532 1479 1621 1524; x_wconf 87' lang='lat' dir='ltr'><strong>Sed</strong></span> <span class='ocrx_word' id='word_1_297' title='bbox 1669 1479 1763 1538; x_wconf 79' lang='lat' dir='ltr'><strong>ipsa</strong></span> <span class='ocrx_word' id='word_1_298' title='bbox 1809 1486 2087 1524; x_wconf 72' lang='lat' dir='ltr'><strong>vetustarum</strong></span> 
     </span>
     <span class='ocr_line' id='line_1_57' title="bbox 1201 1537 2094 1595; baseline 0.001 -18"><span class='ocrx_word' id='word_1_299' title='bbox 1201 1537 1301 1579; x_wconf 88' lang='lat' dir='ltr'><strong>edd.</strong></span> <span class='ocrx_word' id='word_1_300' title='bbox 1325 1537 1544 1595; x_wconf 83' lang='lat' dir='ltr'><strong>scriptura</strong></span> <span class='ocrx_word' id='word_1_301' title='bbox 1570 1545 1612 1580; x_wconf 84' lang='lat' dir='ltr'><strong>et</strong></span> <span class='ocrx_word' id='word_1_302' title='bbox 1637 1537 1951 1589; x_wconf 74' lang='lat' dir='ltr'><strong>membrorum</strong></span> <span class='ocrx_word' id='word_1_303' title='bbox 1976 1551 2094 1580; x_wconf 81' lang='lat' dir='ltr'><strong>con-</strong></span> 
     </span>
     <span class='ocr_line' id='line_1_58' title="bbox 1201 1593 2094 1652; baseline -0.001 -15"><span class='ocrx_word' id='word_1_304' title='bbox 1201 1593 1394 1637; x_wconf 85' lang='lat' dir='ltr'><strong>cinnitas</strong></span> <span class='ocrx_word' id='word_1_305' title='bbox 1434 1594 1632 1652; x_wconf 81' lang='lat' dir='ltr'><strong>neglecta</strong></span> <span class='ocrx_word' id='word_1_306' title='bbox 1674 1595 1864 1638; x_wconf 79' lang='lat' dir='ltr'><strong>verbum</strong></span> <span class='ocrx_word' id='word_1_307' title='bbox 1908 1601 2010 1652; x_wconf 78' lang='lat' dir='ltr'><strong>post</strong></span> <span class='ocrx_word' id='word_1_308' title='bbox 2049 1601 2094 1636; x_wconf 79' lang='lat' dir='ltr'><strong>et</strong></span> 
     </span>
     <span class='ocr_line' id='line_1_59' title="bbox 1201 1650 2093 1710; baseline 0.002 -17"><span class='ocrx_word' id='word_1_309' title='bbox 1201 1652 1396 1694; x_wconf 81' lang='lat' dir='ltr'><strong>deletum</strong></span> <span class='ocrx_word' id='word_1_310' title='bbox 1419 1667 1513 1694; x_wconf 85' lang='lat' dir='ltr'><strong>esse</strong></span> <span class='ocrx_word' id='word_1_311' title='bbox 1535 1653 1692 1703; x_wconf 86' lang='lat' dir='ltr'><strong>docet;</strong></span> <span class='ocrx_word' id='word_1_312' title='bbox 1715 1666 1856 1709; x_wconf 87' lang='lat' dir='ltr'><strong>quare</strong></span> <span class='ocrx_word' id='word_1_313' title='bbox 1867 1650 2093 1710; x_wconf 76' lang='lat' dir='ltr'><strong>Rudolph.</strong></span> 
     </span>
     <span class='ocr_line' id='line_1_60' title="bbox 1203 1709 2094 1766; baseline -0.002 -13"><span class='ocrx_word' id='word_1_314' title='bbox 1203 1709 1418 1766; x_wconf 77' lang='lat' dir='ltr'><strong>Agricola</strong></span> <span class='ocrx_word' id='word_1_315' title='bbox 1441 1710 1677 1766; x_wconf 80' lang='lat' dir='ltr'><strong>facultate</strong></span> <span class='ocrx_word' id='word_1_316' title='bbox 1711 1710 2094 1751; x_wconf 62' lang='lat' dir='ltr'><strong>et‘medicatione</strong></span> 
     </span>
     <span class='ocr_line' id='line_1_61' title="bbox 1205 1765 2094 1824; baseline -0.002 -14"><span class='ocrx_word' id='word_1_317' title='bbox 1205 1770 1263 1810; x_wconf 87' lang='lat' dir='ltr'><strong>el.</strong></span> <span class='ocrx_word' id='word_1_318' title='bbox 1287 1774 1408 1810; x_wconf 78' lang='lat' dir='ltr'><strong>cont.</strong></span> <span class='ocrx_word' id='word_1_319' title='bbox 1435 1766 1730 1816; x_wconf 86' lang='lat' dir='ltr'><strong>coniiciebat,</strong></span> <span class='ocrx_word' id='word_1_320' title='bbox 1758 1765 1998 1824; x_wconf 86' lang='lat' dir='ltr'><strong>Tyrwhitt.</strong></span> <span class='ocrx_word' id='word_1_321' title='bbox 2009 1765 2094 1822; x_wconf 84' lang='lat' dir='ltr'><strong>sa-</strong></span> 
     </span>
     <span class='ocr_line' id='line_1_62' title="bbox 1204 1823 2094 1882; baseline 0.002 -16"><span class='ocrx_word' id='word_1_322' title='bbox 1204 1827 1375 1866; x_wconf 77' lang='lat' dir='ltr'><strong>cultate</strong></span> <span class='ocrx_word' id='word_1_323' title='bbox 1406 1832 1452 1867; x_wconf 90' lang='lat' dir='ltr'><strong>et</strong></span> <span class='ocrx_word' id='word_1_324' title='bbox 1484 1838 1571 1866; x_wconf 85' lang='lat' dir='ltr'><strong>usu</strong></span> <span class='ocrx_word' id='word_1_325' title='bbox 1605 1826 1662 1868; x_wconf 86' lang='lat' dir='ltr'><strong>el.</strong></span> <span class='ocrx_word' id='word_1_326' title='bbox 1696 1831 1814 1867; x_wconf 79' lang='lat' dir='ltr'><strong>cont.</strong></span> <span class='ocrx_word' id='word_1_327' title='bbox 1834 1855 1848 1879; x_wconf 85' lang='lat'><strong>,</strong></span> <span class='ocrx_word' id='word_1_328' title='bbox 1892 1823 1940 1866; x_wconf 88' lang='lat' dir='ltr'><strong>in</strong></span> <span class='ocrx_word' id='word_1_329' title='bbox 1971 1823 2094 1882; x_wconf 83' lang='lat' dir='ltr'><strong>quod</strong></span> 
     </span>
     <span class='ocr_line' id='line_1_63' title="bbox 1203 1880 2094 1939; baseline 0 -15"><span class='ocrx_word' id='word_1_330' title='bbox 1203 1881 1574 1925; x_wconf 74' lang='lat' dir='ltr'><strong>Ranchenstein..</strong></span> <span class='ocrx_word' id='word_1_331' title='bbox 1614 1897 1797 1939; x_wconf 88' lang='lat' dir='ltr'><strong>quoque</strong></span> <span class='ocrx_word' id='word_1_332' title='bbox 1857 1880 2094 1924; x_wconf 83' lang='lat' dir='ltr'><strong>inciderat.</strong></span> 
     </span>
     <span class='ocr_line' id='line_1_64' title="bbox 1205 1937 2095 1983; baseline 0.001 -2"><span class='ocrx_word' id='word_1_333' title='bbox 1205 1939 1466 1982; x_wconf 69' lang='lat' dir='ltr'><strong>Probat-unt</strong></span> <span class='ocrx_word' id='word_1_334' title='bbox 1516 1939 1873 1983; x_wconf 81' lang='lat' dir='ltr'><strong>emendationem</strong></span> <span class='ocrx_word' id='word_1_335' title='bbox 1915 1937 2095 1982; x_wconf 72' lang='lat' dir='ltr'><strong>Dronk-</strong></span> 
     </span>
     <span class='ocr_line' id='line_1_65' title="bbox 1205 1995 2097 2054; baseline 0.001 -16"><span class='ocrx_word' id='word_1_336' title='bbox 1205 1995 1340 2050; x_wconf 85' lang='lat' dir='ltr'><strong>(male</strong></span> <span class='ocrx_word' id='word_1_337' title='bbox 1375 1996 1582 2038; x_wconf 85' lang='lat' dir='ltr'><strong>adferens</strong></span> <span class='ocrx_word' id='word_1_338' title='bbox 1615 1996 1791 2051; x_wconf 77' lang='lat' dir='ltr'><strong>locum,</strong></span> <span class='ocrx_word' id='word_1_339' title='bbox 1833 1996 1910 2054; x_wconf 86' lang='lat' dir='ltr'><strong>qui</strong></span> <span class='ocrx_word' id='word_1_340' title='bbox 1944 2005 2097 2053; x_wconf 79' lang='lat' dir='ltr'><strong>postea</strong></span> 
     </span>
     <span class='ocr_line' id='line_1_66' title="bbox 1204 2052 2099 2109; baseline 0 -13"><span class='ocrx_word' id='word_1_341' title='bbox 1204 2052 1394 2109; x_wconf 78' lang='lat' dir='ltr'><strong>legitur,</strong></span> <span class='ocrx_word' id='word_1_342' title='bbox 1429 2069 1476 2096; x_wconf 90' lang='lat' dir='ltr'><strong>ex</strong></span> <span class='ocrx_word' id='word_1_343' title='bbox 1501 2054 1759 2097; x_wconf 81' lang='lat' dir='ltr'><strong>coniectura</strong></span> <span class='ocrx_word' id='word_1_344' title='bbox 1784 2053 2028 2107; x_wconf 73' lang='lat' dir='ltr'><strong>mutatum)</strong></span> <span class='ocrx_word' id='word_1_345' title='bbox 2052 2059 2099 2096; x_wconf 81' lang='lat' dir='ltr'><strong>et</strong></span> 
     </span>
     <span class='ocr_line' id='line_1_67' title="bbox 1207 2109 2133 2154; baseline 0.001 -1"><span class='ocrx_word' id='word_1_346' title='bbox 1207 2109 1422 2154; x_wconf 82' lang='lat' dir='ltr'><strong>Orellius.</strong></span> <span class='ocrx_word' id='word_1_347' title='bbox 1526 2109 1695 2153; x_wconf 79' lang='lat' dir='ltr'><strong>Eadem</strong></span> <span class='ocrx_word' id='word_1_348' title='bbox 1764 2110 2014 2154; x_wconf 73' lang='lat' dir='ltr'><strong>seutentia&#39;</strong></span> <span class='ocrx_word' id='word_1_349' title='bbox 2046 2111 2095 2154; x_wconf 91' lang='lat' dir='ltr'><strong>in</strong></span> <span class='ocrx_word' id='word_1_350' title='bbox 2132 2129 2133 2132; x_wconf 49' lang='lat'>¹</span> 
     </span>
     <span class='ocr_line' id='line_1_68' title="bbox 1205 2166 2099 2225; baseline 0 -16"><span class='ocrx_word' id='word_1_351' title='bbox 1205 2166 1548 2215; x_wconf 82' lang='lat' dir='ltr'><strong>Schurzsseisch.</strong></span> <span class='ocrx_word' id='word_1_352' title='bbox 1589 2167 1902 2211; x_wconf 81' lang='lat' dir='ltr'><strong>emendatione</strong></span> <span class='ocrx_word' id='word_1_353' title='bbox 1931 2167 2099 2225; x_wconf 78' lang='lat' dir='ltr'><strong>sacul-</strong></span> 
     </span>
     <span class='ocr_line' id='line_1_69' title="bbox 1205 2225 2097 2280; baseline 0.002 -14"><span class='ocrx_word' id='word_1_354' title='bbox 1205 2231 1300 2266; x_wconf 84' lang='lat' dir='ltr'><strong>tate</strong></span> <span class='ocrx_word' id='word_1_355' title='bbox 1325 2232 1370 2266; x_wconf 83' lang='lat' dir='ltr'><strong>et</strong></span> <span class='ocrx_word' id='word_1_356' title='bbox 1389 2225 1687 2280; x_wconf 79' lang='lat' dir='ltr'><strong>experientia</strong></span> <span class='ocrx_word' id='word_1_357' title='bbox 1709 2226 1991 2274; x_wconf 79' lang='lat' dir='ltr'><strong>continetur,</strong></span> <span class='ocrx_word' id='word_1_358' title='bbox 2020 2241 2097 2268; x_wconf 85' lang='lat' dir='ltr'><strong>ne-</strong></span> 
     </span>
     <span class='ocr_line' id='line_1_70' title="bbox 1204 2280 2096 2339; baseline 0.004 -16"><span class='ocrx_word' id='word_1_359' title='bbox 1204 2297 1294 2339; x_wconf 86' lang='lat' dir='ltr'><strong>que</strong></span> <span class='ocrx_word' id='word_1_360' title='bbox 1319 2291 1472 2329; x_wconf 86' lang='lat' dir='ltr'><strong>tamen</strong></span> <span class='ocrx_word' id='word_1_361' title='bbox 1494 2297 1590 2324; x_wconf 83' lang='lat' dir='ltr'><strong>eam</strong></span> <span class='ocrx_word' id='word_1_362' title='bbox 1618 2280 1873 2339; x_wconf 71' lang='lat' dir='ltr'><strong>ip·se.habet</strong></span> <span class='ocrx_word' id='word_1_363' title='bbox 1897 2297 2096 2328; x_wconf 72' lang='lat' dir='ltr'><strong>necessa-</strong></span> 
     </span>
     <span class='ocr_line' id='line_1_71' title="bbox 1203 2338 2097 2398; baseline 0.001 -16"><span class='ocrx_word' id='word_1_364' title='bbox 1203 2340 1333 2390; x_wconf 86' lang='lat' dir='ltr'><strong>riam,</strong></span> <span class='ocrx_word' id='word_1_365' title='bbox 1355 2339 1456 2397; x_wconf 86' lang='lat' dir='ltr'><strong>quia</strong></span> <span class='ocrx_word' id='word_1_366' title='bbox 1481 2340 1724 2395; x_wconf 80' lang='lat' dir='ltr'><strong>„facultas</strong></span> <span class='ocrx_word' id='word_1_367' title='bbox 1736 2348 1800 2382; x_wconf 81' lang='lat' dir='ltr'><strong>est</strong></span> <span class='ocrx_word' id='word_1_368' title='bbox 1817 2338 1953 2397; x_wconf 79' lang='lat' dir='ltr'><strong>longo</strong></span> <span class='ocrx_word' id='word_1_369' title='bbox 1971 2349 2097 2398; x_wconf 80' lang='lat' dir='ltr'><strong>apto-</strong></span> 
     </span>
     <span class='ocr_line' id='line_1_72' title="bbox 1205 2395 2095 2455; baseline 0.003 -17"><span class='ocrx_word' id='word_1_370' title='bbox 1205 2413 1292 2455; x_wconf 88' lang='lat' dir='ltr'><strong>que</strong></span> <span class='ocrx_word' id='word_1_371' title='bbox 1317 2413 1400 2439; x_wconf 84' lang='lat' dir='ltr'><strong>usu</strong></span> <span class='ocrx_word' id='word_1_372' title='bbox 1433 2397 1629 2453; x_wconf 86' lang='lat' dir='ltr'><strong>quaesita</strong></span> <span class='ocrx_word' id='word_1_373' title='bbox 1659 2395 1918 2448; x_wconf 78' lang='lat' dir='ltr'><strong>dexteritas,</strong></span> <span class='ocrx_word' id='word_1_374' title='bbox 1958 2413 2095 2452; x_wconf 84' lang='lat' dir='ltr'><strong>quam</strong></span> 
     </span>
     <span class='ocr_line' id='line_1_73' title="bbox 1205 2454 1992 2511; baseline 0 -15"><span class='ocrx_word' id='word_1_375' title='bbox 1205 2456 1382 2508; x_wconf 79' lang='lat' dir='ltr'><strong>copiam</strong></span> <span class='ocrx_word' id='word_1_376' title='bbox 1408 2461 1538 2497; x_wconf 83' lang='lat' dir='ltr'><strong>vocat</strong></span> <span class='ocrx_word' id='word_1_377' title='bbox 1560 2455 1762 2510; x_wconf 81' lang='lat' dir='ltr'><strong>sequenti</strong></span> <span class='ocrx_word' id='word_1_378' title='bbox 1790 2455 1946 2511; x_wconf 81' lang='lat' dir='ltr'><strong>capite.</strong></span> <span class='ocrx_word' id='word_1_379' title='bbox 1964 2454 1992 2471; x_wconf 76' lang='lat'><strong>’⁹</strong></span> 
     </span>
    </p>
   </div>
   <div class='ocr_carea' id='block_1_16' title="bbox 1207 2523 2098 2813">
    <p class='ocr_par' dir='ltr' id='par_1_16' title="bbox 1207 2523 2098 2813">
     <span class='ocr_line' id='line_1_74' title="bbox 1265 2523 2094 2584; baseline 0.002 -17"><span class='ocrx_word' id='word_1_380' title='bbox 1265 2526 1326 2567; x_wconf 81' lang='lat' dir='ltr'><strong>hi.</strong></span> <span class='ocrx_word' id='word_1_381' title='bbox 1389 2524 1464 2567; x_wconf 81' lang='lat' dir='ltr'><strong>Sic</strong></span> <span class='ocrx_word' id='word_1_382' title='bbox 1497 2524 1568 2566; x_wconf 85' lang='lat' dir='ltr'><strong>ed.</strong></span> <span class='ocrx_word' id='word_1_383' title='bbox 1593 2523 1714 2582; x_wconf 78' lang='lat' dir='ltr'><strong>Spir.</strong></span> <span class='ocrx_word' id='word_1_384' title='bbox 1739 2523 1883 2568; x_wconf 81' lang='lat' dir='ltr'><strong>Rhen.</strong></span> <span class='ocrx_word' id='word_1_385' title='bbox 1909 2541 2007 2584; x_wconf 82' lang='lat' dir='ltr'><strong>sqq.</strong></span> <span class='ocrx_word' id='word_1_386' title='bbox 2040 2548 2094 2560; x_wconf 90' lang='lat'><strong>-·-</strong></span> 
     </span>
     <span class='ocr_line' id='line_1_75' title="bbox 1207 2581 2096 2642; baseline 0.001 -15"><span class='ocrx_word' id='word_1_387' title='bbox 1207 2582 1344 2627; x_wconf 88' lang='lat' dir='ltr'><strong>MSS.</strong></span> <span class='ocrx_word' id='word_1_388' title='bbox 1380 2581 1517 2642; x_wconf 83' lang='lat' dir='ltr'><strong>Neap.</strong></span> <span class='ocrx_word' id='word_1_389' title='bbox 1554 2583 1618 2633; x_wconf 88' lang='lat' dir='ltr'><strong>[et</strong></span> <span class='ocrx_word' id='word_1_390' title='bbox 1653 2582 1808 2638; x_wconf 66' lang='lat' dir='ltr'><strong>Fan-n]</strong></span> <span class='ocrx_word' id='word_1_391' title='bbox 1840 2584 1873 2623; x_wconf 80' lang='lat' dir='ltr'><strong>t&#39;i</strong></span> <span class='ocrx_word' id='word_1_392' title='bbox 1898 2611 1956 2619; x_wconf 92' lang='lat'><strong>—-</strong></span> <span class='ocrx_word' id='word_1_393' title='bbox 1993 2584 2096 2630; x_wconf 87' lang='lat' dir='ltr'><strong>edd.</strong></span> 
     </span>
     <span class='ocr_line' id='line_1_76' title="bbox 1207 2639 2096 2703; baseline 0.001 -20"><span class='ocrx_word' id='word_1_394' title='bbox 1207 2640 1311 2683; x_wconf 83' lang='lat' dir='ltr'><strong>Put.</strong></span> <span class='ocrx_word' id='word_1_395' title='bbox 1340 2639 1440 2683; x_wconf 77' lang='lat' dir='ltr'><strong>Riv.</strong></span> <span class='ocrx_word' id='word_1_396' title='bbox 1467 2641 1564 2682; x_wconf 64' lang='lat' dir='ltr'><strong>ner.</strong></span> <span class='ocrx_word' id='word_1_397' title='bbox 1589 2639 1683 2683; x_wconf 82' lang='lat' dir='ltr'><strong>Alc.</strong></span> <span class='ocrx_word' id='word_1_398' title='bbox 1709 2653 1962 2703; x_wconf 83' lang='lat' dir='ltr'><strong>pronomen</strong></span> <span class='ocrx_word' id='word_1_399' title='bbox 1986 2642 2096 2684; x_wconf 84' lang='lat' dir='ltr'><strong>omi·</strong></span> 
     </span>
     <span class='ocr_line' id='line_1_77' title="bbox 1208 2697 2094 2748; baseline 0 -7"><span class='ocrx_word' id='word_1_400' title='bbox 1208 2705 1391 2748; x_wconf 82' lang='lat' dir='ltr'><strong>serunt;</strong></span> <span class='ocrx_word' id='word_1_401' title='bbox 1424 2697 1551 2739; x_wconf 83' lang='lat' dir='ltr'><strong>male.</strong></span> <span class='ocrx_word' id='word_1_402' title='bbox 1618 2697 1732 2739; x_wconf 85' lang='lat' dir='ltr'><strong>Sunt</strong></span> <span class='ocrx_word' id='word_1_403' title='bbox 1751 2705 1900 2738; x_wconf 86' lang='lat' dir='ltr'><strong>autem</strong></span> <span class='ocrx_word' id='word_1_404' title='bbox 1922 2697 2094 2741; x_wconf 79' lang='lat' dir='ltr'><strong>intelli-</strong></span> 
     </span>
     <span class='ocr_line' id='line_1_78' title="bbox 1211 2753 2098 2813; baseline 0.002 -16"><span class='ocrx_word' id='word_1_405' title='bbox 1211 2756 1342 2813; x_wconf 82' lang='lat' dir='ltr'><strong>gendi</strong></span> <span class='ocrx_word' id='word_1_406' title='bbox 1360 2788 1370 2805; x_wconf 92' lang='lat'>,</span> <span class='ocrx_word' id='word_1_407' title='bbox 1411 2753 1487 2811; x_wconf 88' lang='lat' dir='ltr'><strong>qui</strong></span> <span class='ocrx_word' id='word_1_408' title='bbox 1510 2754 1615 2797; x_wconf 81' lang='lat' dir='ltr'><strong>huic</strong></span> <span class='ocrx_word' id='word_1_409' title='bbox 1636 2753 1833 2797; x_wconf 88' lang='lat' dir='ltr'><strong>sermoni</strong></span> <span class='ocrx_word' id='word_1_410' title='bbox 1859 2755 2098 2802; x_wconf 84' lang='lat' dir='ltr'><strong>intersunt.</strong></span> 
     </span>
    </p>
   </div>
   <div class='ocr_carea' id='block_1_17' title="bbox 1210 2821 2100 3225">
    <p class='ocr_par' dir='ltr' id='par_1_17' title="bbox 1210 2821 2100 3225">
     <span class='ocr_line' id='line_1_79' title="bbox 1266 2821 2096 2880; baseline 0.002 -12"><span class='ocrx_word' id='word_1_411' title='bbox 1266 2827 1396 2876; x_wconf 82' lang='lat' dir='ltr'><strong>Aper</strong></span> <span class='ocrx_word' id='word_1_412' title='bbox 1427 2839 1617 2880; x_wconf 80' lang='lat' dir='ltr'><strong>quoque.</strong></span> <span class='ocrx_word' id='word_1_413' title='bbox 1678 2821 1755 2866; x_wconf 88' lang='lat' dir='ltr'><strong>Sic</strong></span> <span class='ocrx_word' id='word_1_414' title='bbox 1788 2821 1924 2868; x_wconf 85' lang='lat' dir='ltr'><strong>MSS.</strong></span> <span class='ocrx_word' id='word_1_415' title='bbox 1956 2823 2046 2870; x_wconf 68' lang='lat' dir='ltr'><strong>Nez</strong></span> <span class='ocrx_word' id='word_1_416' title='bbox 2083 2857 2096 2870; x_wconf 93' lang='lat'><strong>.</strong></span> 
     </span>
     <span class='ocr_line' id='line_1_80' title="bbox 1211 2841 2099 2937; baseline 0.001 -12"><span class='ocrx_word' id='word_1_417' title='bbox 1211 2884 1351 2936; x_wconf 88' lang='lat' dir='ltr'><strong>[Farn</strong></span> <span class='ocrx_word' id='word_1_418' title='bbox 1372 2883 1391 2937; x_wconf 94' lang='lat'>]</span> <span class='ocrx_word' id='word_1_419' title='bbox 1421 2881 1589 2924; x_wconf 83' lang='lat' dir='ltr'><strong>Vaticc.</strong></span> <span class='ocrx_word' id='word_1_420' title='bbox 1614 2879 1714 2927; x_wconf 85' lang='lat' dir='ltr'><strong>edd.</strong></span> <span class='ocrx_word' id='word_1_421' title='bbox 1731 2841 2099 2933; x_wconf 48' lang='lat' dir='ltr'><strong>Broter.Droni‘&lt;.</strong></span> 
     </span>
     <span class='ocr_line' id='line_1_81' title="bbox 1212 2936 2098 2997; baseline 0 -12"><span class='ocrx_word' id='word_1_422' title='bbox 1212 2941 1383 2989; x_wconf 80' lang='lat' dir='ltr'><strong>Osann,</strong></span> <span class='ocrx_word' id='word_1_423' title='bbox 1406 2939 1548 2984; x_wconf 84' lang='lat' dir='ltr'><strong>Orell.</strong></span> <span class='ocrx_word' id='word_1_424' title='bbox 1575 2936 1733 2991; x_wconf 74' lang='lat' dir='ltr'><strong>[Bekk.</strong></span> <span class='ocrx_word' id='word_1_425' title='bbox 1763 2946 1804 2980; x_wconf 89' lang='lat' dir='ltr'><strong>et</strong></span> <span class='ocrx_word' id='word_1_426' title='bbox 1828 2937 2098 2997; x_wconf 78' lang='lat' dir='ltr'><strong>Boeuich.];</strong></span> 
     </span>
     <span class='ocr_line' id='line_1_82' title="bbox 1210 2995 2099 3053; baseline 0.001 -12"><span class='ocrx_word' id='word_1_427' title='bbox 1210 2999 1256 3041; x_wconf 87' lang='lat' dir='ltr'><strong>iu</strong></span> <span class='ocrx_word' id='word_1_428' title='bbox 1291 2997 1473 3053; x_wconf 86' lang='lat' dir='ltr'><strong>reliquis</strong></span> <span class='ocrx_word' id='word_1_429' title='bbox 1511 2995 1635 3038; x_wconf 85' lang='lat' dir='ltr'><strong>libris</strong></span> <span class='ocrx_word' id='word_1_430' title='bbox 1675 3011 1848 3051; x_wconf 85' lang='lat' dir='ltr'><strong>quoque</strong></span> <span class='ocrx_word' id='word_1_431' title='bbox 1883 2996 2099 3045; x_wconf 75' lang='lat' dir='ltr'><strong>omissum</strong></span> 
     </span>
     <span class='ocr_line' id='line_1_83' title="bbox 1212 3051 2100 3112; baseline -0.001 -13"><span class='ocrx_word' id='word_1_432' title='bbox 1212 3064 1303 3111; x_wconf 79' lang='lat' dir='ltr'><strong>est,</strong></span> <span class='ocrx_word' id='word_1_433' title='bbox 1347 3054 1521 3110; x_wconf 83' lang='lat' dir='ltr'><strong>[quod,</strong></span> <span class='ocrx_word' id='word_1_434' title='bbox 1578 3062 1624 3095; x_wconf 88' lang='lat' dir='ltr'><strong>ut</strong></span> <span class='ocrx_word' id='word_1_435' title='bbox 1657 3051 1844 3111; x_wconf 84' lang='lat' dir='ltr'><strong>Rupert.</strong></span> <span class='ocrx_word' id='word_1_436' title='bbox 1877 3054 2100 3112; x_wconf 85' lang='lat' dir='ltr'><strong>opinatur,</strong></span> 
     </span>
     <span class='ocr_line' id='line_1_84' title="bbox 1213 3109 2100 3225; baseline 0.001 -70"><span class='ocrx_word' id='word_1_437' title='bbox 1213 3112 1527 3214; x_wconf 51' lang='lat' dir='ltr'><strong>51·g&#39;⁰⁵⁵iilet⁵·t&#39;</strong></span> <span class='ocrx_word' id='word_1_438' title='bbox 1560 3109 1720 3210; x_wconf 53' lang='lat' dir='ltr'><strong>quilnfs</strong></span> <span class='ocrx_word' id='word_1_439' title='bbox 1741 3119 1911 3225; x_wconf 50' lang='lat' dir='ltr'><strong>agitent</strong></span> <span class='ocrx_word' id='word_1_440' title='bbox 1933 3111 1998 3155; x_wconf 85' lang='lat' dir='ltr'><strong>itti</strong></span> <span class='ocrx_word' id='word_1_441' title='bbox 2022 3128 2100 3156; x_wconf 89' lang='lat' dir='ltr'><strong>co·</strong></span> 
     </span>
    </p>

    <p class='ocr_par' dir='ltr' id='par_1_18' title="bbox 1247 3183 1817 3221">
     <span class='ocr_line' id='line_1_85' title="bbox 1247 3183 1817 3221; baseline -0.004 -9"><span class='ocrx_word' id='word_1_442' title='bbox 1247 3186 1357 3221; x_wconf 77' lang='lat' dir='ltr'><strong>ices,</strong></span> <span class='ocrx_word' id='word_1_443' title='bbox 1429 3184 1452 3214; x_wconf 81' lang='lat' dir='ltr'><strong>a</strong></span> <span class='ocrx_word' id='word_1_444' title='bbox 1477 3184 1591 3211; x_wconf 78' lang='lat' dir='ltr'><strong>icam</strong></span> <span class='ocrx_word' id='word_1_445' title='bbox 1615 3183 1676 3210; x_wconf 75' lang='lat' dir='ltr'><strong>sci</strong></span> <span class='ocrx_word' id='word_1_446' title='bbox 1698 3183 1763 3210; x_wconf 74' lang='lat' dir='ltr'><strong>tce</strong></span> <span class='ocrx_word' id='word_1_447' title='bbox 1807 3202 1817 3214; x_wconf 88' lang='lat'><strong>.</strong></span> 
     </span>
    </p>
   </div>
   <div class='ocr_carea' id='block_1_18' title="bbox 1208 3250 2102 3604">
    <p class='ocr_par' dir='ltr' id='par_1_19' title="bbox 1208 3250 2102 3604">
     <span class='ocr_line' id='line_1_86' title="bbox 1216 3250 2102 3311; baseline 0.003 -18"><span class='ocrx_word' id='word_1_448' title='bbox 1216 3285 1218 3288; x_wconf 92' lang='lat'><strong>.</strong></span> <span class='ocrx_word' id='word_1_449' title='bbox 1271 3254 1444 3296; x_wconf 83' lang='lat' dir='ltr'><strong>videor.</strong></span> <span class='ocrx_word' id='word_1_450' title='bbox 1512 3250 1644 3297; x_wconf 85' lang='lat' dir='ltr'><strong>MSS.</strong></span> <span class='ocrx_word' id='word_1_451' title='bbox 1678 3250 1814 3311; x_wconf 83' lang='lat' dir='ltr'><strong>Neap.</strong></span> <span class='ocrx_word' id='word_1_452' title='bbox 1848 3251 2022 3307; x_wconf 70' lang='lat' dir='ltr'><strong>[Ferm]</strong></span> <span class='ocrx_word' id='word_1_453' title='bbox 2058 3261 2102 3296; x_wconf 85' lang='lat' dir='ltr'><strong>et</strong></span> 
     </span>
     <span class='ocr_line' id='line_1_87' title="bbox 1214 3307 2102 3369; baseline -0.001 -15"><span class='ocrx_word' id='word_1_454' title='bbox 1214 3311 1284 3354; x_wconf 88' lang='lat' dir='ltr'><strong>ed.</strong></span> <span class='ocrx_word' id='word_1_455' title='bbox 1313 3310 1434 3369; x_wconf 84' lang='lat' dir='ltr'><strong>Spir.</strong></span> <span class='ocrx_word' id='word_1_456' title='bbox 1469 3310 1668 3355; x_wconf 81' lang='lat' dir='ltr'><strong>uidetur.</strong></span> <span class='ocrx_word' id='word_1_457' title='bbox 1712 3332 1764 3344; x_wconf 90' lang='lat'>-</span> <span class='ocrx_word' id='word_1_458' title='bbox 1826 3307 1968 3353; x_wconf 80' lang='lat' dir='ltr'><strong>Paulo</strong></span> <span class='ocrx_word' id='word_1_459' title='bbox 2000 3317 2102 3367; x_wconf 81' lang='lat' dir='ltr'><strong>post</strong></span> 
     </span>
     <span class='ocr_line' id='line_1_88' title="bbox 1208 3365 2097 3425; baseline 0 -15"><span class='ocrx_word' id='word_1_460' title='bbox 1208 3381 1461 3423; x_wconf 82' lang='lat' dir='ltr'><strong>persequor</strong></span> <span class='ocrx_word' id='word_1_461' title='bbox 1481 3368 1526 3409; x_wconf 88' lang='lat' dir='ltr'><strong>in</strong></span> <span class='ocrx_word' id='word_1_462' title='bbox 1549 3366 1803 3424; x_wconf 76' lang='lat' dir='ltr'><strong>MS.Neap.</strong></span> <span class='ocrx_word' id='word_1_463' title='bbox 1825 3373 1869 3409; x_wconf 84' lang='lat' dir='ltr'><strong>et</strong></span> <span class='ocrx_word' id='word_1_464' title='bbox 1891 3366 1964 3411; x_wconf 87' lang='lat' dir='ltr'><strong>ed.</strong></span> <span class='ocrx_word' id='word_1_465' title='bbox 1977 3365 2097 3425; x_wconf 76' lang='lat' dir='ltr'><strong>Spir-</strong></span> 
     </span>
     <span class='ocr_line' id='line_1_89' title="bbox 1213 3425 2094 3482; baseline -0.002 -14"><span class='ocrx_word' id='word_1_466' title='bbox 1213 3425 1452 3468; x_wconf 81' lang='lat' dir='ltr'><strong>exhibitum</strong></span> <span class='ocrx_word' id='word_1_467' title='bbox 1482 3427 1535 3468; x_wconf 81' lang='lat' dir='ltr'><strong>ab</strong></span> <span class='ocrx_word' id='word_1_468' title='bbox 1556 3425 1742 3467; x_wconf 81' lang='lat' dir='ltr'><strong>Osanno</strong></span> <span class='ocrx_word' id='word_1_469' title='bbox 1766 3439 1995 3482; x_wconf 79' lang='lat' dir='ltr'><strong>perperam</strong></span> <span class='ocrx_word' id='word_1_470' title='bbox 2019 3439 2094 3470; x_wconf 55' lang='lat' dir='ltr'><strong>re—</strong></span> 
     </span>
     <span class='ocr_line' id='line_1_90' title="bbox 1214 3481 2098 3540; baseline 0.001 -17"><span class='ocrx_word' id='word_1_471' title='bbox 1214 3490 1420 3526; x_wconf 80' lang='lat' dir='ltr'><strong>vocatum</strong></span> <span class='ocrx_word' id='word_1_472' title='bbox 1450 3490 1512 3524; x_wconf 81' lang='lat' dir='ltr'><strong>est</strong></span> <span class='ocrx_word' id='word_1_473' title='bbox 1539 3499 1619 3540; x_wconf 83' lang='lat' dir='ltr'><strong>pro</strong></span> <span class='ocrx_word' id='word_1_474' title='bbox 1645 3481 1850 3524; x_wconf 86' lang='lat' dir='ltr'><strong>omnium</strong></span> <span class='ocrx_word' id='word_1_475' title='bbox 1877 3481 2098 3530; x_wconf 75' lang='lat' dir='ltr'><strong>librorum</strong></span> 
     </span>
     <span class='ocr_line' id='line_1_91' title="bbox 1215 3539 1986 3604; baseline 0.001 -20"><span class='ocrx_word' id='word_1_476' title='bbox 1215 3540 1433 3604; x_wconf 69' lang='lat' dir='ltr'><strong>scriptura</strong></span> <span class='ocrx_word' id='word_1_477' title='bbox 1461 3539 1685 3584; x_wconf 79' lang='lat' dir='ltr'><strong>verissima</strong></span> <span class='ocrx_word' id='word_1_478' title='bbox 1714 3553 1986 3598; x_wconf 68' lang='lat' dir='ltr'><strong>persequar·</strong></span> 
     </span>
    </p>
   </div>
  </div>
 </body>
</html>
