2150 4022
135 1716 138 1724 ’
217 1721 360 1764 dium.

229 293 357 356 240

1759 140 1762 142 .
1901 129 1909 137 '
1991 136 2003 150 .
2055 127 2058 131 «
2084 114 2089 117 μ

734 289 857 350 DE
916 282 1592 353 ORATORIBUS

400 421 508 484 VI.
551 421 650 480 Ad
683 421 1046 497 voluptatem
1078 423 1376 480 oratoriae
1415 423 1789 500 eloquentiae
1829 434 2085 493 transeo,

225 511 392 569 cuius
422 507 760 566 iucunditas
792 527 917 580 non
948 528 1072 565 uno
1115 507 1316 586 aliquo
1353 508 1688 579 momento,
1746 510 1848 567 sed
1886 509 2088 575 omni,-

222 598 335 654 bus
375 614 562 671 prope
606 593 818 650 diebus
863 613 930 650 ac
985 613 1171 669 prope
1223 593 1503 650 omnibus
1559 589 1725 652 horis
1774 584 2087 668 contingit.

223 681 370 760 quid
412 680 575 736 enim
612 674 843 736 dulcius
890 678 1080 735 libero
1126 689 1183 735 et
1223 679 1483 751 ingenuo
1527 679 1726 736 animo
1769 690 1827 737 et
1864 680 1941 737 ad
1976 700 2087 737 vo-

220 768 475 843 luptates
507 761 786 822 honestas
825 775 965 821 nato
995 761 1187 841 'quam
1229 764 1432 820 videre
1481 757 1732 839 plenam*
1761 783 1993 840 semper
2028 775 2087 822 et

221 854 592 929 frequentem
635 851 880 907 domum
922 870 1088 906 suam
1130 867 1423 906 concursu
1467 850 2086 924 splendidissimorum

222 934 584 994 hominum?
668 936 847 1012 idque
901 935 1049 991 scire
1104 954 1231 990 non
1280 934 1593 1009 pecuniae,
1660 956 1786 992 non
1819 934 2086 1003 orbitati,

219 1042 413 1099 neque
464 1022 644 1079 officii
697 1021 947 1078 alicuius
1007 1019 1546 1089 administrationi,

1628 1021 1730 1077 sed
1786 1020 1899 1077 sibi
1969 1019 2084 1095 ipsi

220 1108 391 1166 dari?
433 1107 568 1164 illos
595 1106 929 1186 quinimmo
958 1106 1136 1162 orbos
1170 1115 1227 1162 et
1256 1105 1579 1180 locupletes
1606 1116 1663 1162 et
1690 1116 1957 1181 potentes
1976 1125 2079 1161 ve-

219 1345 366 1375 unum
387 1337 458 1374 est
476 1331 634 1386 igitur,
662 1331 786 1384 quod
805 1329 855 1372 in
874 1331 961 1383 hac
977 1336 1118 1383 parte

216 1390 522 1444 praecipiam.

275 1487 388 1534 CAP.
421 1489 466 1531 6.
527 1501 627 1530 non
672 1501 763 1530 uno
803 1487 966 1544 aliquo
1012 1502 1119 1530 mo-

218 1555 395 1590 mento.
469 1544 559 1590 Sic·
592 1544 725 1590 MSS.
759 1544 899 1603 Neap.
938 1546 1117 1602 [Farn.]

216 1613 260 1648 et
298 1603 498 1657 Vaticc.,
548 1619 599 1646 ex
643 1602 806 1661 quibus
852 1612 1122 1659 receperunt

215 1662 476 1706 Ernestium
522 1676 647 1719 seqq.
715 1670 892 1718 praeter
947 1661 1118 1706 Seebo-

435 1718 638 1762 Eandem
676 1718 914 1762 lectionem
950 1719 1117 1762 suade-

216 1778 294 1822 bat
349 1776 761 1821 Schurzfleischius.
851 1775 951 1824 Cic.
1009 1777 1117 1821 Cae-

215 1835 307 1880 cin.
335 1849 377 1877 c.
402 1835 446 1878 9.
479 1848 704 1888 cognosce
729 1848 793 1876 ex
827 1849 927 1891 me,
971 1850 1116 1891 quam

215 1895 369 1936 multa
397 1906 494 1936 esse
516 1900 730 1947 oporteat
756 1893 804 1934 in
833 1907 913 1941 eo,
943 1893 1026 1949 qui
1044 1895 1114 1936 al-

217 1959 376 1994 teram
396 1959 606 1992 accuset.-
634 1964 698 1992 εκ
720 1950 881 2005 quibus
900 1951 947 1994 si
969 1966 1114 1993 unum

213 2010 406 2064 aliquod
427 2009 476 2050 in
503 2015 548 2049 te
572 2008 840 2060 cognoveris
854 2040 865 2062 ,
911 2023 994 2064 ego
1014 2009 1114 2051 iam

216 2066 305 2108 tibi
335 2066 475 2116 istuc,
535 2068 659 2120 quod
690 2065 903 2120 expetis,
948 2080 1112 2108 conce-

212 2126 342 2166 dam.
403 2121 463 2166 cf.
486 2121 633 2165 Beier.
657 2121 712 2164 ad
738 2122 886 2166 Cicer.
909 2123 964 2165 de
986 2121 1111 2167 offic.

211 2182 253 2233 2,
278 2180 344 2232 12,
365 2178 437 2224 41.
471 2203 526 2213 —
584 2194 681 2221 uno
702 2181 855 2222 aliove
874 2188 1112 2222 momento

213 2237 319 2283 edd.
345 2246 447 2281 ante
463 2236 643 2280 Ernest.
669 2245 713 2279 et
738 2237 956 2289 Seebod.,
988 2238 1110 2295 quod

213 2311 310 2339 non
326 2294 529 2339 latinum.
568 2309 674 2338 nam
693 2293 919 2352 exempla,
949 2295 1110 2354 quibus

211 2355 338 2397 alius
373 2368 457 2410 pro
496 2353 621 2394 alter
657 2351 829 2395 dictum
864 2367 961 2395 esse
996 2367 1111 2420 pro-

211 2412 320 2455 bare
364 2409 460 2454 vult
501 2407 850 2468 Wopkensius‚
891 2409 1114 2454 citerioris

211 2476 317 2513 sunt
338 2467 582 2516 latinitatis,
613 2482 750 2525 quam
773 2467 937 2525 quibus
959 2475 1112 2510 aucto·

211 2526 391 2571 ritatem
415 2525 684 2569 tribuamus.
746 2523 781 2569 I.
804 2525 880 2567 Fr.
903 2524 1112 2570 Gronov.

213 2584 482 2628 emendabat
542 2597 634 2625 uno
685 2585 894 2625 alterove
949 2598 1108 2637 mom„

213 2643 337 2701 quod
383 2641 650 2700 probarem,
699 2640 785 2683 nisi
830 2639 1110 2696 praevaleret

212 2717 238 2745 c
273 2699 349 2744 dd.
373 2697 631 2743 auctoritas.
674 2721 729 2732 —
791 2697 882 2740 Pro
919 2707 1110 2742 transeo

213 2716 282 2801 eg.
317 2757 437 2815 Spir.
481 2770 668 2812 censeo,
723 2755 879 2799 eadem
920 2757 1112 2809 contigit

211 2831 294 2873 pro
337 2813 581 2870 contingit,
651 2814 843 2868 ingenio
895 2829 979 2871 pro
1030 2815 1110 2855 in-

214 2888 382 2928 genno.

189 3006 191 3008 v
269 2972 324 2999 ac
354 2970 504 3011 prope
539 2955 752 2997 omnibus
780 2953 922 2996 horis.
995 2952 1105 2995 Mu-

214 3014 309 3060 tavi
332 3013 557 3069 vulgatam
579 3013 683 3056 lect.
712 3019 759 3054 et
775 3026 923 3066 prope
945 3026 994 3052 ex
1008 3008 1109 3052 MS.

210 3072 350 3129 Neap.
386 3073 608 3128 [quocum
632 3069 739 3114 facit
763 3069 946 3111 Farnes.
975 3067 1109 3120 liber,

214 3145 349 3187 quem
375 3125 894 3227 szffie¹⁸'fit·ssci,effi{³i¹i
931 3124 1107 3223 sequurii

210 3187 439 3288 ἰὲᾛὲἓὲηὶ
457 3199 723 3296 ῗςεῗῗωὲὶῗὲ
743 3200 838 3285 οήῗ.
864 3198 1108 3297 ιιῗῗωξέοά

210 3317 306 3346 non
330 3298 558 3358 displicuit
581 3297 805 3345 schulzio-

271 3406 464 3446 domum
485 3415 642 3444 suam.
704 3398 782 3443 Sic
808 3400 939 3444 MSS.
966 3399 1106 3456 Neap.

212 3461 370 3516 [Farn.
410 3467 520 3502 teste
555 3455 769 3511 Bekken]
806 3459 1004 3508 Vaticc.,
1056 3471 1104 3498 ex

212 3518 374 3575 quibus
398 3530 652 3573 pronomen
677 3515 968 3572 possessivum
985 3515 1104 3557 Bro-

209 3575 345 3617 terius
367 3574 555 3628 adiecit,
604 3571 704 3615 dein
730 3571 904 3615 Dronk.
928 3568 1102 3615 Osann.

211 3631 366 3686 [Bekk.
404 3640 444 3675 et
482 3629 746 3683 lloettich.fl‚
803 3629 1001 3672 Orellius
1037 3637 1100 3670 ta-

1190 1344 1302 1382 men¹
1321 1328 1448 1372 uncis
1471 1329 1795 1374 circumclusit.
1856 1330 1972 1375 Edd.
2005 1346 2080 1375 re-

1189 1386 1339 1446 liquae
1363 1400 1502 1429 suam
1525 1387 1788 1432 omiserunt.

1249 1470 1393 1528 officii
1432 1470 1629 1513 alicuius
1664 1474 2081 1519 administrationi.

1191 1527 1268 1572 Sic
1304 1527 1438 1572 MSS.
1471 1527 1611 1587 Neap.
1649 1536 1691 1572 et
1733 1529 1946 1581 Parnes„
1995 1531 2083 1583 nisi

1225 1586 1317 1628 uod
1360 1587 1779 1630 admzmstratzbnte
1829 1588 2080 1634 exhibeant.

1192 1601 1243 1686 lin
1287 1651 1498 1686 contextu
1543 1643 1693 1702 posuit
1730 1644 1932 1704 Lipsius,
1996 1663 2080 1692 ne-

1190 1717 1278 1759 que
1325 1709 1480 1744 tamen
1527 1700 1712 1752 tacitus,
1778 1702 1845 1746 uti
1890 1703 2081 1750 Seebod.

1189 1766 1233 1801 et
1258 1757 1438 1802 Dronk.
1463 1757 1620 1803 dicunt
1639 1790 1654 1814 ,
1699 1759 1776 1803 sed
1799 1769 2006 1806 accurate
2026 1761 2083 1806 de

1189 1816 1295 1859 cod.
1326 1816 1547 1873 scriptura
1575 1832 1819 1875 esponens.
1848 1823 1851 1836 ¹
1876 1818 2081 1878 Lipsium

1186 1873 1363 1932 sequuti
1382 1883 1487 1918 sunt
1506 1873 1694 1933 interpr.
1709 1873 1931 1934 plerique.
1962 1876 2080 1922 Ante

1187 1948 1290 1974 eum
1358 1931 1626 1990 vulgabatur
1694 1932 1860 1990 officiis
1931 1936 2080 1978 alicu-

1184 1991 1257 2032 ius
1278 1990 1698 2043 administrandis,
1739 1990 1862 2048 quod
1888 1991 2080 2036 Schurz·

1184 2045 1354 2090 fleisch.
1395 2047 1609 2102 (alicuius
1645 2047 1692 2090 in
1728 2049 1852 2092 alius
1886 2057 1937 2093 ut
1970 2065 2079 2093 cor—

1183 2104 1272 2147 tic<
1318 2120 1354 2146 .r
1392 2102 1606 2156 suadens)
1642 2104 1853 2149 Osanuus
1890 2113 1935 2150 et
1968 2105 2078 2151 See-

1183 2159 1291 2204 nod.
1323 2161 1633 2213 retinuerunt,
1675 2177 1820 2220 neque
1850 2163 2076 2223 improba-

1183 2217 1245 2261 vit
1283 2215 1489 2269 Dronk„
1542 2217 1617 2261 cui
1660 2228 1942 2279 „utrumque
1988 2222 2075 2266 bo·-

1183 2292 1295 2318 num
1339 2275 1456 2319 est.'’
1528 2274 1741 2321 Oriretur
1773 2278 1990 2324 sententia
2021 2280 2076 2324 ab

1182 2333 1271 2376 hoc
1311 2331 1416 2376 loco
1458 2331 1754 2389 alienissima;
1802 2335 1914 2405 quid
1953 2338 2077 2383 enim

1187 2389 1307 2434 aliud
1331 2389 1552 2448 significat
1583 2391 1737 2449 officia
1761 2393 1963 2438 alicuius
1985 2398 2077 2439 ad-

1187 2450 1484 2497 ministrare,
1516 2464 1650 2506 quam
1674 2449 1728 2493 iis
1749 2449 1914 2496 officiis
1934 2452 2015 2496 fun
2049 2453 2077 2506 i,

1187 2505 1351 2563 quibus
1385 2503 1500 2549 alius
1532 2506 1661 2564 fungi
1693 2506 1890 2553 deberet.
1954 2509 2077 2568 Ofi-

1185 2565 1309 2607 cium
1332 2563 1674 2620 intelligendum
1699 2572 1763 2608 est
1788 2565 1842 2608 de
1871 2568 2074 2613 muneri·

1183 2622 1292 2673 bus3
1338 2636 1427 2679 quo
1464 2623 1519 2665 de
1553 2621 1803 2679 significatu
1838 2623 2074 2683 disputavit

1182 2678 1378 2722 Walch.
1413 2678 1468 2722 ad
1490 2677 1645 2734 Agric.
1680 2695 1725 2738 p.
1749 2680 1851 2724 217.
1895 2705 1952 2715 —
2009 2682 2074 2727 Ex

1181 2737 1284 2780 MS.
1306 2735 1407 2779 Vat.
1435 2735 1560 2780 1862.
1584 2744 1785 2780 notatum
1821 2746 1885 2782 est
1907 2754 1931 2782 a
1953 2737 2071 2783 Bro-

1182 2793 1297 2838 terio
1316 2793 1450 2836 lectio
1472 2807 1571 2834 non
1603 2795 1768 2851 officii,
1810 2811 1923 2854 quae
1955 2795 2072 2851 haud

1183 2850 1411 2908 displicuit
1454 2850 1661 2894 Osanno.
1713 2875 1769 2886 —
1851 2852 1944 2896 Pro
1985 2856 2076 2904 sibi

1181 2911 1273 2963 ipsi
1313 2908 1347 2951 Ι.
1388 2908 1463 2951 Fr.
1505 2906 1712 2953 Gronov,
1756 2909 1950 2955 malebat
1993 2913 2077 2957 tibi

1180 2967 1290 3022 ipsi,
1323 2965 1442 3022 quod
1467 2965 1635 3024 recepit
1653 2965 1905 3012 schulzius.

1237 3066 1342 3109 illos
1375 3066 1652 3123 quinimmo.
1720 3067 1857 3112 MSS.
1894 3067 2069 3114 Vaticc.

1181 3124 1307 3167 1862.
1323 3131 1366 3167 et
1383 3123 1506 3167 1518.
1524 3125 1642 3166 istos
1692 3125 1964 3169 raebuerunt
1985 3142 2069 3185 pro

1178 3181 1386 3225 omniurn
1413 3181 1633 3237 librorum
1676 3190 1760 3226 eet.
1781 3183 1905 3238 illos,
1933 3197 2067 3240 quam

1178 3248 1416 3308 propterea
1430 3239 1692 3282 eiiciendam
1707 3239 1878 3297 putavit
1889 3239 2068 3285 Dronk.
2149 3265 2150 3271 =

1178 3297 1265 3363 Sed
1287 3313 1434 3363 ‘nemo
1472 3295 1511 3340 ei
1547 3297 1819 3354 obsequutus
1848 3304 1936 3358 est,
1992 3313 2068 3342 re-

1179 3363 1389 3399 ctissime.

1234 3458 1369 3497 orbos
1412 3463 1455 3496 et
1498 3431 1761 3508 locupletes.
1843 3453 1912 3499 Cf.
1947 3456 2064 3501 Plin-

1175 3511 1313 3570 Epist.
1343 3512 1382 3567 5,
1419 3515 1458 3559 1,
1493 3511 1533 3557 3.
1566 3518 1812 3564 praeterea
1841 3527 1935 3555 non
1966 3526 2081 3558 esse,

1172 3572 1288 3614 satis·
1307 3572 1553 3613 honestum
1577 3573 1693 3612 dare
1720 3578 1766 3611 et
1788 3573 2007 3625 locupleti
2021 3579 2066 3614 et

1171 3630 1297 3670 orbo.
1361 3626 1541 3670 Notavit
1581 3627 1621 3672 h.
1661 3626 1687 3668 l.
1722 3627 1883 3672 Noster
1923 3631 2064 3673 orbo·
