2150 4022
217 301 338 364 334

731 298 854 359 DE
894 284 1596 367 *ORATORIBUS*

214 433 584 500 bus'utitur,
639 429 819 486 armis
857 428 1283 508 incompositus
1323 445 1380 491 et
1411 435 1613 494 “midio
1650 435 1905 495 feriendi
1945 438 2075 515 ple-

214 538 467 594 rumque
507 515 794 585 deiectUS,
849 537 972 575 non
1010 530 1233 592 pugnat
1248 520 1273 588 ‚'
1323 521 1426 576 sed
1466 521 1739 583 rixaturs
1783 534 2074 594 ceterum,

211 616 281 662 ut
307 603 460 670 dixi,
517 601 898 677 sequentibus
940 608 1345 677 comparatus,
1397 616 1453 662 et
1475 606 1754 664 varietate
1785 608 2074 666 eruditio-

214 690 309 745 nis
346 699 403 744 et
440 689 639 762 lepore
672 687 1026 760 urbanitatis
1058 699 1114 744 et
1139 688 1398 764 ipsarum
1428 690 1645 748 virium
1674 694 1890 751 robore
1914 691 2075 752 mul-

211 785 342 831 tum
373 785 593 830 ceteros
633 784 896 846 superat:
950 767 1206 850 quorum
1233 773 1532 832 neminem
1560 777 1733 855 Aper¹
1752 778 2065 837 nominare

211 870 274 916 et
298 859 462 923 velut
489 858 554 914 in
581 857 765 913 aciem
801 859 1045 914 educere
1083 859 1379 922 sustinuit.

1465 858 1594 936 Ego
1634 873 1829 921 autem
1867 884 2071 940 exspe—

210 945 468 1014 ctabam,
524 954 590 1000 ut
617 943 880 1026 incusato
906 939 1117 1002 Asinio
1144 956 1201 1001 et
1227 943 1431 1003 Coelio
1465 956 1522 1004 et
1547 944 1731 1005 Calvo
1765 949 1927 1007 aliud
1956 969 2071 1006 no-

269 1166 433 1210 utitur.
505 1162 561 1207 Et
603 1164 713 1208 haec
752 1163 1005 1207 emendatio
1047 1164 1102 1207 ab

209 1225 371 1269 eodem
416 1221 620 1280 profecta
661 1230 725 1264 est
759 1221 978 1264 Rhenano
1020 1237 1103 1281 pro

209 1282 314 1326 edd.
343 1287 452 1326 vett.
485 1279 742 1338 corruptela
775 1281 983 1334 utimur,
1026 1295 1101 1322 ea-

207 1355 295 1398 que
333 1338 624 1395 comprobata
662 1337 761 1381 MS.
800 1337 940 1396 Neap.
974 1337 1104 1379 testi-

206 1396 384 1441 monio.

262 1513 420 1555 studio
449 1507 664 1565 feriendi
702 1513 979 1567 plerumque
1016 1514 1121 1552 de-‘

202 1573 358 1616 iectus.
417 1567 554 1611 MSS.
580 1567 717 1626 Neap.
741 1573 805 1620 [et
830 1569 993 1622 Fara]
1016 1574 1096 1610 de-

203 1635 377 1672 vectus.
438 1626 549 1668 Edd.
573 1625 694 1683 Spir.
719 1626 822 1669 Put.
859 1626 958 1669 Riv.
994 1628 1097 1669 Ber.

207 1685 309 1731 Alc.
341 1682 485 1727 Rhen.
519 1683 622 1725 ΑΜ.
664 1689 707 1725 et
748 1701 890 1742 nuper
920 1683 1099 1728 Ernest.

203 1741 366 1790 Oberl.
430 1740 626 1784 Seebod.
690 1741 866 1785 Dronk.
924 1740 1099 1785 Osann.

204 1799 349 1848 Orell.
401 1797 565 1853 [Bekk.
614 1797 837 1842 Boettieh.
875 1798 1099 1858 *Rupertss

204 1863 312 1906 dant
335 1858 563 1905 deiectus,
606 1857 730 1912 quod
756 1857 848 1900 noli
883 1873 987 1901 cum
1010 1855 1099 1899 Er-

201 1916 348 1963 nestio
386 1911 631 1971 explicare:
686 1915 732 1957 in
770 1915 1098 1974 turpitudinem

203 1975 402 2033 aliquam
434 1970 687 2024 incidebat,
728 1987 829 2016 cum
867 1972 1097 2022 rixaretur,

201 2032 325 2092 quod
370 2028 604 2073 sordidum
651 2046 703 2073 ac
745 2031 971 2087 plebeium
1018 2037 1098 2078 est,

197 2105 297 2135 non
324 2093 560 2147 pugnaret.
618 2086 696 2129 Est
724 2089 874 2144 potius
904 2085 1095 2129 transla-

199 2157 300 2192 tum
331 2162 355 2188 e
387 2161 437 2187 re
462 2142 755 2201 gladiatoria3
796 2145 1092 2200 gladiatorum

202 2205 323 2250 enim
347 2203 393 2246 in
419 2209 537 2245 statu
562 2202 634 2245 vel
660 2204 797 2259 gradu
835 2200 1091 2244 consisten-

200 2265 314 2308 tium
362 2259 445 2314 (cf.
489 2257 668 2302 Ernest.
713 2257 841 2304 Clav.
877 2258 974 2302 Cic.
1016 2273 1091 2302 vv.

197 2322 378 2377 gradus
421 2323 466 2360 et
513 2321 686 2369 status)
740 2326 859 2365 erat,
925 2322 1090 2359 statum

196 2393 331 2423 suum
361 2384 551 2428 tenere„
583 2374 891 2418 adversarium
922 2373 976 2416 de
1010 2388 1092 2415 suo

196 2436 440 2480 demovere
462 2433 531 2476 vel
558 2433 769 2481 deiicere,
801 2433 923 2486 quod
951 2438 998 2471 ut
1022 2430 1090 2473 ef-

196 2495 409 2542 ficerent,
464 2489 658 2533 feriendi
699 2491 848 2532 studio
894 2488 1090 2531 abstine-

196 2552 333 2601 bant,
375 2566 421 2591 se
454 2547 702 2591 defendisse
735 2556 892 2590 contra
926 2547 1092 2590 adver-

194 2609 418 2654 sariorum
447 2606 560 2649 ictus
588 2604 804 2648 contenti.
868 2604 917 2646 ld
950 2604 1087 2661 aptis-

195 2668 307 2710 sime
341 2663 584 2708 convenire
620 2662 664 2704 in
709 2672 964 2712 oratorem,
1012 2661 1088 2718 qui

194 2722 336 2766 nimia
369 2719 446 2764 sua
469 2720 707 2764 acerbitate
733 2719 972 2762 adversarii
997 2722 1086 2761 vim

194 2788 352 2837 auget,
437 2794 573 2822 nemo
629 2786 692 2819 est
745 2777 856 2834 quin
916 2776 1087 2820 intelli-

194 2848 283 2898 gat.
328 2837 619 2893 Quapropter
646 2835 779 2876 malui
805 2849 1087 2892 perseverare

191 2899 240 2940 in
265 2895 508 2951 antiquitus
538 2894 697 2935 tradita
727 2896 946 2949 scriptura
981 2907 1087 2950 prae

191 2953 329 3011 Lipsii
362 2950 703 2996 emendatione,
747 2966 878 3006 quani
909 2966 957 2990 ex
982 2949 1088 2993 cod.

192 3012 401 3055 Romano
426 3024 472 3050 se
497 3008 693 3051 hausisse
719 3007 974 3064 profitetur,
1007 3012 1086 3047 (ιέ-

195 3076 370 3121 tectus,
426 3067 472 3107 in
518 3082 601 3122 qua
649 3066 971 3120 acquieverunt
1010 3063 1080 3105 Pi-

193 3127 333 3171 cbena
346 3158 359 3180 ,
389 3122 665 3179 Bernegger.
681 3121 884 3164 Gronov.
898 3122 1088 3165 Schurz·

192 3182 363 3229 fleisch.
410 3180 663 3222 Heumann.
699 3179 862 3221 Scbulz
955 3180 1087 3222 Latus

190 3242 402 3300 tegebant
430 3237 725 3295 gladiatores;
756 3237 830 3292 qui
859 3252 966 3279 vero
998 3252 1084 3277 nu-

191 3299 274 3343 dos
308 3314 403 3340 sese
435 3295 678 3343 dederunt,
730 3294 994 3352 detegebant
1025 3310 1086 3336 se.

187 3357 246 3402 Et
278 3355 575 3400 confirmatur
599 3367 648 3393 ea
674 3352 894 3407 scriptura
921 3352 1084 3406 Quint.

188 3413 304 3459 locis
334 3409 566 3455 nonnullis
601 3408 846 3458 similibus,
887 3417 935 3450 ut
970 3410 1077 3452 [nst.

188 3488 257 3516 or.
283 3471 328 3523 9,
354 3472 390 3520 1,
411 3469 481 3511 ΞΟ.
516 3481 719 3522 nomque
752 3474 802 3506 ut
834 3467 882 3507 in
911 3480 1082 3508 armo-

189 3544 300 3572 rum
341 3527 599 3570 certamine
634 3526 859 3565 adversus
896 3526 1008 3565 ictus
1037 3530 1081 3563 et

187 3593 341 3630 rectas
383 3599 439 3626 ac
479 3581 711 3636 simplices
755 3595 930 3622 manus
975 3595 1080 3622 cum

191 3646 349 3687 videre
373 3651 472 3687 tum
506 3643 648 3682 etiam
685 3651 846 3681 cavere
881 3653 935 3678 ac
959 3652 1077 3691 pro-

1174 1166 1368 1218 pulsare
1383 1164 1535 1221 sacile
1558 1175 1626 1210 ese
1638 1184 1654 1219 ;
1681 1182 1875 1212 auersae
1894 1177 2069 1214 tectae·

1179 1237 1267 1278 que
1305 1225 1460 1266 minus
1494 1233 1605 1267 sunt
1645 1228 1951 1271 observabiles
1959 1244 1976 1279 ;
2021 1236 2070 1272 et

1175 1282 1308 1322 aliud
1333 1285 1592 1325 ostendisse
1614 1299 1756 1340 quam
1779 1293 1919 1338 petas
1949 1288 2070 1331 artie

1177 1346 1274 1380 cst.-
1321 1343 1384 1380 εἰσ
1413 1341 1590 1391 oratio,
1628 1356 1749 1396 quae
1779 1349 1886 1384 astu
1921 1351 2066 1392 caret,

1170 1399 1383 1449 pondere
1408 1400 1550 1437 modo
1580 1407 1625 1440 ec
1647 1402 1846 1451 impulsu
1866 1403 2068 1454 proelia·

1175 1459 1252 1493 tm·
1273 1461 1358 1499 etc.
1383 1453 1492 1496 ibid.
1521 1459 1556 1498 1.
1577 1471 1778 1514 prooem.
1802 1460 1830 1512 §
1848 1454 1918 1500 24.
1947 1473 2066 1501 nam

1169 1513 1444 1567 plerumque
1474 1516 1627 1555 mulae
1657 1514 1768 1556 illae
1789 1522 2067 1566 arte-suun,

1173 1582 1362 1611 omnem
1396 1583 1581 1611 succum
1615 1572 1795 1624 ingenii
1822 1573 1983 1619 bibunt
2018 1580 2064 1616 et

1174 1640 1284 1668 ossa
1327 1629 1561 1681 detegunt.
1639 1627 1845 1686 Ineptum
1885 1637 1951 1673 est
1989 1628 2061 1673 ed.

1173 1681 1271 1740 Bip.
1302 1692 1616 1727 commentum
1647 1687 1867 1742 desectus.
1929 1685 2063 1732 Cete-

1171 1756 1272 1783 rum
1317 1742 1487 1784 restitui
1532 1742 1637 1785 edd.
1682 1751 1792 1788 vett.
1841 1752 1883 1787 et
1921 1741 2064 1789 MSS.

1172 1797 1313 1856 Neap.
1351 1801 1415 1851 [et
1452 1797 1609 1854 Fam]
1653 1802 1919 1857 scripturam
1959 1809 2062 1849 stu-

1171 1856 1286 1906 diae,
1323 1857 1451 1900 euius
1472 1857 1574 1900 loco
1597 1859 1750 1900 studio
1779 1876 1833 1903 ex-
1857 1857 2066 1905 Rhenani

1172 1913 1489 1956 emendatione
1523 1914 1733 1973 deinceps
1769 1917 1817 1960 in
1850 1919 2067 1961 munibus.

1171 1971 1296 2014 libris
1324 1971 1549 2029 vulgatum
1576 1980 1688 2016 erat.

1224 2077 1422 2123 pugnat.
1506 2068 1622 2116 Edd.
1669 2071 1772 2114 Put.
1816 2071 1919 2117 niv.
1962 2089 2057 2128 pu-

1167 2129 1301 2183 gncit.
1338 2152 1391 2159 —
1448 2125 1592 2170 Paulo
1618 2139 1716 2187 post
1739 2129 1785 2173 in
1800 2128 2061 2190 MS.Neap.

1168 2185 1446 2228 desideratur
1490 2200 1575 2229 vox
1615 2195 1946 2240 comparatus;
2017 2198 2060 2233 et

1167 2243 1328 2285 deinde
1367 2241 1468 2287 edd.
1508 2259 1621 2300 quae
1657 2255 1758 2288 aute
1789 2243 2057 2289 Rhenanum

1166 2298 1434 2358 prodierunt
1480 2315 1544 2342 ex
1590 2302 1830 2359 praeposit.
1875 2302 2058 2352 habent.

1165 2357 1285 2422 quod
1321 2357 1364 2399 in
1400 2364 1443 2397 ec
1468 2356 1670 2402 Rhenan.
1694 2359 1902 2404 correxit.
1961 2360 2057 2409 Sub

1164 2416 1298 2457 finem
1324 2411 1517 2471 denique
1545 2414 1764 2461 enuntiati
1791 2415 1892 2463 MS.
1914 2416 2059 2478 Neap.

1164 2481 1207 2514 et
1229 2473 1297 2514 ed.
1318 2471 1436 2528 spir.
1463 2473 1679 2530 praebent
1700 2474 1946 2519 substinui&
1971 2490 2056 2536 pro

1163 2531 1400 2573 sustinuat.

1220 2617 1426 2658 incusato
1484 2616 1666 2660 Asinio.
1770 2616 2066 2663 Praeclaram

1164 2673 1301 2731 Lipsii
1358 2673 1717 2717 emendationem
1770 2675 2056 2719 confirmavit

1161 2732 1262 2775 MS.
1287 2731 1456 2788 Neap.;
1495 2729 1540 2772 in
1567 2730 1641 2773 ed.
1664 2730 1780 2789 Spir.
1811 2739 1874 2774 est
1899 2736 1946 2774 in
1972 2749 2052 2775 σαι-

1161 2797 1271 2832 rato
1295 2790 1482 2838 Asim'03
1513 2788 1556 2829 in
1583 2787 1686 2831 edd.
1710 2788 1809 2831 Put.
1836 2789 2054 2835 Riv.Be1·.

1164 2848 1262 2890 Alc.
1318 2845 1458 2888 Rben.
1512 2845 1613 2888 Ald.
1666 2846 1824 2888 Bruto
1878 2849 2055 2898 Αείηίο,
2091 2858 2097 2864 ’

1164 2906 1280 2946 uude
1313 2901 1487 2945 Pithoei
1524 2910 1623 2946 nata
1661 2911 1723 2946 est
1765 2903 2052 2948 coniectura:

1162 2965 1372 3003 incusato
1408 2961 1584 3014 Bruto,
1634 2961 1821 3013 Asinio,
1874 2954 1953 3006 cui¹
1991 2961 2063 3021 li-=

1162 3021 1350 3061 brorum
1377 3017 1618 3061 auctoritas
1641 3018 1916 3063 adversatur.

1799 3118 1880 3175 Sic
1906 3129 1970 3164 est
2000 3121 2048 3165 in

1161 3175 1373 3219 omnibus
1403 3175 1549 3223 libris,
1582 3177 1660 3218 sed
1687 3175 1862 3234 Lipsius
1885 3193 1909 3222 e
1932 3194 2049 3224 con-

1160 3235 1354 3280 iectura,
1401 3239 1447 3273 ut
1487 3232 1579 3290 ipse
1613 3233 1874 3291 profitetur,
1917 3239 2050 3279 aliud

1157 3306 1334 3332 novum
1357 3305 1528 3344 agmen
1551 3289 1767 3339 restituit,
1797 3293 1920 3350 quod
1942 3293 2047 3338 See·

1155 3348 1260 3392 bod.
1285 3362 1430 3404 nuper
1454 3356 1495 3390 et
1521 3347 1720 3391 Orellius
1751 3347 1799 3391 in
1832 3358 2046 3394 contextu

1155 3414 1418 3465 posuerunt.
1500 3404 1724 3462 Explicuit
1765 3403 1912 3454 Orell.
1955 3409 2047 3453 sict

1154 3462 1272 3507 aliud
1299 3478 1456 3519 agmen
1480 3465 1813 3516 recentiorum,
1841 3478 1957 3520 quos
1982 3474 2046 3509 ta-

1154 3535 1259 3563 men
1285 3535 1417 3562 nemo
1444 3520 1556 3562 alius
1584 3535 1768 3587 magnos
1788 3521 1912 3565 ducit
1934 3538 2045 3566 ora-

1152 3587 1297 3625 tores,
1341 3576 1455 3619 adeo
1485 3584 1533 3619 ut
1564 3586 1726 3620 merito
1756 3591 1931 3622 novum
1953 3595 2043 3622 no-

1152 3634 1308 3690 bisque
1341 3632 1485 3677 adhuc
1515 3633 1720 3690 ignotum
1744 3634 1832 3679 dici
1852 3645 1985 3693 queat
1998 3638 2044 3689 ἲ,

1217 3121 1348 3160 aliud
1381 3119 1509 3159 nubis
1540 3131 1730 3171 agmen.
