2150 4022
211 283 287 341 14

559 284 628 347 c,
671 281 1249 375 CORNELIUS*
1280 277 1712 348 TAc1TUs

204 429 326 471 tam
364 433 536 471 voces
576 415 730 471 illae>
755 402 931 491 quam
961 415 1199 472 virtutis
1235 420 1554 472 concentus
1579 416 1878 478 videntur.
1964 418 2071 474 ad-

202 499 454 556 fectatur
511 500 824 575 praecipue
882 502 1163 577 asperitas
1212 500 1345 556 soni
1397 511 1454 557 et
1499 501 1752 558 fractum
1798 522 2071 560 murmur

204 585 451 642 obiectis
476 587 550 641 ad
578 605 644 640 os
671 585 878 660 scutis,
923 607 1040 663 quo
1078 586 1313 661 plenior
1353 597 1411 643 et
1444 586 1682 658 gravior
1719 606 1834 642 vox
1868 591 2069 663 reper-

204 690 378 728 cussu
418 670 783 731 intumescat.

867 669 1148 730 Ceterum
1189 681 1246 726 et
1271 667 1507 727 Ulixem
1543 671 1788 747 quidam
1815 669 2069 747 opinan-

203 768 304 814 tur
342 756 519 829 longo
558 755 663 812 illo
706 769 761 815 et
793 757 1066 814 fabuloso
1106 775 1306 811 errore
1342 754 1408 810 in
1447 750 1605 812 hunc
1633 752 1942 813 Oceanum
1961 758 2069 813 de—

203 842 390 900 latum
430 841 618 897 adisse
645 835 1249 910 Germaniae'terraQ
1293 835 1863 918 Asciburgiumque‚
1906 844 2069 919 quod

206 928 271 982 in
304 927 432 1002 ripa
456 922 664 985 Rheni
703 928 882 985 situm
915 923 1212 1003 hodieque
1241 925 1555 996 incolitur,
1596 928 1671 983 ab
1709 927 1813 983 illo
1851 928 2072 984 consti-

136 1040 141 1045 ··
201 1024 395 1071 tutum
445 1012 953 1092 nominatumque.

201 1280 295 1323 bat:
353 1277 503 1321 Prout
522 1279 681 1322 sonuit
699 1281 824 1323 acies
843 1279 886 1323 h.
901 1295 939 1323 e.
959 1286 1100 1338 prout

200 1335 396 1385 baritus,
428 1351 564 1394 quem
590 1336 770 1389 dicunt,
808 1338 904 1381 sive
940 1346 1098 1381 cantus

199 1393 274 1437 ille
299 1394 503 1440 virorum
525 1394 573 1436 in
596 1393 689 1437 acie
716 1395 969 1453 positorum
995 1404 1097 1438 ante

199 1467 398 1509 pugnam
440 1451 615 1502 sonuit,
658 1461 829 1496 terrent
855 1452 1097 1511 trepidant·

202 1524 277 1552 ve:
322 1509 487 1552 etenim
513 1509 549 1551 si
581 1508 736 1552 timide
769 1519 903 1570 atque
938 1511 1099 1568 ignave

198 1566 377 1616 sonuit,
427 1566 679 1624 trepidant;
732 1567 803 1611 sin
837 1567 1017 1612 fortiter
1054 1575 1099 1611 et

200 1631 406 1676 strenue,
440 1633 630 1669 terrent.
924 1636 926 1639 “

256 1724 339 1751 nec
362 1716 465 1751 tam
490 1723 624 1751 voces
645 1710 759 1752 illae
784 1743 793 1752 .
814 1743 848 1754 ..
872 1713 1100 1756 videntur.

199 1766 277 1811 Sic
309 1765 411 1809 edd.
445 1766 562 1824 Spir.
592 1767 724 1810 Kath.
748 1768 853 1813 Put.
884 1770 952 1813 Μ.
976 1780 1018 1812 et
1044 1769 1100 1814 V.

201 1823 368 1866 Vienn.
395 1823 538 1881 Pogg.
562 1824 662 1868 Ale.
684 1825 885 1869 Rhenan.
915 1828 1099 1884 (1519.).

200 1881 504 1927 Consentiunt
539 1881 674 1925 MSS.
708 1883 817 1927 Tur.
862 1885 1098 1942 stuttgart.

199 1939 303 1984 edd.
345 1938 483 1984 Rom.
533 1939 676 1983 Paris.
722 1940 960 1994 Norimb„
1013 1942 1099 1986 nisi

200 1995 322 2055 quod
348 1996 553 2041 scribunt
574 1998 678 2050 ille,
708 1999 773 2042 uti
808 1999 981 2051 solent,
1013 2016 1097 2058 pro

197 2057 325 2099 illae.
389 2054 622 2098 Broterius
646 2064 832 2099 testatur
856 2058 1011 2100 eadem
1033 2058 1099 2100 in-

197 2129 294 2156 esse
306 2111 482 2154 MSStis
506 2120 548 2154 et
567 2114 786 2161 veteribus
809 2114 1098 2159 editionibus.

197 2173 271 2214 An
299 2169 435 2215 simul
458 2169 678 2227 intelligat
697 2170 838 2215 libros
858 2172 1100 2216 vaticanos

198 2244 292 2272 non
336 2227 500 2271 diserte
539 2227 677 2272 addit.
759 2229 847 2273 Ed.
884 2229 1098 2273 Beroald.

198 2285 288 2328 fert
335 2287 460 2327 vocis
489 2301 575 2346 pro
616 2301 764 2330 voces.
852 2287 1098 2331 Rhenanus

197 2344 293 2387 sine
327 2343 453 2386 libris
490 2358 610 2385 anno
635 2344 762 2389 1533.
805 2345 964 2389 edidit:
1015 2359 1100 2388 nec

201 2409 306 2444 tam
342 2401 468 2443 vocis
499 2403 578 2443 ille
609 2433 621 2444 .
645 2433 656 2445 .
681 2434 693 2445 .
723 2404 934 2455 videtur,
985 2419 1099 2462 quae

200 2459 474 2502 duraverunt
515 2458 570 2500 ad
605 2458 875 2510 Pichenam‚
917 2461 994 2519 qui
1026 2478 1098 2506 ve·

198 2525 338 2560 terem
379 2515 651 2573 scripturam
689 2518 897 2562 restituit.
977 2519 1100 2562 luter

198 2573 474 2618 recentiores
510 2572 693 2632 Bipont.
733 2575 943 2619 Oberlin.
979 2575 1100 2619 Bek-

199 2630 294 2676 ker.
340 2629 507 2687 aliique
564 2643 838 2676 revocarunt
890 2633 1097 2678 Rhenani

199 2688 580 2733 emendationem.
639 2690 986 2735 Li‘inemannus:
1017 2708 1097 2734 vo-

199 2761 274 2789 ces
315 2746 429 2788 illae
474 2776 487 2790 .
509 2777 522 2788 .
546 2777 558 2789 .
602 2758 850 2791 concentus
899 2750 1098 2792 videtur.

202 2803 442 2848 Weisius=
481 2818 566 2845 nec
601 2814 704 2847 tam
739 2808 858 2850 vocis
891 2807 972 2850 ille
1003 2838 1016 2850 .
1043 2839 1056 2850 .

199 2862 435 2904 videatur.
521 2859 715 2906 Seebod.
750 2864 936 2910 Passov.
970 2865 1096 2907 Hess.

199 2919 363 2978 aliique
407 2917 665 2962 maluerunt
700 2930 859 2965 vetera.
940 2922 1095 2965 Recte.

199 2977 306 3021 Non
358 2974 481 3019 enim
540 2984 636 3020 erat
691 2993 822 3021 causa
875 2979 1097 3023 mutandi.

203 3034 436 3079 Sententia
475 3034 565 3079 loci
610 3042 698 3078 est:
755 3036 790 3078 si
834 3038 934 3095 quis
975 3037 1099 3081 audit

204 3100 388 3136 cantum
422 3090 578 3141 illum,
618 3109 712 3136 non
745 3094 996 3138 multorum
1030 3095 1096 3137 vi-

202 3165 359 3193 rorum
409 3165 543 3193 voces
575 3150 739 3194 ·audire
782 3150 865 3194 sihi
912 3153 1101 3208 videtur,

204 3207 280 3251 sed
331 3222 474 3249 unum
520 3223 685 3250 sonum
734 3218 1101 3268 concentumque

203 3264 394 3320 accipit,
458 3274 506 3309 ut
549 3266 607 3308 ita
653 3266 783 3308 unius
831 3266 1005 3309 virtutis
1054 3268 1099 3310 in

203 3322 417 3367 omnibus
440 3321 630 3379 vigentis
664 3339 802 3366 sonus
833 3334 1100 3367 concentus·

203 3396 291 3438 que
328 3380 543 3423 videatur.
629 3378 802 3424 Contra
838 3381 930 3425 Au.
962 3386 999 3434 1,
1029 3383 1100 3426 31.

204 3441 357 3480 multa
375 3439 615 3482 seditionis
633 3453 722 3482 ora
748 3454 985 3495 vocesque.

265 3520 451 3564 virtutis
486 3530 741 3566 concentus.
806 3521 942 3566 MSS.
971 3523 1100 3566 Bam·

205 3576 334 3635 berg.
371 3586 413 3621 et
445 3579 663 3622 Arundel.
702 3583 871 3624 mentis
906 3596 1098 3624 concen-

207 3644 307 3686 lus,
351 3651 462 3692 quae
495 3637 718 3694 scriptura
754 3638 909 3683 eximie
953 3636 1100 3695 placet

1083 2840 1104 2853 .>
1171 2815 1515 2874 praeferendum
1576 2825 1743 2862 censet.

1078 1031 1241 1068 aram
1293 1010 1439 1088 quin
1495 1012 1671 1070 etiam
1713 1010 1878 1071 Ulixi
1926 1032 2070 1070 con-

1171 1275 1354 1322 Colero.
1437 1275 1663 1319 Provocat
1697 1274 1753 1319 ad
1785 1273 1970 1318 Homeri
2005 1274 2069 1319 10-

1172 1350 1278 1377 cum
1292 1332 1341 1376 ll.
1353 1329 1412 1390 γ’,
1425 1333 1486 1376 8..
1502 1336 1547 1377 οἱ
1558 1329 1669 1388 δ’ἅᾷ
1686 1335 1794 1376 ἴσαν
1807 1333 1914 1394 σιγῇ
1926 1334 2070 1391 μένεα

1172 1395 1407 1440 πνείοντες
1423 1389 1598 1448 Ἀχαιοὶ
1628 1391 1680 1435 ἐν
1706 1391 2069 1450 &westemo—

1171 1465 1243 1498 τες
1267 1444 1486 1509 ἀλεξέμεν
1511 1445 1795 1503 ἀλλήλοισιν.“

1227 1508 1386 1551 scutis.
1454 1507 1571 1551 Edd.
1598 1506 1718 1566 Spir.
1744 1513 1788 1549 et
1811 1504 1944 1549 Kath.
1968 1511 2072 1548 stu-

1170 1567 1251 1609 tis.

1227 1637 1522 1677 repercussu.
1583 1621 1685 1666 MS.
1712 1620 1879 1679 stuttg.
1903 1633 2068 1676 reper-

1169 1695 1325 1794 cassii.
2023 1788 2026 1790 .

1216 1795 1458 1850 fabuloso.
1517 1793 1574 1838 H.
1599 1812 1639 1839 e.
1671 1794 1718 1837 in
1747 1792 1912 1838 sabulis
1945 1792 2068 1838 cete-

1171 1852 1319 1896 braio.
1406 1852 1467 1896 ef.
1498 1852 1656 1895 Horat.
1681 1851 1824 1896 Odar.
1861 1854 1900 1904 l,
1928 1851 2002 1901 27,
2023 1851 2066 1896 8.

1159 1909 1419 1966 fabulosus
1438 1910 1703 1966 Hydaspes.

1228 1984 1402 2026 adisse.
1488 1981 1607 2026 Edd.
1650 1981 1785 2026 Mon.
1832 1981 2068 2028 Gronovv.

1172 2038 1338 2108 (1672.)
1389 2040 1480 2084 Iac.
1510 2037 1725 2087 Gronov.
1750 2039 1936 2101 Bipont.
1977 2043 2067 2084 ad-

1171 2112 1293 2142 usse.

1228 2169 1668 2225 Asciburgiumque.
1723 2170 1844 2220 ·‚Ed.
1901 2158 2067 2218 vienn.

1169 2227 1604 2283 Ascapurgiumque.
1672 2227 1756 2272 Ed.
1779 2227 1924 2274 Paris.
1948 2233 2070 2275 Asta·-

1167 2285 1496 2340 burgiumque.
1559 2284 1647 2328 Sed
1672 2285 1736 2330 cf.
1761 2285 1877 2331 Hist.
1900 2286 1942 2338 4,
1961 2285 2034 2332 33.

1227 2358 1469 2412 hodieque.
1507 2354 1586 2400 Sic
1598 2356 1734 2401 MSS.
1749 2358 1913 2416 Stuttg.
1929 2358 2068 2405 Hum-

1170 2414 1274 2458 mel.
1290 2415 1389 2457 edd.
1402 2414 1536 2457 Rom.
1546 2414 2068 2464 Paris.Norimb.Vienn.

1170 2471 1277 2516 Ale.
1303 2471 1445 2515 Rhen.
1462 2472 1628 2528 (1533.)
1646 2473 1750 2518 Atd.
1767 2489 1863 2532 sqq.
1884 2498 1943 2508 —
1989 2477 2067 2518 ho-

1170 2532 1244 2572 die
1279 2529 1391 2585 (sine
1422 2532 1526 2586 que)
1549 2530 1649 2574 MS.
1677 2530 1787 2574 Tur.
1819 2531 1923 2576 edd.
1945 2531 2067 2591 Spir.

1169 2587 1302 2630 Kath.
1335 2587 1438 2630 Put.
1472 2587 1682 2631 Beroald.
1705 2588 1839 2634 Mon.
1864 2588 2070 2637 Rhenan.

1171 2645 1335 2700 (1519.)
1363 2653 1407 2687 et
1430 2646 1546 2687 inter
1572 2644 1851 2689 recentiores
1874 2645 2067 2693 Seebod.

1169 2703 1356 2746 Passov.
1383 2701 1513 2744 Hess.
1549 2700 1732 2760 aliique.
1802 2703 1983 2749 Hessius
2018 2706 2068 2750 in

1170 2758 1282 2802 Var.
1308 2758 1448 2802 Lectt.
1481 2760 1516 2801 l.
1550 2775 1594 2817 p.
1620 2760 1661 2803 7.
1684 2776 1810 2805 nunc
1842 2763 2068 2819 hodieque

1843 2819 2068 2866 Praetulit

1169 2874 1304 2917 etiam
1348 2872 1593 2918 Bekkerus.
1684 2874 1744 2920 cf.
1786 2877 1876 2920 An.
1923 2879 1960 2930 1,
1991 2879 2065 2923 65.

1167 2931 1263 2974 Liv.
1304 2933 1342 2980 1,
1374 2931 1448 2975 26.
1496 2933 1536 2984 5,
1563 2933 1638 2977 27.
1727 2931 1921 2978 Sueten.
1961 2935 2067 2982 Tib.

1171 3005 1209 3032 c.
1243 2990 1310 3031 14.
1372 2988 1528 3032 Claud.
1567 3006 1609 3033 c.
1645 2990 1715 3035 19.
1775 2989 1912 3036 Galb.
1945 3008 1990 3039 c.
2025 2996 2065 3040 1.

1169 3046 1259 3090 Tit.
1296 3062 1336 3090 c.
1362 3048 1405 3091 2.
1475 3048 1631 3091 Hodie
1660 3048 1829 3094 omisso
1859 3065 1947 3106 que
1974 3051 2066 3097 hoc

1172 3104 1276 3147 loco
1314 3120 1695 3163 supervacaneum
1730 3114 1811 3150 est.
1855 3130 1916 3141 -
1972 3108 2066 3154 Pro

1171 3161 1397 3205 incolimr
1419 3161 1466 3204 iu
1487 3162 1835 3209 cod.11ummel.
1848 3165 2066 3224 scriptum

1172 3227 1238 3263 est
1260 3220 1513 3263 incolatur.

1230 3292 1638 3349 nominatumque.
1717 3293 1855 3339 MSS.
1892 3295 2081 3342 vatican.

1175 3350 1299 3393 1518.
1324 3359 1367 3392 et
1394 3350 1518 3393 1862.
1546 3352 1728 3395 Farnes.
1755 3351 1858 3395 edd.
1884 3352 2000 3412 LipS.
2022 3364 2068 3399 et
2123 3344 2127 3351 ι

1171 3406 1348 3451 Broter.
1379 3408 1551 3452 addunt
1574 3405 1916 3468 Ἀσκιπύργιον.
1982 3411 2067 3457 Pa·

1171 3481 1276 3510 rum
1319 3464 1424 3507 inde
1467 3465 1686 3525 discrepat
1727 3468 1840 3522 =tzod.
1878 3465 2066 3522 venet„

1173 3538 1306 3581 quem
1323 3520 1521 3566 pertzius
1545 3523 1733 3582 inspexit
1753 3523 1830 3579 (cf.
1860 3524 1955 3579 eihs
1968 3526 2069 3581 lta<

1171 3582 1280 3624 lien.
1312 3580 1448 3623 Retse
1495 3599 1538 3639 p.
1572 3584 1665 3633 45.)
1721 3591 1765 3625 et
1813 3581 1888 3640 qui
1930 3582 2065 3628 habet

1164 3639 1501 3696 ’Λσκίπυρπον.
1536 3664 1588 3675 --
1650 3638 1746 3687 MS.
1771 3637 1914 3685 Vatic.
1936 3641 2064 3687 2964.
2107 3649 2111 3654 '
