2150 4022
469 292 489 305 -
594 257 1118 333 mii-Locus,

1206 276 1254 332 C
1269 272 1323 331 A
1337 275 1400 335 P.
1442 279 1501 337 δ.
1854 234 1972 334 2¹31

218 474 221 477 Α
301 401 472 460 Adeo
511 414 566 458 te
606 402 936 475 tragoediae
963 402 1105 458 istae
1131 423 1252 457 non
1281 404 1526 473 satiant,
1574 404 1770 479 inquit
1797 402 1977 477 Aper,

121 510 240 565 quo
268 488 471 545 minus
502 488 734 543 omissis
761 487 1098 544 orationum
1127 499 1182 543 et
1214 507 1520 545 causarum
1556 488 1765 545 studiis
1798 509 1974 544 omne

119 586 352 648 tempus
385 575 564 629 modo
594 571 747 627 circa
771 570 1078 639 Medeam,
1133 591 1261 627 ecce
1290 591 1450 628 nunc
1477 574 1627 630 circa
1655 569 1972 650 Thyestem

118 658 473 716 consumas?
529 676 713 733 quum
751 668 808 714 te
842 668 929 714 tot
955 657 1279 713 amicorum
1308 677 1541 726 causae,
1595 669 1680 715 tot
1712 658 1975 714 colonia-

119 764 251 800 rum
289 755 345 799 et
381 741 843 816 municipiorum
881 742 1183 799 clientelae
1220 741 1285 795 in
1320 742 1516 798 sorum
1557 754 1792 812 vocent,
1837 743 1970 819 qui—

119 831 227 885 bus
270 828 367 884 vix
407 829 731 896 sufficere5‚
789 827 1018 884 etiamsi
1060 848 1184 883 non
1224 847 1445 882 novum
1484 827 1595 883 tibi
1630 829 1751 902 ipse
1792 847 1971 903 nego-

119 1016 325 1060 Oberlin.
358 1015 621 1073 probarunt.
678 1029 826 1071 neque
871 1013 1007 1056 infre-

117 1090 256 1116 ‹uens
293 1083 358 1116 est
385 1071 422 1114 is
457 1071 586 1114 liuius
620 1071 742 1113 verbi
784 1087 912 1120 usus,
961 1078 1011 1113 ut

117 1093 260 1174 'l'acit.
287 1134 378 1174 An.
409 1129 474 1179 13,
496 1130 568 1171 25.
601 1132 844 1171 demovere
861 1143 1011 1183 praev

104 1191 297 1246 sectura
318 1187 605 1237 destinaret;
636 1186 798 1242 Quint.
813 1185 921 1229 Inst.
939 1202 1007 1228 or.

121 1248 158 1296 5,
185 1248 223 1300 1,
246 1247 287 1289 3.
313 1249 501 1287 tradere
527 1247 846 1293 destmamus;
886 1242 1007 1286 Ptin.

119 1304 260 1361 Epist.
290 1306 326 1354 1,
349 1303 389 1344 5.
411 1303 454 1345 9.
478 1302 736 1343 destinasse
759 1299 1008 1342 Corellium

121 1362 266 1413 mori;
306 1362 347 1408 3,
369 1359 410 1409 5,
434 1361 504 1402 ΞΟ.
539 1359 740 1400 scribere
772 1360 1009 1399 destinas-

118 1434 246 1469 sem;
292 1416 336 1472 3,
364 1417 406 1471 6,
441 1417 485 1459 6.
523 1418 705 1459 destino
740 1416 862 1456 enim
898 1445 910 1457 .
931 1445 942 1457 .
965 1447 974 1459 .
997 1447 1006 1456 .

119 1489 373 1518 excurrere
386 1490 402 1525 ;
432 1474 473 1528 5,
494 1474 560 1521 19,
579 1474 621 1514 7.
649 1473 888 1514 destinavi
904 1487 1009 1515 eum

120 1535 306 1576 mittere
321 1549 335 1583 ,·
377 1533 419 1586 9,
445 1533 513 1575 26.
549 1531 729 1573 destino
758 1560 769 1571 .
798 1560 809 1571 .
836 1561 845 1571 .
871 1559 881 1571 .
903 1544 1010 1584 pro-

123 1592 317 1634 vinciam
336 1597 510 1644 petere.
572 1587 661 1629 Sed
686 1587 941 1643 acquiescas
964 1587 1010 1634 in

122 1647 290 1705 vulgata
306 1679 317 1700 ,
352 1646 601 1689 dummodo
621 1645 799 1687 abiicias
823 1642 1011 1687 tautolo-

122 1706 215 1762 giae
246 1703 574 1761 suspicionem.
623 1717 727 1744 nam
765 1707 1012 1742 maturare

122 1771 187 1805 est
224 1762 280 1804 ad
314 1760 638 1819 perseciionem
675 1767 749 1801 aut
782 1759 840 1801 ad
874 1757 1013 1800 finem

122 1819 385 1878 perducere.
448 1819 695 1861 festinare
730 1831 836 1859 cum
862 1814 1012 1858 infini-

120 1878 208 1919 tivo
248 1877 457 1918 iunctum
499 1874 679 1931 repperi
726 1871 844 1931 apud
890 1871 1011 1914 Plin.

119 1933 260 1992 Epist.
287 1935 354 1988 10,
376 1934 413 1983 1,
431 1936 469 1979 1,
489 1947 500 1975 ε
532 1934 600 1974 aii
626 1931 918 1972 immortales
927 1929 1011 1984 fe-

118 1993 414 2034 stinaverunt
453 1991 649 2031 virtutes
684 1996 793 2030 tuas
826 1990 891 2029 ad
924 2001 1011 2040 gu·

119 2050 374 2092 bernaeula
395 2047 467 2089 rei
478 2047 714 2100 publicae,
749 2059 895 2100 quam
914 2058 1015 2086 sus·

119 2120 310 2160 ceperas
331 2138 344 2160 ,
425 2108 678 2146 admovere
699 2134 712 2158 ,
797 2109 841 2143 et
896 2101 1014 2158 apud

122 2163 286 2218 Quint.
323 2162 436 2206 Inst.
477 2178 545 2204 or.
579 2161 621 2211 9,
650 2161 693 2214 4,
731 2157 829 2202 146.
863 2160 1016 2216 finem

122 2223 387 2275 imponere.
403 2249 439 2263 ..
455 2219 670 2275 .]”εείιἠο.
710 2215 1009 2260 Cf.Oudend.

121 2279 176 2322 ad
200 2277 376 2336 Apulei.
407 2276 596 2318 Metam.
617 2273 740 2318 Vlll.
771 2290 815 2332 p.
841 2275 939 2317 558.
970 2281 1014 2315 et

121 2335 392 2379 Ranishorn.
441 2348 510 2389 gr.
553 2348 599 2389 p.
634 2331 736 2374 706.
787 2330 1011 2375 Boettich.

122 2394 222 2436 Lex.
244 2391 352 2435 Tac.
372 2389 552 2446 Proleg.
576 2404 622 2446 p.
645 2388 819 2431 LXLII.

177 2450 392 2492 dimissa.
454 2447 537 2488 Ed.
563 2446 680 2487 lunt.
700 2447 924 2490 demissa.

166 2507 377 2554 omissis.
433 2503 569 2547 MSS.
592 2502 732 2560 Neap.
769 2505 833 2554 [et
855 2502 1016 2554 Farn.]

125 2565 353 2608 obmissis.

178 2634 433 2665 causarum
470 2618 650 2661 studiis.
718 2616 850 2660 Hanc
878 2614 1015 2673 Lipsii

123 2678 432 2724 coniecturam
483 2676 632 2719 firmat
679 2675 783 2718 MS.
826 2671 1014 2730 Neapol.

125 2740 259 2788 [cum
329 2736 512 2778 Farnes.
591 2733 710 2792 apud
774 2729 1018 2782 Bekker.];

124 2794 264 2837 multa
307 2799 422 2835 sunt
457 2799 707 2850 praeterea,
763 2805 876 2846 quae
917 2803 1015 2831 eam

124 2850 458 2894 commendent.
518 2849 644 2906 Apro
674 2846 914 2891 consilium
950 2853 1016 2887 est

124 2907 384 2950 Maternum
404 2921 428 2948 a
449 2904 664 2964 poematis
686 2902 1013 2961 componendis

126 2964 364 3008 revocandi
398 2964 452 3006 ad
489 2962 769 3021 eloquentiae
806 2963 1013 3016 (oratio-

125 3026 264 3074 num)
297 3020 465 3068 studia,
509 3029 559 3062 ut
580 3023 639 3062 ita
661 3020 814 3063 causis
839 3019 883 3060 in
907 3016 1014 3063 foro

127 3076 312 3136 agendis
343 3075 540 3121 aliorum
571 3075 736 3120 civium
767 3074 1014 3119 commodo

127 3134 350 3180 inservire
388 3134 545 3192 possit.
618 3133 679 3178 cf.
712 3131 830 3177 infra
867 3148 906 3175 c.
945 3133 1012 3174 10.

126 3194 188 3236 sic
209 3205 332 3234 nune
351 3200 395 3233 te
425 3193 486 3233 ab
515 3189 766 3234 auditoriis
798 3197 841 3232 et
875 3191 1008 3232 thea-

129 3249 296 3292 tnsin
318 3248 491 3305 forum
523 3257 568 3295 ec
598 3252 858 3295 adwausas
880 3254 925 3289 et
951 3250 1017 3292 ad

129 3321 247 3350 vera
258 3306 444 3362 prael-ia
467 3320 617 3350 vocae
655 3304 918 3350 Causarum
940 3320 1015 3346 re-

132 3370 313 3420 ceptum
335 3371 400 3407 est
421 3379 447 3406 a
466 3362 593 3407 Pich.
616 3362 886 3420 Bernegger.
901 3360 1017 3404 Gro-

132 3434 240 3467 nov.
294 3419 550 3465 Heumann.
609 3420 786 3462 Broter.
840 3419 1016 3462 Ernest.

135 3474 293 3521 Oberl.
316 3477 495 3522 Schulz.
519 3476 713 3520 seebod.
739 3475 831 3531 (ed.
859 3476 954 3528 alt.)
979 3483 1021 3517 et

135 3531 430 3598 Ι..Βε1ι1ιετο.
477 3558 534 3568 —-·
584 3533 720 3583 ,Edd.
754 3531 872 3591 Spir.
911 3533 1019 3576 Put.

135 3588 241 3637 Bw·
262 3589 469 3638 Beroald·
493 3593 608 3638 lunt.
631 3591 731 3636 Ale.
755 3591 900 3639 Rhen.
919 3589 1019 3635 Ald-

1085 1014 1293 1057 exhibent
1318 1027 1545 1055 curarum
1573 1017 1721 1065 stud„
1760 1016 1879 1069 quod
1907 1024 1972 1058 te-

1082 1080 1281 1115 nuerunt
1314 1070 1488 1113 Pithoe.
1521 1070 1863 1114 Schurzsseiseh.
1894 1075 1971 1115 lti-

1082 1138 1207 1187 pont.
1220 1128 1410 1171 Seebod.
1427 1128 1588 1183 (1813.)
1604 1128 1782 1172 Dronk.
1799 1128 1972 1174 Osann.

1082 1186 1228 1230 Orell.
1247 1188 1308 1240 [et
1321 1185 1481 1242 Rup.].
1514 1187 1664 1228 (laras
1688 1195 1782 1228 tum
1809 1186 1971 1229 iutelli-

1081 1252 1190 1302 gunt
1207 1243 1277 1285 alii
1290 1242 1557 1300 scriptiones
1569 1244 1832 1294 severiores,
1843 1246 1972 1300 nugis

1082 1300 1267 1359 poeticis
1292 1300 1544 1357 oppositas,
1575 1301 1798 1359 imprimis
1826 1302 1970 1358 sophi-

1081 1368 1250 1401 starum
1295 1359 1514 1414 μελέτας;
1567 1365 1609 1400 at
1647 1374 1755 1401 vero
1791 1373 1884 1402 non
1919 1358 1972 1401 ad

1081 1413 1388 1460 ἐπιδεικτικὸν
1421 1417 1555 1471 γένος
1589 1415 1869 1471 eloquentiae
1896 1432 1974 1458 ex-

1083 1475 1220 1517 citare
1242 1471 1492 1529 vultAper,
1524 1474 1599 1516 sed
1624 1474 1679 1515 ad
1705 1470 1972 1526 d‘ezamxo'm

1082 1531 1181 1581 alii,
1224 1538 1274 1572 ut
1298 1528 1470 1572 Osann.
1504 1539 1546 1572 et
1574 1520 1846 1573 Boeuiclier.
1871 1531 1972 1577 Lex.

1082 1587 1223 1631 Tacit.
1243 1603 1288 1644 p.
1305 1587 1414 1637 137„
1440 1587 1493 1628 de
1513 1585 1732 1630 clientelis
1749 1587 1975 1644 aec³piunt

1083 1654 1234 1702 postea
1261 1644 1523 1687 memoratis
1550 1652 1592 1686 et
1619 1642 1767 1687 omnis
1831 1646 1979 1688 eneris

1085 1701 1345 1745 muneribus
1391 1700 1464 1746 vel
1508 1700 1736 1744 laboribus
1783 1661 1977 1750 affiorum

1086 1759 1330 1802 commodo
1383 1757 1693 1815 suscipiendi&
1782 1758 1877 1802 Sed·
1923 1775 1976 1802 eo

1086 1816 1337 1873 significatu
1360 1815 1459 1872 quis
1481 1815 1587 1858 dixit
1613 1831 1810 1874 unquam
1836 1830 1978 1860 eura-

1084 1890 1193 1918 rum
1237 1872 1430 1917 studia?
1498 1871 1717 1915 Codicum
1759 1876 1976 1933 scriptura

1083 1939 1262 1988 recepta
1283 1930 1514 1972 adiuvatur
1538 1945 1810 1987 magnopere
1835 1946 1974 1978 enun-

1082 1989 1179 2033 tiati
1215 1988 1521 2045 perspicuitas.
1579 1987 1787 2030 lnutilem
1824 1986 1860 2030 Ι.
1893 1987 1971 2030 Fr.

1087 2044 1308 2088 Gronovii
1339 2044 1670 2093 correctionem
1694 2059 1856 2088 rerum
1879 2059 1975 2087 non

1086 2112 1152 2147 est
1174 2102 1296 2160 quod
1321 2101 1541 2145 refellam.

1146 2202 1244 2230 ecce
1265 2201 1385 2229 nunc
1409 2185 1531 2228 cirea
1555 2185 1820 2241 Thyestem.
1879 2184 1972 2232 Lu-

1082 2244 1188 2289 sisse
1211 2243 1732 2310 videtu1·§chulti11gius,
1764 2259 1869 2289 cum
1892 2258 1974 2299 pro

1086 2317 1184 2346 eece
1222 2317 1341 2344 nunc
1384 2317 1509 2344 clrca
1550 2309 1798 2344 coniiceret
1838 2314 1976 2345 exce-

1086 2369 1240 2408 tram,
1278 2359 1402 2417 quod
1426 2357 1681 2402 convicium
1708 2357 1752 2399 in
1784 2356 1976 2402 feminas

1086 2416 1280 2459 nefarias
1310 2425 1353 2458 et
1378 2414 1625 2464 maleficas,
1666 2429 1687 2455 a
1713 2413 1874 2457 Plauto
1898 2412 1977 2459 Li-

1087 2474 1253 2530 vioque
1275 2481 1550 2530 usurpatum,
1580 2473 1632 2513 ad
1648 2470 1853 2514 Medeam
1873 2469 1979 2514 vult

1084 2529 1261 2576 referri.
1321 2523 1567 2585 Thyestem
1590 2528 1849 2586 scripsimus
1874 2543 1977 2572 cum

1086 2586 1280 2644 antiquis
1306 2586 1432 2638 edd„
1471 2587 1517 2633 in
1552 2585 1715 2643 quibus
1743 2585 1976 2628 Uziestem

1087 2660 1342 2702 expressum
1367 2652 1431 2686 est
1453 2641 1596 2701 typis;
1616 2658 1663 2685 ea
1684 2643 1804 2686 enim
1826 2642 1976 2690 forma

1086 2702 1294 2746 usitatior
1313 2710 1392 2751 est,
1415 2709 1463 2743 ut
1477 2703 1564 2743 An.
1576 2701 1616 2750 2,
1627 2701 1668 2741 4.
1683 2701 1975 2746 Ariobarza-

1085 2774 1222 2815 nem,
1275 2760 1342 2809 11,
1379 2761 1446 2801 10.
1481 2757 1734 2813 Erindem‚
1780 2757 1976 2801 Sindem

1085 2818 1126 2865 6,
1159 2815 1230 2861 33.
1268 2816 1676 2871 Pharasmanem,
1726 2815 1786 2859 ih.
1827 2830 1866 2861 c.
1900 2813 1972 2859 34.

1090 2875 1316 2921 Orodem,
1351 2873 1416 2923 12,
1439 2873 1508 2915 12.
1527 2870 1847 2917 Meherdatem
1873 2879 1976 2922 cet„

1088 2930 1182 2975 Cic.
1205 2939 1294 2974 nat.
1322 2931 1451 2974 deor.
1473 2929 1516 2978 2,
1540 2929 1584 2979 2,
1604 2930 1647 2972 6.
1669 2929 1873 2972 Persem.

1144 3017 1288 3059 quum
1319 3009 1364 3043 te
1395 3008 1462 3043 tot
1493 3001 1754 3043 amicorum
1789 3014 1977 3045 causae.

1085 3061 1207 3103 Haec
1228 3059 1448 3120 scriptura
1471 3057 1659 3103 debetur
1672 3058 1775 3101 MS.
1789 3056 1978 3115 Neapol-

1089 3117 1237 3178 [cuius
1264 3115 1526 3161 testimonio
1550 3115 1815 3171 suffragatur
1839 3114 1978 3158 Farn.

1087 3174 1216 3225 cod„
1255 3189 1305 3216 ex
1332 3188 1423 3231 quo
1455 3187 1711 3239 pronomen
1743 3179 1788 3214 te
1810 3172 1863 3214 ab
1890 3171 1974 3213 lm.

1088 3230 1224 3275 Bekk.
1245 3239 1286 3273 et
1303 3229 1445 3281 Boett.
1460 3245 1508 3273 m
1526 3237 1643 3274 textu
1664 3228 1856 3286 positum
1876 3229 1978 3283 est]‚

1088 3288 1136 3334 in
1154 3286 1362 3330 omnibus
1385 3296 1535 3337 autem
1553 3285 1680 3336 libris
1699 3294 1741 3327 te
1757 3285 1988 3328 omissum*

1091 3353 1178 3396 est,
1216 3361 1304 3388 una
1338 3352 1516 3403 excepta
1548 3343 1740 3387 See-bod.
1781 3342 1849 3385 ed.
1887 3341 1976 3393 alt„

1090 3403 1138 3445 in
1153 3418 1239 3460 qua
1255 3400 1569 3463 interpositum
1596 3408 1662 3448 est
1684 3399 1730 3442 id
1754 3416 1801 3442 ex
1825 3398 1974 3447 conie-

1092 3468 1236 3506 ctum.

1180 3530 1432 3589 sufficeres.
1529 3529 1763 3581 Latinitate
1822 3537 1978 3589 postu-

1097 3587 1215 3634 lame
1257 3587 1534 3638 exhibuimus
1575 3587 1687 3633 hanc
1729 3586 1980 3635 editionum
