2150 4022
562 219 1085 285 DIALOGUS.
1171 225 1365 288 CAP.
1408 229 1506 287 38.
1827 232 1948 291 381

109 353 503 430 eloquentiae,
546 351 627 417 ita
651 363 849 408 tamen
873 364 940 410 ut
965 354 1165 410 omnia
1193 354 1257 410 in
1281 357 1446 426 foro,
1486 356 1685 414 omnia
1705 356 1951 437 legibuS,

109 439 309 497 omnia
354 439 511 512 apud
555 449 852 511 praetores
894 449 1263 510 gererentur3
1334 443 1490 515 apud
1537 461 1683 518 quos
1705 515 1707 518 Ι
1726 455 1948 518 quanto

106 525 329 594 maiora
353 523 584 595 negotia
611 522 751 578 olim
784 525 1037 579 exerceri
1064 524 1233 580 solita
1263 524 1411 594 sint,
1456 528 1615 601 quod
1642 527 1826 584 maius
1853 549 1950 584 ar-

100 619 447 682 gumentum
476 619 587 676 est,
641 628 815 682 quam
845 611 1003 684 quod
1031 628 1231 665 causae
1269 612 1747 680 centumviraleS,
1800 605 1947 688 quae

102 714 262 751 nunc
291 693 548 768 primum
581 692 853 749 obtinent
879 695 1108 762 locum,
1159 695 1302 748 adeo
1345 696 1655 769 splendore
1693 697 1946 764 aliorum

100 779 458 837 iudiciorum
484 778 918 847 obruebantur,
962 788 1027 834 ut
1051 798 1241 854 neque
1258 776 1558 835 Ciceronis
1584 801 1773 858 neque
1796 780 1945 840 Cae-

100 865 245 922 saris
275 883 466 939 neque
491 861 665 918 Bruti
701 882 892 939 neque
919 861 1109 919 Coelii
1144 883 1334 939 neque
1361 862 1558 933 Calvi,
1607 887 1736 944 ⁴'non
1773 862 1944 927 deni-¹

95 970 212 1027 que
242 949 423 1006 ullius
452 947 650 1020 magni
679 948 928 1004 oratoris
956 948 1110 1004 liber
1136 951 1294 1022 apud
1320 951 1721 1006 centumviros
1751 952 1942 1018 dictus

96 1037 354 1108 legatur,
398 1033 646 1107 exceptis
672 1033 1039 1089 orationibus
1055 1029 1281 1101 Asinii,
1315 1054 1463 1109 quae
1489 1055 1596 1109 pro
1624 1031 1941 1093 heredibus

97 1119 384 1180 Urbiniae
418 1118 854 1187 inscribuntur,
911 1118 982 1174 ab
1023 1118 1147 1192 ipso
1189 1129 1386 1174 tamen
1421 1117 1694 1176 Pollione
1730 1122 1939 1178 mediis

95 1206 220 1262 divi
244 1201 496 1278 Augusti
527 1203 889 1278 temporibus
915 1199 1177 1271 habitae,
1231 1215 1537 1280 postquam
1576 1205 1750 1278 longa
1785 1217 1939 1270 ⁴tem-

93 1293 306 1367 porum
328 1288 490 1367 quies
516 1298 572 1344 et
598 1287 943 1344 continuum
971 1288 1177 1363 populi
1202 1288 1386 1345 otium
1416 1300 1471 1344 et
1497 1289 1738 1346 adsidua
1767 1309 1938 1348 sena-

91 1388 189 1434 tus
231 1373 626 1450 tranquillitas
669 1383 726 1428 et
768 1373 1007 1428 maximi
1052 1373 1336 1448 principis
1384 1373 1695 1449 disciplina
1747 1376 1935 1452 ipsam

92 1481 324 1538 quoque
353 1458 778 1535 eloquentiam,
818 1458 967 1514 sicut
989 1458 1188 1515 omnia
1210 1459 1353 1528 alia,
1398 1473 1742 1544 pacaverat.
1806 1544 1811 1557 ,

1045 1649 1180 1692 Farn.
1210 1648 1380 1705 (Lipsio
1406 1654 1531 1701 teste)
1555 1658 1691 1694 exstat
1717 1635 1930 1708 Uraniae,

1045 1707 1090 1747 in
1134 1706 1234 1749 MS.
1278 1707 1412 1763 Neap.
1457 1711 1640 1758 urinae,
1696 1705 1931 1766 [quodin

1043 1763 1176 1805 Farn.
1212 1779 1392 1822 quoque
1430 1766 1531 1808 cod.
1569 1765 1710 1809 inesse
1742 1764 1932 1811 Bekker.

659 1646 753 1690 Cfr.
794 1647 970 1691 Ernest.

89 1649 197 1692 dum
239 1647 582 1691 concedebatur.

89 1702 216 1750 Clav'.
249 1705 342 1749 Cic.
381 1721 422 1761 p.
456 1703 525 1747 33.
568 1712 608 1746 et
644 1704 779 1748 Baeh.
816 1705 973 1748 histor.

86 1763 330 1821 iurisprud.
355 1762 487 1805 Rom.
505 1762 611 1809 ΙΙ,2.
645 1767 672 1816 §
696 1763 767 1806 87.
791 1771 832 1805 et
858 1778 970 1819 quae

85 1822 267 1867 Tacitus
289 1820 487 1864 narravit
510 1820 599 1862 An.
624 1820 664 1870 3,
689 1820 762 1863 28.

142 1906 326 1958 legibus.
370 1902 482 1946 Edd.
504 1901 712 1959 antiquae
735 1911 776 1945 et
800 1918 972 1951 omnes,

83 1979 194 2021 quae
216 1971 315 2011 ante
331 1960 580 2002 Ernesliuin
604 1958 879 2018 prodierunt,
904 1976 970 2001 ex·

81 2022 232 2065 hibent
254 2020 302 2071 in
325 2019 526 2070 legibus,
571 2017 647 2059 sed
671 2018 968 2074 praepositio-

80 2094 213 2132 nem,
245 2091 375 2132 quam
402 2072 631 2116 Acidalius
658 2075 770 2121 iam,
800 2073 964 2117 Schul-

79 2137 188 2188 ting.
223 2141 266 2175 et
297 2131 548 2174 Heumann.
581 2130 817 2174 delendam
851 2148 961 2174 een-

77 2199 286 2241 suerunt,
330 2189 541 2231 omittunt
577 2188 714 2230 MSS.
745 2188 882 2245 Neap.
920 2197 964 2232 et

76 2249 278 2298 Venice,
325 2260 520 2302 quorum
564 2245 818 2288 auctoritati
859 2245 961 2289 edd.

77 2313 266 2351 recenti.
327 2310 429 2360 post
484 2300 662 2343 Ernest.
725 2303 962 2359 obsequuti

78 2372 197 2408 sunt.
281 2360 357 2402 Ex
404 2359 574 2412 legibus
622 2366 665 2401 et
708 2358 908 2402 Schultin
948 2390 959 2401 .

75 2420 283 2481 probaret
311 2426 352 2460 et
375 2416 626 2458 Ernestius.
668 2440 722 2448 —
786 2375 958 2458 Deimie

74 2482 119 2522 in
144 2475 325 2520 Riviana
349 2474 416 2517 ed.
441 2470 661 2528 gerentiu-
683 2482 747 2516 est
769 2489 850 2531 pro
873 2488 956 2526 ge-

74 2542 308 2580 rerentur.

126 2620 266 2662 solita
285 2618 394 2659 sint.
439 2616 514 2659 Sic
526 2614 794 2671 MS.Neap.‚
824 2616 956 2657 adeo-

72 2692 159 2735 que
198 2676 516 2719 confirmatum
556 2681 620 2716 est
657 2671 784 2722 satis,
833 2672 955 2728 quod

70 2734 244 2779 A'cidal.
278 2733 534 2787 coniectura
566 2730 836 2786 adsequulus
875 2739 955 2778 est,

71 2793 279 2851 quodque
321 2797 420 2847 post
459 2788 712 2830 Heumann.
753 2786 953 2851 plerique

66 2857 369 2908 receperunt.=
438 2844 647 2887 Veterem
712 2843 950 2886 lectionem

67 2908 206 2950 solita
232 2913 347 2948 sunt-
365 2903 551 2945 Seebod.
576 2901 645 2944 ed.
670 2902 742 2944 alt.
772 2899 949 2946 Dronli.

66 2964 238 3018 Osann.
267 2963 328 3016 [et
353 2960 555 3017 Rupert.]
582 2966 869 3002 revocarunt.

124 3049 341 3101 [aliorum
395 3043 681 3084 iudiciorum.
770 3042 944 3100 Meyer.

65 3115 175 3150 orat.
206 3103 338 3145 Rom.
374 3099 531 3158 fragm.
567 3114 612 3156 p.
634 3099 731 3144 214.
762 3102 946 3142 illorum

65 3159 344 3211 emendavit,
384 3173 447 3200 se.
477 3171 586 3213 quae
615 3158 731 3214 apud
761 3166 943 3215 praeto-

63 3236 131 3264 res
155 3219 346 3266 fiebant3
379 3216 526 3265 bene.]

118 3323 318 3373 legatur.
380 3314 461 3357 Ed.
488 3313 603 3371 Spir.
631 3316 806 3367 legant.

113 3434 200 3473 pro
222 3419 460 3460 heredibus
477 3414 709 3456 Urbiniae.
761 3414 940 3457 Primus

59 3477 124 3522 sic
171 3474 421 3519 emendavit
464 3472 667 3528 Lipsius,
741 3488 938 3530 quocum

1042 1829 1255 1868 testatur,
1300 1830 1341 1862 et
1375 1821 1553 1878 quidem
1594 1823 1784 1877 verius];
1829 1823 1931 1875 edd.

1043 1878 1156 1935 Spir,
1179 1878 1282 1920 Put.
1310 1878 1410 1921 Ber.
1438 1879 1539 1922 Ale.
1561 1879 1703 1923 Rhen.
1729 1879 1837 1924 Ald.
1857 1881 1928 1923 ha·

1044 1936 1150 1976 bent
1186 1936 1401 1985 Irom'ae;
1447 1937 1518 1980 ed.
1552 1936 1654 1980 Riv.
1689 1940 1926 1983 hermiae.
1965 1976 1967 1978 ,

1041 1992 1162 2034 Alias
1189 2007 1367 2049 quoque
1398 1992 1440 2036 id
1472 2008 1636 2037 nomen
1661 2003 1927 2052 corruptum

1039 2058 1126 2098 est,
1182 2058 1229 2091 ut
1271 2049 1391 2107 apud
1436 2050 1606 2095 Charis.
1657 2067 1699 2108 p.
1739 2052 1809 2095 59.
1852 2053 1923 2096 ed.

1038 2106 1246 2154 Putsch.‚
1299 2123 1388 2165 quo
1428 2107 1528 2149 loco
1562 2109 1783 2153 nondam.
1820 2110 1923 2155 Var.

1034 2165 1158 2207 Lect.
1185 2180 1225 2221 p.
1238 2164 1309 2207 22.
1337 2173 1378 2206 et
1400 2164 1546 2207 Faber
1565 2167 1620 2209 ad
1643 2166 1801 2221 Senec.
1818 2167 1924 2222 Exc-

1035 2221 1256 2265 Controv.
1281 2238 1322 2278 p.
1345 2222 1446 2263 449.
1466 2223 1916 2274 provz'nciaevlzeffed.

1034 2277 1079 2318 in
1135 2278 1358 2320 Urbiniae
1407 2281 1563 2322 her-ed.
1615 2288 1918 2333 mutaverunt.

1032 2334 1103 2375 De
1134 2333 1210 2377 lite
1232 2335 1500 2391 Quintilian.
1523 2337 1629 2378 dixit
1655 2337 1760 2381 lnst.
1787 2354 1853 2382 or.
1878 2339 1919 2392 7,

1031 2391 1072 2438 2,
1105 2391 1148 2432 4.
1188 2393 1228 2434 5.
1276 2408 1458 2449 eamque
1504 2394 1685 2438 uberius
1727 2398 1920 2441 narravit

1031 2448 1258 2505 Spalding.
1283 2450 1335 2490 ad
1361 2449 1519 2505 Quint.
1542 2451 1585 2499 4,
1609 2454 1649 2500 1,
1675 2455 1740 2496 ll.
1803 2452 1913 2497 Clu·

1029 2506 1167 2547 sinius
1203 2507 1386 2563 Figulus
1420 2506 1636 2550 Urbiniae
1679 2509 1912 2555 cuiusdam

1027 2561 1314 2605 hereditatem
1377 2565 1458 2606 sibi
1528 2565 1783 2611 vindicabat
1846 2584 1916 2621 eo,
1956 2607 1958 2609 ,

1029 2619 1149 2675 quod
1199 2628 1402 2663 mortuae
1451 2636 1496 2662 se
1539 2621 1689 2666 *filium
1737 2624 1914 2670 dicebat

1026 2691 1141 2724 esse,
1197 2692 1302 2719 eum
1346 2678 1529 2720 heredes
1569 2696 1684 2722 euin
1718 2680 1915 2734 servum,

1026 2732 1304 2790 Sosipatrum
1337 2735 1546 2784 nomine,
1589 2753 1682 2780 esse
1713 2749 1910 2783 conten-

1025 2791 1195 2832 derent.
1248 2818 1306 2827 --
1373 2791 1514 2834 Paulo
1558 2802 1658 2851 post
1689 2797 1757 2839 ed.
1790 2797 1909 2856 Spir.

1023 2849 1339 2890 inscribantur»
1362 2848 1492 2892 habet
1525 2866 1607 2908 pro
1643 2852 1907 2898 inscribun-

1021 2912 1112 2947 tur.
1250 2928 1251 2931 ¹
1336 2927 1339 2930 ’
1386 2914 1388 2917 ’
1428 2924 1431 2930 ¹
1822 2949 1825 2953 <

1077 2964 1216 3015 longa
1251 2969 1284 3003 t.
1321 2964 1451 3017 quies
1483 2973 1528 3006 et
1560 2967 1827 3010 continuum
1853 2985 1906 3024 ρ.

1019 3021 1178 3060 otium.
1240 3018 1356 3062 Edd.
1380 3019 1483 3064 Put.
1507 3031 1552 3065 et
1575 3021 1674 3067 Riv.
1701 3042 1731 3066 a
1752 3027 1902 3068 conei-

1017 3091 1163 3117 nuum
1185 3075 1414 3128 exhibent,
1444 3093 1494 3121 ex
1519 3094 1608 3136 quo
1632 3097 1687 3124 ac
1706 3084 1905 3127 scriben-

1020 3133 1127 3175 dum
1156 3149 1248 3175 esse
1275 3134 1568 3188 coniicerem,
1612 3139 1645 3179 si
1668 3138 1752 3181 alia
1774 3141 1901 3182 testi—

1017 3189 1182 3232 moniav
1246 3192 1528 3236 accederent.
1637 3197 1900 3254 Synonyma

1014 3246 1148 3295 haee,
1199 3246 1252 3289 de
1289 3249 1450 3305 quibus
1491 3250 1572 3293 cfr.
1609 3250 1899 3298 Doederlein.

1013 3304 1105 3346 Lat.
1138 3303 1249 3360 Syn,
1284 3314 1324 3346 et
1355 3305 1504 3363 Elym‘.
1541 3306 1644 3352 Vol.
1673 3308 1704 3350 l.
1736 3326 1779 3367 p.
1813 3310 1897 3360 79.,

1011 3361 1254 3404 coniuncta
1288 3371 1390 3404 sunt
1421 3363 1574 3419 Agric.
1604 3380 1644 3408 c.
1673 3367 1714 3409 6.
1748 3371 1896 3422 quiete

1010 3426 1053 3458 ec
1077 3421 1192 3468 otz'o,
1217 3433 1260 3460 e.
1285 3419 1356 3462 21.
1382 3422 1521 3475 quieti
1542 3429 1587 3462 et
1607 3426 1700 3464 otio
1716 3456 1726 3473 ,
1760 3439 1798 3467 c.
1820 3426 1891 3470 42.

1010 3475 1211 3528 qm'etem
1236 3484 1278 3517 et
1303 3481 1470 3528 otium,
1503 3494 1542 3521 c.
1567 3478 1638 3521 40.
1665 3483 1892 3537 tranquil-

58 3549 215 3578 omnes
237 3531 509 3590 posteriores
539 3527 730 3582 faciun13
765 3530 811 3571 in
837 3529 936 3572 MS.
1006 3533 1188 3572 litatem
1216 3539 1260 3574 et
1283 3534 1459 3585 otium3
1488 3536 1542 3578 ‹le
1566 3535 1725 3582 Germ,
1755 3553 1794 3582 c,
1820 3540 1891 3582 14,
