2150 4022
480 315 1060 380 nimiocus
1150 315 1491 407 CAP228.

75 450 248 509 rendi
281 449 347 506 in
388 449 685 518 medium,
750 468 902 525 quae
943 466 1149 504 omnes
1187 447 1491 509 sentimus,

1808 322 1932 378 339

1583 450 1722 526 ,quis
1762 453 1922 510 enim

75 537 336 611 ignorat,
382 546 437 591 et
461 534 856 611 eloquentiam
886 544 943 589 et
968 543 1183 589 ceteras
1209 545 1360 589 artes
1385 534 1692 592 descivisse
1718 538 1791 594 ab
1816 539 1918 599 illa

74 633 268 688 vetere
297 620 483 693 gloria
511 639 636 674 non
669 618 870 693 inopia
907 614 1252 686 hominum,
1310 619 1411 674 sed
1450 620 1671 676 desidia
1706 621 1917 679 iuven-

73 707 215 764 tutis
256 717 314 762 et
361 703 714 777 negligentia
753 714 1062 779 parentum
1108 713 1164 758 et
1206 702 1514 760 inscientia
1556 707 1918 782 praecipien-

72 792 223 866 tium
259 801 316 847 et
355 789 658 846 oblivione
694 789 877 846 moris
917 786 1189 864 antiqui?
1255 809 1404 864 quae
1455 790 1606 846 mala
1656 793 1914 865 primum

70 877 136 932 in
177 876 324 942 urbe
365 885 535 944 nata,
601 895 737 930 mox
777 894 883 948 per
922 871 1154 930 Italiam
1193 872 1350 940 fusa,
1413 873 1529 929 iam
1567 875 1633 930 in
1669 880 1915 951 provin..

71 962 187 1019 cias
236 971 480 1018 manant
504 982 516 1016 :

69 1173 156 1219 Sed
188 1172 358 1218 recedit
390 1174 433 1217 id
466 1172 520 1215 ab
553 1172 686 1216 codd.
719 1173 956 1230 scriptura,

69 1233 169 1282 cui,
209 1233 245 1275 si
270 1232 451 1288 quidem
478 1238 761 1288 reputamus,
802 1232 901 1272 iam
933 1244 955 1271 a

69 1288 264 1333 librariis
297 1297 513 1346 corrupto
546 1289 669 1329 enim
705 1286 955 1344 suprascri-

66 1357 194 1404 ptum
227 1362 280 1390 ac
311 1346 471 1388 deinde
504 1345 550 1387 in
574 1345 818 1387 verborum
842 1360 954 1387 con-

66 1414 235 1448 textum
281 1402 547 1446 translatum
587 1401 750 1450 fuisse,
808 1402 955 1459 aptior

67 1470 132 1505 est
156 1460 288 1517 Lipsii
319 1459 571 1502 emendatio
607 1461 793 1501 etiamsi
824 1461 950 1513 mihi,

65 1534 198 1577 quam
213 1516 409 1560 Picbena
421 1549 435 1568 ,
463 1515 671 1559 Gronov.
687 1517 953 1574 Bernegger.

65 1585 110 1620 et
143 1575 449 1619 recentiorum
489 1572 690 1630 plerique
730 1575 952 1631 probave-

65 1642 191 1687 tunt.
250 1631 407 1690 Neque
436 1642 587 1674 tamen
617 1632 817 1674 contenti
851 1630 951 1673 fue-

66 1697 174 1734 runt
196 1689 402 1747 Rutgers.
421 1719 435 1737 ‚
475 1687 552 1746 qui
578 1697 738 1729 tamen
764 1690 855 1730 etsi
878 1705 953 1731 re-

64 1747 245 1791 stituere
271 1746 489 1794 malebat,
526 1744 700 1786 Seebod
736 1776 749 1793 ‚
789 1745 836 1786 in
866 1762 949 1788 cu-

66 1806 136 1848 ius
155 1803 353 1847 editione
371 1801 507 1845 altera
527 1804 698 1844 etenim
711 1803 829 1844 mihi
840 1818 950 1856 par-

63 1870 134 1905 tes
175 1868 260 1904 cet.
303 1860 518 1917 scriptum
564 1868 651 1910 est,
701 1868 744 1901 et
789 1859 950 1910 orell„

66 1917 142 1978 qui
169 1918 343 1960 etenim
370 1920 467 1960 iam
497 1918 663 1958 scilicet
696 1917 952 1975 suspicatur

65 1975 386 2033 corrigendum
409 1990 500 2017 esse
515 2005 526 2022 ,
551 1983 598 2016 ut
620 1989 737 2030 „per
757 1974 948 2017 ironiam

62 2043 276 2092 queratur
297 2030 500 2075 Messalla
526 2030 660 2073 tribui
688 2032 770 2074 sibi
801 2041 949 2089 partes

93 2089 320 2134 referendi
334 2089 486 2132 locum
500 2103 790 2131 communem
807 2090 951 2132 omni-

60 2105 145 2191 bus
171 2154 237 2190 sat
258 2144 478 2190 notum.'’

116 2231 362 2276 sentimus.
422 2227 534 2272 Edd.
564 2228 670 2273 Put'.
706 2229 809 2274 Riv.
840 2230 945 2273 Ber.

60 2289 161 2334 Alc.
186 2286 329 2330 Rhen.
354 2285 454 2330 Ald.
479 2285 594 2330 hanc
620 2302 779 2331 vocem
807 2289 944 2331 omit-

59 2354 190 2396 tunt,
247 2344 324 2386 sed
377 2350 443 2385 est
500 2359 549 2386 ea
601 2343 646 2385 in
699 2345 776 2387 ed.
822 2345 944 2402 Spir.

61 2402 263 2458 (setim9)
312 2408 356 2444 et
399 2398 517 2442 haud
565 2399 698 2443 dubie
746 2402 791 2444 in
841 2402 945 2446 cod.

61 2462 224 2510 Farn.,
264 2474 311 2501 ex
349 2472 439 2515 quo
471 2456 647 2515 Lipsius
682 2473 779 2500 eam
811 2459 945 2502 resti-

59 2517 196 2562 tuisse
220 2516 416 2560 videtur.

115 2602 173 2642 ab
193 2600 277 2642 illa
298 2606 454 2641 vetere
469 2599 637 2652 gloria.
697 2597 775 2642 Sic
797 2614 820 2642 e
843 2598 944 2642 cod.

58 2657 198 2714 Neap.
249 2656 501 2755 recepimus
554 2655 626 2704 id,
722 2656 768 2698 in
825 2655 946 2713 quod

59 2715 315 2759 coniectura
405 2721 558 2755 uretus
589 2712 832 2764 inciderat,
874 2712 946 2754 Pi·

59 2773 217 2822 thom,
257 2769 600 2814 Schurzsseisch.
627 2771 876 2813 Heumann.
902 2777 946 2811 et

61 2828 204 2873 Orell.
236 2828 546 2885 probantibus.
608 2826 660 2869 In
697 2828 779 2869 edd
838 2827 942 2870 reli-

59 2885 159 2941 quis
207 2890 266 2928 ab
315 2886 408 2928 ista
460 2893 552 2928 vet.
603 2887 721 2939 glor.
764 2884 941 2943 legitur.

61 2942 427 3005 [Contudit-haec,
450 2942 730 3000 Rupertius.]

665 3024 737 3069 Cf.
780 3023 941 3079 Quint.

59 3085 170 3127 lust.
195 3098 262 3125 or.
293 3085 332 3137 1,
361 3085 400 3125 l.
429 3097 526 3137 pr.:
557 3081 694 3137 falsa
716 3087 838 3124 enim
870 3089 941 3123 est

59 3142 246 3197 querela
261 3171 272 3193 ‚
340 3140 627 3192 paucissimis
678 3141 940 3181 hominibus

58 3199 152 3240 vim
181 3196 485 3251 percipiendi,
529 3211 647 3250 quae
671 3200 939 3244 tradantur,

59 3269 158 3298 esse
181 3267 440 3296 concessam
453 3285 463 3302 ‚
482 3256 724 3309 plerosque
750 3268 856 3295 vero
874 3256 940 3294 Ia-

57 3314 216 3353 horem
238 3327 294 3354 ac
318 3317 532 3363 tempora
556 3311 779 3352 tarditate
806 3312 941 3364 inge·

57 3368 133 3411 nii
145 3371 356 3422 perdere.

116 3027 272 3079 inopia
319 3025 581 3067 hominum.

115 3451 352 3494 inscientia
404 3449 803 3505 praecipientium.
892 3450 943 3492 Id

58 3523 143 3566 pro
177 3509 353 3550 inscitia
384 3513 738 3561 praeceptorum
775 3507 942 3550 dietum

0 3562 1 3575 ³
59 3580 151 3608 esse
185 3563 519 3607 Schurzsseisch.
558 3563 790 3620 opinatur,
842 3565 943 3607 satis

0 3621 2 3664 l
58 3619 131 3665 illa
160 3628 298 3664 aetate
320 3619 501 3678 vulgato
535 3635 688 3663 errore
713 3621 942 3678 deceptus,

605 974 940 1036 quanquam
991 968 1191 1014 nostra
1244 957 1418 1013 nobis
1471 960 1703 1017 notiora
1761 977 1916 1023 sunt.

1029 1186 1119 1228 quo
1149 1171 1391 1212 inscientia
1411 1170 1506 1214 sine
1527 1174 1725 1230 genitivo
1749 1175 1914 1220 obiecti

1028 1243 1122 1270 non
1163 1227 1394 1270 ferendam
1439 1243 1534 1271 esse
1581 1233 1913 1277 contendebant

1029 1285 1110 1327 viri
1143 1284 1291 1335 docti,
1332 1285 1521 1340 ideoque
1550 1289 1815 1331 vocabulum
1851 1291 1913 1334 il-

1027 1341 1103 1385 lud
1132 1358 1153 1384 e
1181 1342 1436 1394 Ciceronis,
1467 1342 1688 1394 Caesaris,
1718 1346 1830 1390 Livii
1855 1352 1913 1393 al.

1024 1399 1201 1457 scriptis
1223 1401 1514 1444 sustulerunt.
1573 1401 1918 1461 Exagitaverunt

1025 1472 1101 1498 eos
1128 1464 1227 1513 post
1256 1459 1284 1502 l.
1310 1457 1386 1499 Fr.
1416 1458 1622 1502 Gronov.
1647 1461 1699 1502 ad
1725 1461 1915 1514 Liv.22,

1023 1514 1176 1568 25,12.
1195 1513 1403 1570 plurimi,
1435 1531 1567 1558 nemo
1593 1516 1750 1561 melius
1775 1535 1910 1575 quam

1025 1570 1275 1614 Gernhard.
1311 1588 1462 1615 excurs
1513 1574 1566 1615 ad
1597 1573 1741 1618 Cicer.
1765 1578 1912 1622 Pan-a-

1025 1629 1122 1672 dox.
1149 1645 1192 1685 p.
1214 1628 1313 1670 298.
1341 1628 1468 1680 [coll.
1485 1629 1675 1687 Herzog.
1699 1633 1753 1674 ad
1782 1635 1908 1681 Caes.

1025 1686 1074 1727 B.
1100 1684 1154 1728 G.
1177 1686 1219 1735 3,
1242 1685 1306 1740 9.]
1336 1713 1394 1721 —-
1421 1691 1802 1743 praecipientium
1826 1709 1912 1750 pro

1018 1749 1372 1796 praeceptorum
1408 1747 1637 1803 usurpari,
1679 1755 1726 1789 ut
1747 1750 1909 1793 vitetur

1024 1799 1313 1868 ἇμφιρολία,
1391 1801 1512 1844 idem
1563 1803 1907 1852 Schurzfleisch.

1024 1866 1221 1907 censuit3
1275 1867 1317 1899 at
1355 1874 1464 1901 vero
1502 1869 1656 1902 nostro
1698 1865 1908 1922 scriptori

1022 1914 1335 1972 frequentatur
1353 1931 1454 1958 usus
1470 1917 1809 1975 participiorum
1827 1940 1913 1980 pro

1022 1971 1328 2024 substantivis,
1382 1973 1426 2015 id
1468 1974 1590 2031 quod
1631 1975 1685 2017 ad
1731 1995 1825 2037 cap.
1862 1981 1908 2025 6.

1022 2028 1273 2072 docuimus.
1363 2034 1632 2084 praecipere
1689 2033 1908 2092 significat

1022 2094 1255 2144 praecepta
1271 2086 1388 2142 dare,
1412 2088 1589 2139 docere,
1615 2090 1904 2152 utSpalding.

1023 2143 1078 2186 ad
1097 2143 1255 2199 Quint.
1275 2142 1379 2186 Inst.
1405 2158 1472 2187 or.
1491 2147 1555 2197 12,
1570 2147 1610 2197 2,
1625 2146 1668 2191 7.
1693 2152 1905 2196 ostendit.

1019 2200 1091 2243 De
1131 2217 1180 2244 re
1223 2200 1325 2245 vide
1368 2203 1557 2245 eundem
1603 2206 1667 2256 12,
1710 2207 1773 2259 12,
1815 2209 1907 2253 14.=

1018 2261 1103 2300 sed
1147 2260 1283 2312 culpa
1327 2268 1396 2300 est
1441 2262 1488 2301 in
1524 2267 1908 2318 praeceptoribus

1013 2316 1202 2370 prima,
1245 2318 1327 2370 qui
1342 2318 1533 2359 libenter
1559 2321 1769 2363 detinent
1795 2340 1908 2379 quos

1017 2381 1383 2427 occupaverunt,
1437 2378 1612 2425 partim
1657 2381 1907 2432 cupiditate

1016 2431 1187 2470 diutius
1212 2430 1434 2482 exigendi
1449 2437 1758 2487 mercedulas,
1783 2453 1878 2492 par
1898 2471 1902 2474 .

1017 2488 1097 2526 tim
1134 2488 1411 2538 ambitione,
1454 2503 1543 2542 quo
1581 2492 1808 2546 difficilius
1846 2498 1906 2538 sit

1016 2545 1138 2597 quod
1154 2544 1451 2596 pollicentur,
1477 2549 1655 2599 partim
1677 2553 1818 2594 etiam
1841 2555 1906 2595 in·

1015 2598 1210 2641 scientia
1241 2604 1466 2643 tradendi
1491 2606 1566 2644 vel
1593 2609 1908 2662 negligentia,-

1021 2665 1062 2699 et
1079 2655 1187 2699 ibid.
1205 2659 1240 2708 1,
1259 2658 1346 2707 1,2.
1364 2660 1674 2714 manifestum
1697 2673 1781 2721 est,
1807 2681 1905 2711 non

1017 2721 1247 2755 naturam
1269 2717 1505 2772 defecisse,
1533 2722 1618 2760 sed
1641 2735 1807 2765 curam

1075 2772 1297 2814 obliuione
1346 2775 1488 2816 moris
1538 2778 1736 2834 antiqui.

1015 2827 1207 2879 mirum,
1233 2839 1471 2886 corruptae
1494 2831 1775 2890 eloquentiae
1799 2854 1899 2882 cau·

1014 2900 1106 2926 sam
1126 2885 1178 2926 ab
1203 2886 1290 2929 hoc
1310 2888 1527 2944 scriptore
1554 2891 1598 2933 in
1625 2893 1764 2937 moris
1786 2896 1900 2939 anti·

1015 2941 1089 2998 qui
1109 2941 1337 2986 oblivione
1355 2944 1543 3000 positam
1562 2963 1679 2998 esse,
1703 2952 1828 2995 cuius
1851 2955 1896 2997 in

1013 2998 1217 3041 laudibus
1242 3001 1501 3044 extollendis
1523 3002 1702 3050 Tacitus
1724 3012 1898 3067 saepius

1013 3065 1321 3099 commoratus
1363 3066 1450 3109 est,
1505 3069 1554 3102 ut
1601 3065 1684 3106 An.
1727 3069 1792 3115 14,
1831 3072 1898 3112 12.

1013 3112 1124 3156 nist.
1157 3117 1195 3162 1,
1219 3114 1258 3164 4,
1281 3115 1322 3166 2,
1348 3114 1418 3159 64.

1071 3210 1120 3238 m
1181 3198 1464 3251 provincias.
1565 3202 1700 3247 MSS.
1759 3205 1900 3268 Neap.

1013 3254 1190 3307 [Fam]
1232 3269 1326 3320 om.
1361 3259 1739 3324 praepositionem
1784 3265 1835 3306 in
1875 3285 1899 3311 a

1016 3312 1298 3369 praecedenti
1325 3327 1422 3365 voc,
1455 3330 1553 3357 tam
1579 3317 1899 3368 oblitteratam.

1826 2781 1898 2825 Nil

1071 3399 1235 3436 nostra
1255 3396 1400 3439 nobis.
1450 3398 1571 3453 [MS.
1586 3399 1718 3443 Fax-n.
1742 3413 1901 3449 vestra

1014 3452 1176 3505 nobis]
1235 3474 1291 3484 —-
1364 3453 1478 3498 Edd.
1510 3456 1629 3512 Spir.
1666 3458 1766 3502 Put.
1799 3462 1897 3506 Riv.

1018 3510 1080 3563 [et
1121 3509 1378 3564 nuperrime
1415 3512 1448 3554 1.
1486 3512 1695 3571 Bekke1·.]
1741 3527 1900 3563 vestra

1013 3565 1143 3607 vobis
1172 3588 1228 3597 —
1271 3567 1404 3611 MSS.
1445 3569 1617 3613 Vaticc.
1659 3572 1758 3617 edd.
1794 3577 1898 3622 Ber.

1014 3621 1113 3665 Alc.
1163 3631 1326 3666 nostra
1378 3627 1506 3667 vobis
1555 3650 1603 3661 -·
1661 3628 1899 3677 Rhenanus

1131 3683 1308 3778 ίΥΞ
