<?xml version="1.0" encoding="UTF-8"?>
<!DOCTYPE html PUBLIC "-//W3C//DTD XHTML 1.0 Transitional//EN"
    "http://www.w3.org/TR/xhtml1/DTD/xhtml1-transitional.dtd">
<html xmlns="http://www.w3.org/1999/xhtml" xml:lang="en" lang="en">
 <head>
  <title>
</title>
<meta http-equiv="Content-Type" content="text/html;charset=utf-8" />
  <meta name='ocr-system' content='tesseract 3.04.00' />
  <meta name='ocr-capabilities' content='ocr_page ocr_carea ocr_par ocr_line ocrx_word'/>
</head>
<body>
  <div class='ocr_page' id='page_1' title='image "./operarecensuitet04taciuoft_0388.png"; bbox 0 0 2150 4022; ppageno 0'>
   <div class='ocr_carea' id='block_1_1' title="bbox 255 251 1589 320">
    <p class='ocr_par' dir='ltr' id='par_1_1' title="bbox 255 251 1589 320">
     <span class='ocr_line' id='line_1_1' title="bbox 255 251 1589 320; baseline 0.001 -3"><span class='ocrx_word' id='word_1_1' title='bbox 255 260 380 320; x_wconf 75' lang='lat'>372</span> <span class='ocrx_word' id='word_1_2' title='bbox 752 251 874 312; x_wconf 90' lang='lat' dir='ltr'>DE</span> <span class='ocrx_word' id='word_1_3' title='bbox 933 251 1589 318; x_wconf 76' lang='lat' dir='ltr'><strong>ORATORIBUS</strong></span> 
     </span>
    </p>
   </div>
   <div class='ocr_carea' id='block_1_2' title="bbox 173 374 2103 1314">
    <p class='ocr_par' dir='ltr' id='par_1_2' title="bbox 173 374 2103 1314">
     <span class='ocr_line' id='line_1_2' title="bbox 257 374 2102 459; baseline -0.001 -13"><span class='ocrx_word' id='word_1_4' title='bbox 257 387 395 446; x_wconf 88' lang='lat' dir='ltr'>hinc</span> <span class='ocrx_word' id='word_1_5' title='bbox 420 387 573 458; x_wconf 86' lang='lat' dir='ltr'>leges</span> <span class='ocrx_word' id='word_1_6' title='bbox 601 384 882 447; x_wconf 80' lang='lat' dir='ltr'>adsiduae</span> <span class='ocrx_word' id='word_1_7' title='bbox 909 395 966 440; x_wconf 90' lang='lat' dir='ltr'>et</span> <span class='ocrx_word' id='word_1_8' title='bbox 991 374 1275 459; x_wconf 77' lang='lat' dir='ltr'>populare</span> <span class='ocrx_word' id='word_1_9' title='bbox 1294 395 1554 459; x_wconf 87' lang='lat' dir='ltr'>nomen,</span> <span class='ocrx_word' id='word_1_10' title='bbox 1607 383 1750 444; x_wconf 73' lang='lat' dir='ltr'>hi⁴nc</span> <span class='ocrx_word' id='word_1_11' title='bbox 1791 388 2102 446; x_wconf 79' lang='lat' dir='ltr'>con&#39;ciones</span> 
     </span>
     <span class='ocr_line' id='line_1_3' title="bbox 253 468 2103 544; baseline 0.001 -15"><span class='ocrx_word' id='word_1_12' title='bbox 253 472 698 544; x_wconf 78' lang='lat' dir='ltr'>magistratuum</span> <span class='ocrx_word' id='word_1_13' title='bbox 727 489 910 544; x_wconf 88' lang='lat' dir='ltr'>paene</span> <span class='ocrx_word' id='word_1_14' title='bbox 938 471 1414 544; x_wconf 82' lang='lat' dir='ltr'>pernoctantium</span> <span class='ocrx_word' id='word_1_15' title='bbox 1444 473 1508 530; x_wconf 90' lang='lat' dir='ltr'>in</span> <span class='ocrx_word' id='word_1_16' title='bbox 1536 473 1777 542; x_wconf 76' lang='lat' dir='ltr'>rostris,</span> <span class='ocrx_word' id='word_1_17' title='bbox 1802 505 1806 508; x_wconf 94' lang='lat'>·</span> <span class='ocrx_word' id='word_1_18' title='bbox 1830 468 1971 535; x_wconf 84' lang='lat' dir='ltr'>hinc</span> <span class='ocrx_word' id='word_1_19' title='bbox 1997 475 2103 530; x_wconf 73' lang='lat' dir='ltr'>ad-</span> 
     </span>
     <span class='ocr_line' id='line_1_4' title="bbox 254 555 2102 631; baseline -0.001 -16"><span class='ocrx_word' id='word_1_20' title='bbox 254 556 582 615; x_wconf 89' lang='lat' dir='ltr'>cusationes</span> <span class='ocrx_word' id='word_1_21' title='bbox 614 555 943 629; x_wconf 88' lang='lat' dir='ltr'>potentium</span> <span class='ocrx_word' id='word_1_22' title='bbox 980 575 1217 610; x_wconf 89' lang='lat' dir='ltr'>reorum</span> <span class='ocrx_word' id='word_1_23' title='bbox 1254 567 1310 613; x_wconf 91' lang='lat' dir='ltr'>et</span> <span class='ocrx_word' id='word_1_24' title='bbox 1339 557 1675 631; x_wconf 80' lang='lat' dir='ltr'>adsignatae</span> <span class='ocrx_word' id='word_1_25' title='bbox 1703 558 1879 615; x_wconf 89' lang='lat' dir='ltr'>etiam</span> <span class='ocrx_word' id='word_1_26' title='bbox 1909 558 2102 614; x_wconf 88' lang='lat' dir='ltr'>domi-</span> 
     </span>
     <span class='ocr_line' id='line_1_5' title="bbox 252 635 2102 714; baseline 0 -15"><span class='ocrx_word' id='word_1_27' title='bbox 252 645 365 699; x_wconf 90' lang='lat' dir='ltr'>bus</span> <span class='ocrx_word' id='word_1_28' title='bbox 391 639 762 708; x_wconf 82' lang='lat' dir='ltr'>inimicitiae,</span> <span class='ocrx_word' id='word_1_29' title='bbox 815 635 955 695; x_wconf 89' lang='lat' dir='ltr'>hinc</span> <span class='ocrx_word' id='word_1_30' title='bbox 983 660 1290 714; x_wconf 87' lang='lat' dir='ltr'>procerum</span> <span class='ocrx_word' id='word_1_31' title='bbox 1317 641 1596 699; x_wconf 84' lang='lat' dir='ltr'>factiones</span> <span class='ocrx_word' id='word_1_32' title='bbox 1635 655 1690 700; x_wconf 93' lang='lat' dir='ltr'>et</span> <span class='ocrx_word' id='word_1_33' title='bbox 1728 643 1974 699; x_wconf 86' lang='lat' dir='ltr'>adsidua</span> <span class='ocrx_word' id='word_1_34' title='bbox 2009 662 2102 699; x_wconf 83' lang='lat' dir='ltr'>se-</span> 
     </span>
     <span class='ocr_line' id='line_1_6' title="bbox 173 725 2100 803; baseline -0.001 -19"><span class='ocrx_word' id='word_1_35' title='bbox 173 758 176 762; x_wconf 85' lang='lat'>.</span> <span class='ocrx_word' id='word_1_36' title='bbox 251 738 425 784; x_wconf 87' lang='lat' dir='ltr'>natus</span> <span class='ocrx_word' id='word_1_37' title='bbox 473 727 751 780; x_wconf 87' lang='lat' dir='ltr'>adversus</span> <span class='ocrx_word' id='word_1_38' title='bbox 800 725 1028 800; x_wconf 83' lang='lat' dir='ltr'>plebem</span> <span class='ocrx_word' id='word_1_39' title='bbox 1077 726 1413 785; x_wconf 86' lang='lat' dir='ltr'>certamina.</span> <span class='ocrx_word' id='word_1_40' title='bbox 1517 749 1665 803; x_wconf 87' lang='lat' dir='ltr'>quae</span> <span class='ocrx_word' id='word_1_41' title='bbox 1719 729 1949 801; x_wconf 82' lang='lat' dir='ltr'>singula</span> <span class='ocrx_word' id='word_1_42' title='bbox 1994 729 2100 784; x_wconf 82' lang='lat' dir='ltr'>etsi</span> 
     </span>
     <span class='ocr_line' id='line_1_7' title="bbox 252 803 2097 885; baseline -0.001 -16"><span class='ocrx_word' id='word_1_43' title='bbox 252 806 657 869; x_wconf 79' lang='lat' dir='ltr'>distrahebant</span> <span class='ocrx_word' id='word_1_44' title='bbox 692 830 818 865; x_wconf 88' lang='lat' dir='ltr'>rem</span> <span class='ocrx_word' id='word_1_45' title='bbox 860 803 1190 885; x_wconf 81' lang='lat' dir='ltr'>publicam,</span> <span class='ocrx_word' id='word_1_46' title='bbox 1245 811 1590 869; x_wconf 85' lang='lat' dir='ltr'>exercebant</span> <span class='ocrx_word' id='word_1_47' title='bbox 1625 825 1822 871; x_wconf 84' lang='lat' dir='ltr'>tamen</span> <span class='ocrx_word' id='word_1_48' title='bbox 1856 814 2097 870; x_wconf 89' lang='lat' dir='ltr'>illorum</span> 
     </span>
     <span class='ocr_line' id='line_1_8' title="bbox 250 895 2100 973; baseline -0.001 -19"><span class='ocrx_word' id='word_1_49' title='bbox 250 910 585 972; x_wconf 86' lang='lat' dir='ltr'>temporum</span> <span class='ocrx_word' id='word_1_50' title='bbox 610 895 1006 971; x_wconf 89' lang='lat' dir='ltr'>eloquentiam</span> <span class='ocrx_word' id='word_1_51' title='bbox 1037 906 1094 952; x_wconf 86' lang='lat' dir='ltr'>et</span> <span class='ocrx_word' id='word_1_52' title='bbox 1119 896 1347 969; x_wconf 86' lang='lat' dir='ltr'>magnis</span> <span class='ocrx_word' id='word_1_53' title='bbox 1373 898 1672 955; x_wconf 86' lang='lat' dir='ltr'>cumulare</span> <span class='ocrx_word' id='word_1_54' title='bbox 1704 898 1978 973; x_wconf 86' lang='lat' dir='ltr'>praemiis</span> <span class='ocrx_word' id='word_1_55' title='bbox 2005 897 2100 953; x_wconf 87' lang='lat' dir='ltr'>vi-</span> 
     </span>
     <span class='ocr_line' id='line_1_9' title="bbox 247 976 2099 1058; baseline -0.001 -18"><span class='ocrx_word' id='word_1_56' title='bbox 247 976 569 1040; x_wconf 81' lang='lat' dir='ltr'>debantur:</span> <span class='ocrx_word' id='word_1_57' title='bbox 638 981 775 1056; x_wconf 91' lang='lat' dir='ltr'>quia</span> <span class='ocrx_word' id='word_1_58' title='bbox 823 991 1042 1056; x_wconf 88' lang='lat' dir='ltr'>quanto</span> <span class='ocrx_word' id='word_1_59' title='bbox 1090 981 1339 1057; x_wconf 87' lang='lat' dir='ltr'>quisque</span> <span class='ocrx_word' id='word_1_60' title='bbox 1383 983 1516 1057; x_wconf 90' lang='lat' dir='ltr'>plus</span> <span class='ocrx_word' id='word_1_61' title='bbox 1557 983 1808 1040; x_wconf 86' lang='lat' dir='ltr'>dicendo</span> <span class='ocrx_word' id='word_1_62' title='bbox 1853 993 2099 1058; x_wconf 84' lang='lat' dir='ltr'>poterat,</span> 
     </span>
     <span class='ocr_line' id='line_1_10' title="bbox 250 1061 2097 1143; baseline 0 -19"><span class='ocrx_word' id='word_1_63' title='bbox 250 1079 413 1125; x_wconf 88' lang='lat' dir='ltr'>tanto</span> <span class='ocrx_word' id='word_1_64' title='bbox 438 1065 668 1124; x_wconf 84' lang='lat' dir='ltr'>facilius</span> <span class='ocrx_word' id='word_1_65' title='bbox 691 1061 946 1122; x_wconf 87' lang='lat' dir='ltr'>honores</span> <span class='ocrx_word' id='word_1_66' title='bbox 970 1066 1430 1142; x_wconf 86' lang='lat' dir='ltr'>adsequebatur,</span> <span class='ocrx_word' id='word_1_67' title='bbox 1472 1079 1637 1126; x_wconf 87' lang='lat' dir='ltr'>tanto</span> <span class='ocrx_word' id='word_1_68' title='bbox 1659 1069 1843 1142; x_wconf 86' lang='lat' dir='ltr'>magis</span> <span class='ocrx_word' id='word_1_69' title='bbox 1866 1068 1931 1125; x_wconf 90' lang='lat' dir='ltr'>in</span> <span class='ocrx_word' id='word_1_70' title='bbox 1954 1069 2097 1143; x_wconf 89' lang='lat' dir='ltr'>ipsis</span> 
     </span>
     <span class='ocr_line' id='line_1_11' title="bbox 250 1147 2098 1228; baseline -0.001 -19"><span class='ocrx_word' id='word_1_71' title='bbox 250 1150 579 1209; x_wconf 86' lang='lat' dir='ltr'>honoribus</span> <span class='ocrx_word' id='word_1_72' title='bbox 611 1151 860 1224; x_wconf 83' lang='lat' dir='ltr'>collegas</span> <span class='ocrx_word' id='word_1_73' title='bbox 890 1170 1025 1207; x_wconf 90' lang='lat' dir='ltr'>suos</span> <span class='ocrx_word' id='word_1_74' title='bbox 1050 1152 1340 1221; x_wconf 86' lang='lat' dir='ltr'>anteibat,</span> <span class='ocrx_word' id='word_1_75' title='bbox 1388 1163 1551 1209; x_wconf 86' lang='lat' dir='ltr'>tanto</span> <span class='ocrx_word' id='word_1_76' title='bbox 1582 1154 1715 1228; x_wconf 89' lang='lat' dir='ltr'>plus</span> <span class='ocrx_word' id='word_1_77' title='bbox 1743 1155 1898 1228; x_wconf 93' lang='lat' dir='ltr'>apud</span> <span class='ocrx_word' id='word_1_78' title='bbox 1929 1147 2098 1228; x_wconf 86' lang='lat' dir='ltr'>prin-</span> 
     </span>
     <span class='ocr_line' id='line_1_12' title="bbox 251 1235 2099 1314; baseline -0.001 -19"><span class='ocrx_word' id='word_1_79' title='bbox 251 1240 406 1314; x_wconf 80' lang='lat' dir='ltr'>cipes</span> <span class='ocrx_word' id='word_1_80' title='bbox 442 1235 692 1311; x_wconf 85' lang='lat' dir='ltr'>gratiae,</span> <span class='ocrx_word' id='word_1_81' title='bbox 747 1236 880 1311; x_wconf 89' lang='lat' dir='ltr'>plus</span> <span class='ocrx_word' id='word_1_82' title='bbox 921 1236 1283 1298; x_wconf 85' lang='lat' dir='ltr'>auctoritatis</span> <span class='ocrx_word' id='word_1_83' title='bbox 1316 1241 1468 1313; x_wconf 87' lang='lat' dir='ltr'>apud</span> <span class='ocrx_word' id='word_1_84' title='bbox 1500 1251 1726 1314; x_wconf 79' lang='lat' dir='ltr'>patreS‚</span> <span class='ocrx_word' id='word_1_85' title='bbox 1777 1239 1911 1314; x_wconf 89' lang='lat' dir='ltr'>plus</span> <span class='ocrx_word' id='word_1_86' title='bbox 1941 1237 2099 1294; x_wconf 89' lang='lat' dir='ltr'>noti-</span> 
     </span>
    </p>
   </div>
   <div class='ocr_carea' id='block_1_3' title="bbox 242 1453 1137 1796">
    <p class='ocr_par' dir='ltr' id='par_1_3' title="bbox 242 1453 1137 1796">
     <span class='ocr_line' id='line_1_13' title="bbox 243 1453 1137 1512; baseline -0.003 -11"><span class='ocrx_word' id='word_1_87' title='bbox 243 1455 406 1502; x_wconf 82' lang='lat' dir='ltr'>infinit.</span> <span class='ocrx_word' id='word_1_88' title='bbox 439 1453 602 1512; x_wconf 84' lang='lat' dir='ltr'>passivi</span> <span class='ocrx_word' id='word_1_89' title='bbox 634 1467 742 1495; x_wconf 85' lang='lat' dir='ltr'>eum</span> <span class='ocrx_word' id='word_1_90' title='bbox 773 1467 942 1508; x_wconf 80' lang='lat' dir='ltr'>sapere</span> <span class='ocrx_word' id='word_1_91' title='bbox 969 1453 1137 1499; x_wconf 83' lang='lat' dir='ltr'>intelli-</span> 
     </span>
     <span class='ocr_line' id='line_1_14' title="bbox 244 1510 1135 1574; baseline -0.003 -16"><span class='ocrx_word' id='word_1_92' title='bbox 244 1514 442 1574; x_wconf 85' lang='lat' dir='ltr'>gendum</span> <span class='ocrx_word' id='word_1_93' title='bbox 465 1527 558 1556; x_wconf 85' lang='lat' dir='ltr'>esse</span> <span class='ocrx_word' id='word_1_94' title='bbox 577 1511 722 1555; x_wconf 80' lang='lat' dir='ltr'>docet.</span> <span class='ocrx_word' id='word_1_95' title='bbox 756 1510 1011 1555; x_wconf 85' lang='lat' dir='ltr'>Heumann.</span> <span class='ocrx_word' id='word_1_96' title='bbox 1026 1528 1135 1569; x_wconf 89' lang='lat' dir='ltr'>quo·</span> 
     </span>
     <span class='ocr_line' id='line_1_15' title="bbox 245 1569 1134 1631; baseline -0.003 -16"><span class='ocrx_word' id='word_1_97' title='bbox 245 1588 333 1631; x_wconf 91' lang='lat' dir='ltr'>que</span> <span class='ocrx_word' id='word_1_98' title='bbox 391 1569 552 1613; x_wconf 87' lang='lat' dir='ltr'>deinde</span> <span class='ocrx_word' id='word_1_99' title='bbox 602 1583 687 1626; x_wconf 88' lang='lat' dir='ltr'>pro</span> <span class='ocrx_word' id='word_1_100' title='bbox 735 1571 860 1623; x_wconf 78' lang='lat' dir='ltr'>leges</span> <span class='ocrx_word' id='word_1_101' title='bbox 909 1572 1134 1612; x_wconf 79' lang='lat' dir='ltr'>adsiduae</span> 
     </span>
     <span class='ocr_line' id='line_1_16' title="bbox 246 1627 1132 1684; baseline -0.006 -10"><span class='ocrx_word' id='word_1_102' title='bbox 246 1627 439 1674; x_wconf 88' lang='lat' dir='ltr'>coniecit</span> <span class='ocrx_word' id='word_1_103' title='bbox 469 1629 558 1682; x_wconf 79' lang='lat' dir='ltr'>leg.</span> <span class='ocrx_word' id='word_1_104' title='bbox 584 1628 831 1681; x_wconf 80' lang='lat' dir='ltr'>agrariae,</span> <span class='ocrx_word' id='word_1_105' title='bbox 877 1642 1022 1684; x_wconf 89' lang='lat' dir='ltr'>eoque</span> <span class='ocrx_word' id='word_1_106' title='bbox 1052 1629 1132 1669; x_wconf 89' lang='lat' dir='ltr'>ad-</span> 
     </span>
     <span class='ocr_line' id='line_1_17' title="bbox 242 1683 1133 1746; baseline -0.002 -17"><span class='ocrx_word' id='word_1_107' title='bbox 242 1684 481 1746; x_wconf 85' lang='lat' dir='ltr'>positionis</span> <span class='ocrx_word' id='word_1_108' title='bbox 531 1683 635 1727; x_wconf 89' lang='lat' dir='ltr'>loco</span> <span class='ocrx_word' id='word_1_109' title='bbox 679 1687 911 1739; x_wconf 80' lang='lat' dir='ltr'>populare</span> <span class='ocrx_word' id='word_1_110' title='bbox 960 1700 1133 1727; x_wconf 83' lang='lat' dir='ltr'>nomen</span> 
     </span>
     <span class='ocr_line' id='line_1_18' title="bbox 245 1741 822 1796; baseline -0.005 -7"><span class='ocrx_word' id='word_1_111' title='bbox 245 1743 412 1796; x_wconf 68' lang='lat' dir='ltr'>refer-13</span> <span class='ocrx_word' id='word_1_112' title='bbox 441 1741 537 1786; x_wconf 84' lang='lat' dir='ltr'>sine</span> <span class='ocrx_word' id='word_1_113' title='bbox 560 1741 650 1785; x_wconf 87' lang='lat' dir='ltr'>ulla</span> <span class='ocrx_word' id='word_1_114' title='bbox 674 1758 822 1786; x_wconf 88' lang='lat' dir='ltr'>causa.</span> 
     </span>
    </p>
   </div>
   <div class='ocr_carea' id='block_1_4' title="bbox 242 1825 1136 1987">
    <p class='ocr_par' dir='ltr' id='par_1_4' title="bbox 242 1825 1136 1987">
     <span class='ocr_line' id='line_1_19' title="bbox 300 1825 1132 1883; baseline -0.002 -12"><span class='ocrx_word' id='word_1_115' title='bbox 300 1835 344 1871; x_wconf 85' lang='lat' dir='ltr'>et</span> <span class='ocrx_word' id='word_1_116' title='bbox 381 1828 610 1882; x_wconf 79' lang='lat' dir='ltr'>populare</span> <span class='ocrx_word' id='word_1_117' title='bbox 648 1839 837 1868; x_wconf 85' lang='lat' dir='ltr'>nomen.</span> <span class='ocrx_word' id='word_1_118' title='bbox 910 1825 1132 1883; x_wconf 87' lang='lat' dir='ltr'>Copulam</span> 
     </span>
     <span class='ocr_line' id='line_1_20' title="bbox 245 1882 1134 1935; baseline -0.001 -6"><span class='ocrx_word' id='word_1_119' title='bbox 245 1887 497 1929; x_wconf 83' lang='lat' dir='ltr'>omiserunt</span> <span class='ocrx_word' id='word_1_120' title='bbox 519 1883 622 1926; x_wconf 89' lang='lat' dir='ltr'>edd.</span> <span class='ocrx_word' id='word_1_121' title='bbox 643 1882 743 1926; x_wconf 79' lang='lat' dir='ltr'>Alc.</span> <span class='ocrx_word' id='word_1_122' title='bbox 768 1882 913 1926; x_wconf 86' lang='lat' dir='ltr'>Rhen.</span> <span class='ocrx_word' id='word_1_123' title='bbox 938 1885 1043 1928; x_wconf 85' lang='lat' dir='ltr'>Ald.</span> <span class='ocrx_word' id='word_1_124' title='bbox 1064 1883 1134 1935; x_wconf 92' lang='lat' dir='ltr'>al.,</span> 
     </span>
     <span class='ocr_line' id='line_1_21' title="bbox 242 1940 1136 1987; baseline -0.006 1"><span class='ocrx_word' id='word_1_125' title='bbox 242 1943 321 1987; x_wconf 85' lang='lat' dir='ltr'>sed</span> <span class='ocrx_word' id='word_1_126' title='bbox 355 1943 470 1985; x_wconf 84' lang='lat' dir='ltr'>bene</span> <span class='ocrx_word' id='word_1_127' title='bbox 503 1956 600 1983; x_wconf 89' lang='lat' dir='ltr'>eam</span> <span class='ocrx_word' id='word_1_128' title='bbox 637 1957 684 1983; x_wconf 85' lang='lat' dir='ltr'>ex</span> <span class='ocrx_word' id='word_1_129' title='bbox 719 1940 856 1984; x_wconf 73' lang='lat' dir='ltr'>MSS.</span> <span class='ocrx_word' id='word_1_130' title='bbox 886 1941 1055 1985; x_wconf 85' lang='lat' dir='ltr'>Vaticc.</span> <span class='ocrx_word' id='word_1_131' title='bbox 1093 1949 1136 1984; x_wconf 82' lang='lat' dir='ltr'>et</span> 
     </span>
    </p>
   </div>
   <div class='ocr_carea' id='block_1_5' title="bbox 240 1997 1135 2103">
    <p class='ocr_par' dir='ltr' id='par_1_5' title="bbox 240 1997 1135 2103">
     <span class='ocr_line' id='line_1_22' title="bbox 240 1997 1135 2057; baseline -0.003 -13"><span class='ocrx_word' id='word_1_132' title='bbox 240 2001 381 2057; x_wconf 83' lang='lat' dir='ltr'>Neap.</span> <span class='ocrx_word' id='word_1_133' title='bbox 405 1999 583 2041; x_wconf 78' lang='lat' dir='ltr'>Broter.</span> <span class='ocrx_word' id='word_1_134' title='bbox 605 1997 781 2041; x_wconf 84' lang='lat' dir='ltr'>Ernest.</span> <span class='ocrx_word' id='word_1_135' title='bbox 809 2007 850 2041; x_wconf 83' lang='lat' dir='ltr'>et</span> <span class='ocrx_word' id='word_1_136' title='bbox 874 2015 971 2057; x_wconf 86' lang='lat' dir='ltr'>sqq.</span> <span class='ocrx_word' id='word_1_137' title='bbox 1002 2000 1135 2041; x_wconf 84' lang='lat' dir='ltr'>resti-</span> 
     </span>
     <span class='ocr_line' id='line_1_23' title="bbox 242 2065 444 2103; baseline -0.015 0"><span class='ocrx_word' id='word_1_138' title='bbox 242 2065 444 2103; x_wconf 76' lang='lat' dir='ltr'>mex-unt.</span> 
     </span>
    </p>
   </div>
   <div class='ocr_carea' id='block_1_6' title="bbox 194 2141 1132 3632">
    <p class='ocr_par' dir='ltr' id='par_1_6' title="bbox 194 2141 1132 2428">
     <span class='ocr_line' id='line_1_24' title="bbox 301 2141 1130 2193; baseline -0.004 -9"><span class='ocrx_word' id='word_1_139' title='bbox 301 2141 504 2185; x_wconf 76' lang='lat' dir='ltr'>concion.</span> <span class='ocrx_word' id='word_1_140' title='bbox 557 2142 924 2192; x_wconf 72' lang='lat' dir='ltr'>magistratuum</span> <span class='ocrx_word' id='word_1_141' title='bbox 979 2155 1130 2193; x_wconf 80' lang='lat' dir='ltr'>paene</span> 
     </span>
     <span class='ocr_line' id='line_1_25' title="bbox 194 2195 1132 2256; baseline -0.004 -13"><span class='ocrx_word' id='word_1_142' title='bbox 194 2216 201 2224; x_wconf 94' lang='lat'>·</span> <span class='ocrx_word' id='word_1_143' title='bbox 235 2200 614 2256; x_wconf 78' lang='lat' dir='ltr'>pernoctantium</span> <span class='ocrx_word' id='word_1_144' title='bbox 638 2198 686 2239; x_wconf 86' lang='lat' dir='ltr'>in</span> <span class='ocrx_word' id='word_1_145' title='bbox 711 2206 854 2239; x_wconf 80' lang='lat' dir='ltr'>rostr.</span> <span class='ocrx_word' id='word_1_146' title='bbox 915 2195 1026 2238; x_wconf 68' lang='lat' dir='ltr'>Edu.</span> <span class='ocrx_word' id='word_1_147' title='bbox 1057 2213 1132 2239; x_wconf 85' lang='lat' dir='ltr'>an-</span> 
     </span>
     <span class='ocr_line' id='line_1_26' title="bbox 238 2255 1128 2315; baseline -0.004 -14"><span class='ocrx_word' id='word_1_148' title='bbox 238 2259 319 2315; x_wconf 73' lang='lat' dir='ltr'>tiq.</span> <span class='ocrx_word' id='word_1_149' title='bbox 344 2255 506 2299; x_wconf 81' lang='lat' dir='ltr'>habent</span> <span class='ocrx_word' id='word_1_150' title='bbox 535 2256 777 2298; x_wconf 79' lang='lat' dir='ltr'>contiones</span> <span class='ocrx_word' id='word_1_151' title='bbox 806 2255 1128 2308; x_wconf 76' lang='lat' dir='ltr'>migrantium,</span> 
     </span>
     <span class='ocr_line' id='line_1_27' title="bbox 241 2311 1130 2373; baseline -0.008 -14"><span class='ocrx_word' id='word_1_152' title='bbox 241 2315 361 2373; x_wconf 85' lang='lat' dir='ltr'>Lips.</span> <span class='ocrx_word' id='word_1_153' title='bbox 387 2328 410 2355; x_wconf 87' lang='lat' dir='ltr'>e</span> <span class='ocrx_word' id='word_1_154' title='bbox 433 2312 568 2357; x_wconf 85' lang='lat' dir='ltr'>Farn.</span> <span class='ocrx_word' id='word_1_155' title='bbox 602 2311 703 2356; x_wconf 84' lang='lat' dir='ltr'>cod.</span> <span class='ocrx_word' id='word_1_156' title='bbox 741 2311 989 2354; x_wconf 82' lang='lat' dir='ltr'>emendavit</span> <span class='ocrx_word' id='word_1_157' title='bbox 1020 2328 1130 2353; x_wconf 81' lang='lat' dir='ltr'>ma-</span> 
     </span>
     <span class='ocr_line' id='line_1_28' title="bbox 236 2365 1130 2428; baseline -0.007 -13"><span class='ocrx_word' id='word_1_158' title='bbox 236 2367 550 2428; x_wconf 77' lang='lat' dir='ltr'>gistraeuum&#39;,</span> <span class='ocrx_word' id='word_1_159' title='bbox 623 2380 736 2428; x_wconf 89' lang='lat' dir='ltr'>quae</span> <span class='ocrx_word' id='word_1_160' title='bbox 781 2369 964 2426; x_wconf 89' lang='lat' dir='ltr'>quidem</span> <span class='ocrx_word' id='word_1_161' title='bbox 1008 2365 1130 2410; x_wconf 57' lang='lat' dir='ltr'>‘scri-</span> 
     </span>
    </p>

    <p class='ocr_par' dir='ltr' id='par_1_7' title="bbox 233 2426 1130 3632">
     <span class='ocr_line' id='line_1_29' title="bbox 272 2426 1130 2484; baseline -0.002 -13"><span class='ocrx_word' id='word_1_162' title='bbox 272 2437 370 2471; x_wconf 88' lang='lat' dir='ltr'>tura</span> <span class='ocrx_word' id='word_1_163' title='bbox 432 2428 489 2470; x_wconf 93' lang='lat' dir='ltr'>ob</span> <span class='ocrx_word' id='word_1_164' title='bbox 547 2427 798 2471; x_wconf 77' lang='lat' dir='ltr'>litterarum</span> <span class='ocrx_word' id='word_1_165' title='bbox 862 2426 1130 2484; x_wconf 85' lang='lat' dir='ltr'>compendia</span> 
     </span>
     <span class='ocr_line' id='line_1_30' title="bbox 239 2446 1129 2543; baseline -0.003 -14"><span class='ocrx_word' id='word_1_166' title='bbox 239 2446 360 2530; x_wconf 48' lang='lat' dir='ltr'>{acili</span> <span class='ocrx_word' id='word_1_167' title='bbox 417 2485 600 2542; x_wconf 82' lang='lat' dir='ltr'>negotio</span> <span class='ocrx_word' id='word_1_168' title='bbox 652 2492 827 2543; x_wconf 83' lang='lat' dir='ltr'>poterat</span> <span class='ocrx_word' id='word_1_169' title='bbox 877 2483 1129 2541; x_wconf 82' lang='lat' dir='ltr'>corrumpi.</span> 
     </span>
     <span class='ocr_line' id='line_1_31' title="bbox 243 2539 1130 2601; baseline -0.003 -13"><span class='ocrx_word' id='word_1_170' title='bbox 243 2545 330 2588; x_wconf 88' lang='lat' dir='ltr'>Sed</span> <span class='ocrx_word' id='word_1_171' title='bbox 375 2543 466 2601; x_wconf 88' lang='lat' dir='ltr'>ipsa</span> <span class='ocrx_word' id='word_1_172' title='bbox 512 2542 590 2585; x_wconf 89' lang='lat' dir='ltr'>illa</span> <span class='ocrx_word' id='word_1_173' title='bbox 638 2540 894 2600; x_wconf 81' lang='lat' dir='ltr'>corruptela</span> <span class='ocrx_word' id='word_1_174' title='bbox 935 2539 1130 2585; x_wconf 86' lang='lat' dir='ltr'>effecisse</span> 
     </span>
     <span class='ocr_line' id='line_1_32' title="bbox 241 2597 1125 2655; baseline -0.003 -11"><span class='ocrx_word' id='word_1_175' title='bbox 241 2602 421 2645; x_wconf 83' lang='lat' dir='ltr'>videtur</span> <span class='ocrx_word' id='word_1_176' title='bbox 482 2599 667 2643; x_wconf 81' lang='lat' dir='ltr'>alteram</span> <span class='ocrx_word' id='word_1_177' title='bbox 726 2599 771 2642; x_wconf 90' lang='lat' dir='ltr'>h.</span> <span class='ocrx_word' id='word_1_178' title='bbox 825 2597 854 2642; x_wconf 84' lang='lat' dir='ltr'>l.</span> <span class='ocrx_word' id='word_1_179' title='bbox 909 2598 1125 2655; x_wconf 83' lang='lat' dir='ltr'>deprava-</span> 
     </span>
     <span class='ocr_line' id='line_1_33' title="bbox 241 2654 1128 2702; baseline -0.002 0"><span class='ocrx_word' id='word_1_180' title='bbox 241 2660 410 2702; x_wconf 80' lang='lat' dir='ltr'>tionem</span> <span class='ocrx_word' id='word_1_181' title='bbox 455 2657 502 2700; x_wconf 90' lang='lat' dir='ltr'>in</span> <span class='ocrx_word' id='word_1_182' title='bbox 549 2656 651 2701; x_wconf 86' lang='lat' dir='ltr'>edd.</span> <span class='ocrx_word' id='word_1_183' title='bbox 698 2656 799 2699; x_wconf 87' lang='lat' dir='ltr'>Ber.</span> <span class='ocrx_word' id='word_1_184' title='bbox 838 2656 941 2699; x_wconf 86' lang='lat' dir='ltr'>Ale.</span> <span class='ocrx_word' id='word_1_185' title='bbox 983 2654 1128 2700; x_wconf 68' lang='lat' dir='ltr'>Rhen-</span> 
     </span>
     <span class='ocr_line' id='line_1_34' title="bbox 241 2713 1128 2773; baseline -0.003 -15"><span class='ocrx_word' id='word_1_186' title='bbox 241 2717 345 2758; x_wconf 78' lang='grc' dir='ltr'>ΑΜ.</span> <span class='ocrx_word' id='word_1_187' title='bbox 359 2746 372 2762; x_wconf 84' lang='grc'><em>,</em></span> <span class='ocrx_word' id='word_1_188' title='bbox 406 2730 519 2773; x_wconf 88' lang='lat' dir='ltr'>quae</span> <span class='ocrx_word' id='word_1_189' title='bbox 537 2729 593 2756; x_wconf 86' lang='lat' dir='ltr'>ac</span> <span class='ocrx_word' id='word_1_190' title='bbox 610 2728 731 2768; x_wconf 82' lang='lat' dir='ltr'>pene</span> <span class='ocrx_word' id='word_1_191' title='bbox 751 2714 988 2771; x_wconf 83' lang='lat' dir='ltr'>praebent,</span> <span class='ocrx_word' id='word_1_192' title='bbox 1019 2713 1128 2755; x_wconf 85' lang='lat' dir='ltr'>dum</span> 
     </span>
     <span class='ocr_line' id='line_1_35' title="bbox 241 2767 1125 2869; baseline -0.003 -53"><span class='ocrx_word' id='word_1_193' title='bbox 241 2773 340 2816; x_wconf 81' lang='lat' dir='ltr'>MS.</span> <span class='ocrx_word' id='word_1_194' title='bbox 356 2773 494 2829; x_wconf 84' lang='lat' dir='ltr'>Neap.</span> <span class='ocrx_word' id='word_1_195' title='bbox 517 2771 620 2815; x_wconf 86' lang='lat' dir='ltr'>edd.</span> <span class='ocrx_word' id='word_1_196' title='bbox 634 2771 754 2828; x_wconf 86' lang='lat' dir='ltr'>Spir.</span> <span class='ocrx_word' id='word_1_197' title='bbox 771 2770 872 2812; x_wconf 80' lang='lat' dir='ltr'>Put.</span> <span class='ocrx_word' id='word_1_198' title='bbox 888 2770 987 2812; x_wconf 86' lang='lat' dir='ltr'>Riv.</span> <span class='ocrx_word' id='word_1_199' title='bbox 1007 2767 1125 2869; x_wconf 58' lang='lat' dir='ltr'>LiFs.</span> 
     </span>
     <span class='ocr_line' id='line_1_36' title="bbox 237 2829 1128 2889; baseline -0.003 -17"><span class='ocrx_word' id='word_1_200' title='bbox 237 2846 332 2889; x_wconf 81' lang='lat' dir='ltr'>sqq.</span> <span class='ocrx_word' id='word_1_201' title='bbox 356 2846 411 2872; x_wconf 83' lang='lat' dir='ltr'>ac</span> <span class='ocrx_word' id='word_1_202' title='bbox 434 2829 672 2877; x_wconf 82' lang='lat' dir='ltr'>omittunt,</span> <span class='ocrx_word' id='word_1_203' title='bbox 700 2829 764 2871; x_wconf 88' lang='lat' dir='ltr'>uti</span> <span class='ocrx_word' id='word_1_204' title='bbox 790 2844 869 2886; x_wconf 83' lang='lat' dir='ltr'>par</span> <span class='ocrx_word' id='word_1_205' title='bbox 890 2835 997 2871; x_wconf 88' lang='lat' dir='ltr'>erat.</span> <span class='ocrx_word' id='word_1_206' title='bbox 1078 2829 1128 2870; x_wconf 89' lang='lat' dir='ltr'>)e</span> 
     </span>
     <span class='ocr_line' id='line_1_37' title="bbox 242 2886 1128 2944; baseline -0.002 -14"><span class='ocrx_word' id='word_1_207' title='bbox 242 2905 290 2930; x_wconf 82' lang='lat' dir='ltr'>re</span> <span class='ocrx_word' id='word_1_208' title='bbox 313 2902 524 2944; x_wconf 81' lang='lat' dir='ltr'>compara</span> <span class='ocrx_word' id='word_1_209' title='bbox 552 2886 734 2928; x_wconf 73' lang='lat' dir='ltr'>Petron-</span> <span class='ocrx_word' id='word_1_210' title='bbox 761 2887 906 2944; x_wconf 73' lang='lat' dir='ltr'>Satyr.</span> <span class='ocrx_word' id='word_1_211' title='bbox 927 2900 971 2942; x_wconf 89' lang='lat' dir='ltr'>p.</span> <span class='ocrx_word' id='word_1_212' title='bbox 996 2886 1065 2937; x_wconf 88' lang='lat'>60,</span> <span class='ocrx_word' id='word_1_213' title='bbox 1087 2886 1128 2928; x_wconf 80' lang='lat'>2.</span> 
     </span>
     <span class='ocr_line' id='line_1_38' title="bbox 240 2942 1129 2995; baseline -0.003 -8"><span class='ocrx_word' id='word_1_214' title='bbox 240 2945 312 2988; x_wconf 81' lang='lat' dir='ltr'>ed.</span> <span class='ocrx_word' id='word_1_215' title='bbox 348 2942 569 2987; x_wconf 75' lang='lat' dir='ltr'>W‘eehel.</span> <span class='ocrx_word' id='word_1_216' title='bbox 603 2944 822 2985; x_wconf 78' lang='lat' dir='ltr'>advocati</span> <span class='ocrx_word' id='word_1_217' title='bbox 853 2944 952 2984; x_wconf 84' lang='lat' dir='ltr'>iam</span> <span class='ocrx_word' id='word_1_218' title='bbox 975 2957 1129 2995; x_wconf 80' lang='lat' dir='ltr'>paene</span> 
     </span>
     <span class='ocr_line' id='line_1_39' title="bbox 239 3000 1125 3058; baseline -0.003 -13"><span class='ocrx_word' id='word_1_219' title='bbox 239 3004 477 3050; x_wconf 77' lang='lat' dir='ltr'>nocturni,</span> <span class='ocrx_word' id='word_1_220' title='bbox 507 3016 640 3058; x_wconf 90' lang='lat' dir='ltr'>quem</span> <span class='ocrx_word' id='word_1_221' title='bbox 668 3001 723 3044; x_wconf 90' lang='lat' dir='ltr'>ad</span> <span class='ocrx_word' id='word_1_222' title='bbox 750 3000 778 3042; x_wconf 94' lang='lat' dir='ltr'>l.</span> <span class='ocrx_word' id='word_1_223' title='bbox 802 3000 1014 3043; x_wconf 82' lang='lat' dir='ltr'>Pithoeus</span> <span class='ocrx_word' id='word_1_224' title='bbox 1041 3000 1125 3043; x_wconf 90' lang='lat' dir='ltr'>Se-</span> 
     </span>
     <span class='ocr_line' id='line_1_40' title="bbox 242 3057 1127 3107; baseline -0.005 -5"><span class='ocrx_word' id='word_1_225' title='bbox 242 3075 343 3107; x_wconf 76' lang='lat' dir='ltr'>nee.</span> <span class='ocrx_word' id='word_1_226' title='bbox 380 3058 434 3101; x_wconf 87' lang='lat' dir='ltr'>de</span> <span class='ocrx_word' id='word_1_227' title='bbox 465 3059 628 3101; x_wconf 79' lang='lat' dir='ltr'>brevit.</span> <span class='ocrx_word' id='word_1_228' title='bbox 662 3058 735 3100; x_wconf 84' lang='lat' dir='ltr'>vit.</span> <span class='ocrx_word' id='word_1_229' title='bbox 769 3057 991 3100; x_wconf 81' lang='lat' dir='ltr'>laudavit:</span> <span class='ocrx_word' id='word_1_230' title='bbox 1033 3073 1127 3099; x_wconf 86' lang='lat' dir='ltr'>non</span> 
     </span>
     <span class='ocr_line' id='line_1_41' title="bbox 241 3115 1124 3171; baseline -0.002 -12"><span class='ocrx_word' id='word_1_231' title='bbox 241 3125 308 3160; x_wconf 85' lang='lat' dir='ltr'>est</span> <span class='ocrx_word' id='word_1_232' title='bbox 329 3119 453 3171; x_wconf 84' lang='lat' dir='ltr'>quod</span> <span class='ocrx_word' id='word_1_233' title='bbox 479 3130 554 3157; x_wconf 83' lang='lat' dir='ltr'>me</span> <span class='ocrx_word' id='word_1_234' title='bbox 578 3118 697 3158; x_wconf 80' lang='lat' dir='ltr'>solos</span> <span class='ocrx_word' id='word_1_235' title='bbox 714 3123 850 3169; x_wconf 79' lang='lat' dir='ltr'>putes</span> <span class='ocrx_word' id='word_1_236' title='bbox 873 3115 1026 3157; x_wconf 80' lang='lat' dir='ltr'>dicere</span> <span class='ocrx_word' id='word_1_237' title='bbox 1048 3132 1124 3157; x_wconf 84' lang='lat' dir='ltr'>oc-</span> 
     </span>
     <span class='ocr_line' id='line_1_42' title="bbox 239 3174 1125 3228; baseline -0.001 -12"><span class='ocrx_word' id='word_1_238' title='bbox 239 3182 443 3228; x_wconf 80' lang='lat' dir='ltr'>cupatos,</span> <span class='ocrx_word' id='word_1_239' title='bbox 466 3187 583 3228; x_wconf 83' lang='lat' dir='ltr'>quos</span> <span class='ocrx_word' id='word_1_240' title='bbox 604 3189 635 3213; x_wconf 83' lang='lat' dir='ltr'>a.</span> <span class='ocrx_word' id='word_1_241' title='bbox 659 3174 850 3214; x_wconf 76' lang='lat' dir='ltr'>basilica</span> <span class='ocrx_word' id='word_1_242' title='bbox 875 3174 1032 3214; x_wconf 77' lang='lat' dir='ltr'>emissi</span> <span class='ocrx_word' id='word_1_243' title='bbox 1050 3177 1125 3215; x_wconf 79' lang='lat' dir='ltr'>de·</span> 
     </span>
     <span class='ocr_line' id='line_1_43' title="bbox 239 3229 1122 3285; baseline -0.002 -13"><span class='ocrx_word' id='word_1_244' title='bbox 239 3248 370 3274; x_wconf 83' lang='lat' dir='ltr'>mum</span> <span class='ocrx_word' id='word_1_245' title='bbox 416 3243 558 3273; x_wconf 81' lang='lat' dir='ltr'>canes</span> <span class='ocrx_word' id='word_1_246' title='bbox 597 3231 796 3272; x_wconf 81' lang='lat' dir='ltr'>eiiciunt.</span> <span class='ocrx_word' id='word_1_247' title='bbox 874 3229 1122 3285; x_wconf 80' lang='lat' dir='ltr'>Loquutio-</span> 
     </span>
     <span class='ocr_line' id='line_1_44' title="bbox 238 3287 1120 3344; baseline -0.002 -13"><span class='ocrx_word' id='word_1_248' title='bbox 238 3306 341 3331; x_wconf 86' lang='lat' dir='ltr'>nem</span> <span class='ocrx_word' id='word_1_249' title='bbox 366 3287 525 3331; x_wconf 89' lang='lat' dir='ltr'>Cicero</span> <span class='ocrx_word' id='word_1_250' title='bbox 550 3302 728 3344; x_wconf 85' lang='lat' dir='ltr'>quoque</span> <span class='ocrx_word' id='word_1_251' title='bbox 751 3288 973 3343; x_wconf 77' lang='lat' dir='ltr'>usurpavit</span> <span class='ocrx_word' id='word_1_252' title='bbox 999 3287 1120 3329; x_wconf 82' lang='lat' dir='ltr'>Brut.</span> 
     </span>
     <span class='ocr_line' id='line_1_45' title="bbox 240 3345 1121 3400; baseline -0.005 -11"><span class='ocrx_word' id='word_1_253' title='bbox 240 3363 278 3390; x_wconf 88' lang='lat' dir='ltr'>c.</span> <span class='ocrx_word' id='word_1_254' title='bbox 301 3346 371 3400; x_wconf 84' lang='grc'>89,</span> <span class='ocrx_word' id='word_1_255' title='bbox 396 3346 496 3388; x_wconf 79' lang='lat'>305.</span> <span class='ocrx_word' id='word_1_256' title='bbox 519 3352 564 3387; x_wconf 81' lang='lat' dir='ltr'>et</span> <span class='ocrx_word' id='word_1_257' title='bbox 585 3346 621 3386; x_wconf 86' lang='lat'><em>1’1&#39;</em></span> <span class='ocrx_word' id='word_1_258' title='bbox 637 3347 821 3400; x_wconf 79' lang='lat' dir='ltr'>quidem</span> <span class='ocrx_word' id='word_1_259' title='bbox 842 3345 1121 3385; x_wconf 80' lang='lat' dir='ltr'>habitabant</span> 
     </span>
     <span class='ocr_line' id='line_1_46' title="bbox 239 3400 1117 3458; baseline -0.002 -13"><span class='ocrx_word' id='word_1_260' title='bbox 239 3406 286 3446; x_wconf 85' lang='lat' dir='ltr'>in</span> <span class='ocrx_word' id='word_1_261' title='bbox 320 3407 510 3453; x_wconf 66' lang='lat' dir='ltr'>rostris,</span> <span class='ocrx_word' id='word_1_262' title='bbox 553 3409 620 3452; x_wconf 83' lang='lat' dir='ltr'>et,</span> <span class='ocrx_word' id='word_1_263' title='bbox 666 3416 921 3458; x_wconf 83' lang='lat' dir='ltr'>quanquam</span> <span class='ocrx_word' id='word_1_264' title='bbox 956 3400 1040 3443; x_wconf 82' lang='lat' dir='ltr'>alia</span> <span class='ocrx_word' id='word_1_265' title='bbox 1073 3402 1117 3443; x_wconf 90' lang='lat' dir='ltr'>in</span> 
     </span>
     <span class='ocr_line' id='line_1_47' title="bbox 238 3457 1115 3514; baseline -0.005 -11"><span class='ocrx_word' id='word_1_266' title='bbox 238 3477 311 3509; x_wconf 87' lang='lat' dir='ltr'>re,</span> <span class='ocrx_word' id='word_1_267' title='bbox 355 3460 408 3502; x_wconf 87' lang='lat' dir='ltr'>de</span> <span class='ocrx_word' id='word_1_268' title='bbox 444 3469 555 3504; x_wconf 84' lang='lat' dir='ltr'>orat.</span> <span class='ocrx_word' id='word_1_269' title='bbox 579 3460 620 3509; x_wconf 70' lang='grc' dir='ltr'>Ξ,</span> <span class='ocrx_word' id='word_1_270' title='bbox 641 3459 711 3510; x_wconf 70' lang='lat'>27,</span> <span class='ocrx_word' id='word_1_271' title='bbox 736 3457 860 3505; x_wconf 65' lang='lat'>292„</span> <span class='ocrx_word' id='word_1_272' title='bbox 903 3474 985 3514; x_wconf 84' lang='lat' dir='ltr'>pro</span> <span class='ocrx_word' id='word_1_273' title='bbox 1010 3458 1115 3500; x_wconf 90' lang='lat' dir='ltr'>Mu-</span> 
     </span>
     <span class='ocr_line' id='line_1_48' title="bbox 236 3515 1118 3570; baseline 0 -11"><span class='ocrx_word' id='word_1_274' title='bbox 236 3534 333 3561; x_wconf 85' lang='lat' dir='ltr'>ren.</span> <span class='ocrx_word' id='word_1_275' title='bbox 359 3534 399 3559; x_wconf 86' lang='lat' dir='ltr'>c.</span> <span class='ocrx_word' id='word_1_276' title='bbox 423 3517 466 3559; x_wconf 90' lang='lat'>9.</span> <span class='ocrx_word' id='word_1_277' title='bbox 489 3517 701 3558; x_wconf 72' lang='lat' dir='ltr'>habitare</span> <span class='ocrx_word' id='word_1_278' title='bbox 725 3516 772 3556; x_wconf 86' lang='lat' dir='ltr'>in</span> <span class='ocrx_word' id='word_1_279' title='bbox 795 3515 910 3570; x_wconf 75' lang='lat' dir='ltr'>foro</span> <span class='ocrx_word' id='word_1_280' title='bbox 926 3548 937 3569; x_wconf 88' lang='lat'>,</span> <span class='ocrx_word' id='word_1_281' title='bbox 982 3515 1118 3559; x_wconf 81' lang='lat' dir='ltr'>Tusc.</span> 
     </span>
     <span class='ocr_line' id='line_1_49' title="bbox 233 3573 1118 3632; baseline -0.005 -16"><span class='ocrx_word' id='word_1_282' title='bbox 233 3574 347 3632; x_wconf 66' lang='lat' dir='ltr'>diep.</span> <span class='ocrx_word' id='word_1_283' title='bbox 370 3576 410 3625; x_wconf 82' lang='lat'>5,</span> <span class='ocrx_word' id='word_1_284' title='bbox 432 3575 500 3620; x_wconf 65' lang='grc'>24,</span> <span class='ocrx_word' id='word_1_285' title='bbox 524 3575 593 3618; x_wconf 87' lang='grc'>69.</span> <span class='ocrx_word' id='word_1_286' title='bbox 630 3589 718 3628; x_wconf 78' lang='lat' dir='ltr'>quo</span> <span class='ocrx_word' id='word_1_287' title='bbox 751 3575 940 3614; x_wconf 76' lang='lat' dir='ltr'>tandem</span> <span class='ocrx_word' id='word_1_288' title='bbox 976 3573 1118 3625; x_wconf 71' lang='lat' dir='ltr'>igitur</span> 
     </span>
    </p>
   </div>
   <div class='ocr_carea' id='block_1_7' title="bbox 1207 1456 2097 1627">
    <p class='ocr_par' dir='ltr' id='par_1_8' title="bbox 1207 1456 2097 1627">
     <span class='ocr_line' id='line_1_50' title="bbox 1207 1456 2097 1514; baseline 0.002 -16"><span class='ocrx_word' id='word_1_289' title='bbox 1207 1458 1378 1510; x_wconf 80' lang='lat' dir='ltr'>gaudio</span> <span class='ocrx_word' id='word_1_290' title='bbox 1410 1456 1536 1514; x_wconf 81' lang='lat' dir='ltr'>affici</span> <span class='ocrx_word' id='word_1_291' title='bbox 1562 1470 1750 1499; x_wconf 72' lang='lat' dir='ltr'>necesse</span> <span class='ocrx_word' id='word_1_292' title='bbox 1778 1463 1848 1499; x_wconf 79' lang='lat' dir='ltr'>est</span> <span class='ocrx_word' id='word_1_293' title='bbox 1877 1457 2097 1512; x_wconf 70' lang='lat' dir='ltr'>sapientis</span> 
     </span>
     <span class='ocr_line' id='line_1_51' title="bbox 1208 1514 2092 1570; baseline 0.003 -16"><span class='ocrx_word' id='word_1_294' title='bbox 1208 1515 1419 1556; x_wconf 81' lang='lat' dir='ltr'>animum</span> <span class='ocrx_word' id='word_1_295' title='bbox 1444 1530 1549 1557; x_wconf 81' lang='lat' dir='ltr'>cum</span> <span class='ocrx_word' id='word_1_296' title='bbox 1569 1514 1641 1556; x_wconf 78' lang='lat' dir='ltr'>his</span> <span class='ocrx_word' id='word_1_297' title='bbox 1665 1515 1955 1559; x_wconf 77' lang='lat' dir='ltr'>habitantem</span> <span class='ocrx_word' id='word_1_298' title='bbox 1980 1528 2092 1570; x_wconf 80' lang='lat' dir='ltr'>pce·-</span> 
     </span>
     <span class='ocr_line' id='line_1_52' title="bbox 1208 1575 1723 1627; baseline 0.006 -15"><span class='ocrx_word' id='word_1_299' title='bbox 1208 1579 1564 1627; x_wconf 81' lang='lat' dir='ltr'>noctantemque</span> <span class='ocrx_word' id='word_1_300' title='bbox 1586 1575 1723 1615; x_wconf 59' lang='lat' dir='ltr'>curas.</span> 
     </span>
    </p>
   </div>
   <div class='ocr_carea' id='block_1_8' title="bbox 1203 1640 2096 1930">
    <p class='ocr_par' dir='ltr' id='par_1_9' title="bbox 1203 1640 2096 1930">
     <span class='ocr_line' id='line_1_53' title="bbox 1261 1640 2096 1709; baseline 0 -25"><span class='ocrx_word' id='word_1_301' title='bbox 1261 1643 1528 1697; x_wconf 78' lang='lat' dir='ltr'>potentium</span> <span class='ocrx_word' id='word_1_302' title='bbox 1569 1656 1778 1684; x_wconf 84' lang='lat' dir='ltr'>reorum.</span> <span class='ocrx_word' id='word_1_303' title='bbox 1860 1640 1943 1685; x_wconf 90' lang='lat' dir='ltr'>Ed.</span> <span class='ocrx_word' id='word_1_304' title='bbox 1979 1640 2096 1709; x_wconf 74' lang='lat' dir='ltr'>Spir.</span> 
     </span>
     <span class='ocr_line' id='line_1_54' title="bbox 1203 1690 2096 1757; baseline 0.002 -17"><span class='ocrx_word' id='word_1_305' title='bbox 1203 1708 1303 1756; x_wconf 77' lang='lat' dir='ltr'>pot.</span> <span class='ocrx_word' id='word_1_306' title='bbox 1332 1715 1508 1742; x_wconf 81' lang='lat' dir='ltr'>rerum.</span> <span class='ocrx_word' id='word_1_307' title='bbox 1576 1699 1646 1741; x_wconf 87' lang='lat' dir='ltr'>De</span> <span class='ocrx_word' id='word_1_308' title='bbox 1682 1697 1890 1743; x_wconf 78' lang='lat' dir='ltr'>vocabuli</span> <span class='ocrx_word' id='word_1_309' title='bbox 1919 1690 2096 1757; x_wconf 69' lang='lat' dir='ltr'>signifi-</span> 
     </span>
     <span class='ocr_line' id='line_1_55' title="bbox 1204 1756 2092 1815; baseline -0.001 -14"><span class='ocrx_word' id='word_1_310' title='bbox 1204 1767 1309 1801; x_wconf 86' lang='lat' dir='ltr'>catu</span> <span class='ocrx_word' id='word_1_311' title='bbox 1343 1757 1402 1801; x_wconf 81' lang='lat' dir='ltr'>cf.</span> <span class='ocrx_word' id='word_1_312' title='bbox 1429 1756 1626 1800; x_wconf 77' lang='lat' dir='ltr'>VValch.</span> <span class='ocrx_word' id='word_1_313' title='bbox 1651 1757 1704 1800; x_wconf 91' lang='lat' dir='ltr'>ad</span> <span class='ocrx_word' id='word_1_314' title='bbox 1731 1756 1882 1815; x_wconf 75' lang='lat' dir='ltr'>Agric.</span> <span class='ocrx_word' id='word_1_315' title='bbox 1906 1772 1951 1815; x_wconf 86' lang='lat' dir='ltr'>p.</span> <span class='ocrx_word' id='word_1_316' title='bbox 1970 1757 2092 1812; x_wconf 65' lang='lat'>401„</span> 
     </span>
     <span class='ocr_line' id='line_1_56' title="bbox 1206 1815 2095 1873; baseline -0.003 -14"><span class='ocrx_word' id='word_1_317' title='bbox 1206 1816 1309 1873; x_wconf 87' lang='lat' dir='ltr'>qui,</span> <span class='ocrx_word' id='word_1_318' title='bbox 1346 1823 1394 1857; x_wconf 86' lang='lat' dir='ltr'>ut</span> <span class='ocrx_word' id='word_1_319' title='bbox 1425 1816 1667 1857; x_wconf 54' lang='lat' dir='ltr'>reiicerem⁴</span> <span class='ocrx_word' id='word_1_320' title='bbox 1690 1815 1998 1858; x_wconf 81' lang='lat' dir='ltr'>coniecturam</span> <span class='ocrx_word' id='word_1_321' title='bbox 2030 1816 2095 1857; x_wconf 82' lang='lat' dir='ltr'>vi-</span> 
     </span>
     <span class='ocr_line' id='line_1_57' title="bbox 1206 1870 2008 1930; baseline 0.001 -15"><span class='ocrx_word' id='word_1_322' title='bbox 1206 1889 1373 1916; x_wconf 83' lang='lat' dir='ltr'>rorum</span> <span class='ocrx_word' id='word_1_323' title='bbox 1388 1904 1400 1921; x_wconf 87' lang='lat'><strong>‚</strong></span> <span class='ocrx_word' id='word_1_324' title='bbox 1431 1872 1729 1930; x_wconf 83' lang='lat' dir='ltr'>disputatione</span> <span class='ocrx_word' id='word_1_325' title='bbox 1751 1888 1828 1916; x_wconf 85' lang='lat' dir='ltr'>sua</span> <span class='ocrx_word' id='word_1_326' title='bbox 1846 1870 2008 1916; x_wconf 64' lang='lat' dir='ltr'>effecit.</span> 
     </span>
    </p>
   </div>
   <div class='ocr_carea' id='block_1_9' title="bbox 1190 1953 2095 3630">
    <p class='ocr_par' dir='ltr' id='par_1_10' title="bbox 1192 1953 2095 3499">
     <span class='ocr_line' id='line_1_58' title="bbox 1250 1953 2095 2013; baseline 0.001 -14"><span class='ocrx_word' id='word_1_327' title='bbox 1250 1957 1505 2013; x_wconf 77' lang='lat' dir='ltr'>factiones.</span> <span class='ocrx_word' id='word_1_328' title='bbox 1557 1955 1656 1999; x_wconf 86' lang='lat' dir='ltr'>Hoc</span> <span class='ocrx_word' id='word_1_329' title='bbox 1680 1953 1950 2000; x_wconf 77' lang='lat' dir='ltr'>vocabulum</span> <span class='ocrx_word' id='word_1_330' title='bbox 1973 1955 2095 2000; x_wconf 70' lang='lat' dir='ltr'>deest</span> 
     </span>
     <span class='ocr_line' id='line_1_59' title="bbox 1205 2013 2094 2073; baseline 0 -17"><span class='ocrx_word' id='word_1_331' title='bbox 1205 2014 1251 2056; x_wconf 90' lang='lat' dir='ltr'>in</span> <span class='ocrx_word' id='word_1_332' title='bbox 1278 2014 1381 2056; x_wconf 87' lang='lat' dir='ltr'>edd.</span> <span class='ocrx_word' id='word_1_333' title='bbox 1408 2015 1625 2072; x_wconf 81' lang='lat' dir='ltr'>antiquis3</span> <span class='ocrx_word' id='word_1_334' title='bbox 1663 2014 1780 2073; x_wconf 86' lang='lat' dir='ltr'>Lips.</span> <span class='ocrx_word' id='word_1_335' title='bbox 1812 2013 1857 2056; x_wconf 88' lang='lat' dir='ltr'>id</span> <span class='ocrx_word' id='word_1_336' title='bbox 1883 2013 2049 2057; x_wconf 75' lang='lat' dir='ltr'>adiecit</span> <span class='ocrx_word' id='word_1_337' title='bbox 2070 2031 2094 2056; x_wconf 89' lang='lat' dir='ltr'>e</span> 
     </span>
     <span class='ocr_line' id='line_1_60' title="bbox 1203 2069 2092 2126; baseline -0.001 -11"><span class='ocrx_word' id='word_1_338' title='bbox 1203 2071 1307 2115; x_wconf 85' lang='lat' dir='ltr'>cod.</span> <span class='ocrx_word' id='word_1_339' title='bbox 1333 2071 1489 2120; x_wconf 65' lang='lat' dir='ltr'>Far-n„</span> <span class='ocrx_word' id='word_1_340' title='bbox 1533 2070 1769 2126; x_wconf 82' lang='lat' dir='ltr'>eidemque</span> <span class='ocrx_word' id='word_1_341' title='bbox 1803 2069 1917 2112; x_wconf 92' lang='lat' dir='ltr'>libro</span> <span class='ocrx_word' id='word_1_342' title='bbox 1951 2071 2092 2114; x_wconf 85' lang='lat' dir='ltr'>debe-</span> 
     </span>
     <span class='ocr_line' id='line_1_61' title="bbox 1204 2126 2092 2185; baseline 0.003 -16"><span class='ocrx_word' id='word_1_343' title='bbox 1204 2144 1327 2182; x_wconf 83' lang='lat' dir='ltr'>mus,</span> <span class='ocrx_word' id='word_1_344' title='bbox 1377 2127 1411 2170; x_wconf 90' lang='lat' dir='ltr'>si</span> <span class='ocrx_word' id='word_1_345' title='bbox 1454 2129 1588 2184; x_wconf 88' lang='lat' dir='ltr'>paulo</span> <span class='ocrx_word' id='word_1_346' title='bbox 1631 2136 1730 2183; x_wconf 84' lang='lat' dir='ltr'>post</span> <span class='ocrx_word' id='word_1_347' title='bbox 1766 2127 1883 2176; x_wconf 87' lang='lat' dir='ltr'>idem</span> <span class='ocrx_word' id='word_1_348' title='bbox 1917 2126 2092 2185; x_wconf 70' lang='lat' dir='ltr'>Lipsius</span> 
     </span>
     <span class='ocr_line' id='line_1_62' title="bbox 1203 2185 2091 2241; baseline 0.003 -14"><span class='ocrx_word' id='word_1_349' title='bbox 1203 2185 1303 2227; x_wconf 85' lang='lat' dir='ltr'>edd.</span> <span class='ocrx_word' id='word_1_350' title='bbox 1325 2193 1430 2227; x_wconf 84' lang='lat' dir='ltr'>vett.</span> <span class='ocrx_word' id='word_1_351' title='bbox 1453 2185 1750 2241; x_wconf 83' lang='lat' dir='ltr'>corruptelam</span> <span class='ocrx_word' id='word_1_352' title='bbox 1771 2185 2023 2228; x_wconf 76' lang='lat' dir='ltr'>senectutis</span> <span class='ocrx_word' id='word_1_353' title='bbox 2043 2185 2091 2230; x_wconf 83' lang='lat' dir='ltr'>in</span> 
     </span>
     <span class='ocr_line' id='line_1_63' title="bbox 1203 2242 2090 2296; baseline 0.005 -12"><span class='ocrx_word' id='word_1_354' title='bbox 1203 2249 1395 2284; x_wconf 79' lang='lat' dir='ltr'>senatus</span> <span class='ocrx_word' id='word_1_355' title='bbox 1428 2242 1636 2289; x_wconf 81' lang='lat' dir='ltr'>mutavit,</span> <span class='ocrx_word' id='word_1_356' title='bbox 1679 2249 1720 2284; x_wconf 79' lang='lat' dir='ltr'>et</span> <span class='ocrx_word' id='word_1_357' title='bbox 1749 2243 1940 2296; x_wconf 74' lang='lat' dir='ltr'>magnis</span> <span class='ocrx_word' id='word_1_358' title='bbox 1970 2258 2090 2289; x_wconf 79' lang='lat' dir='ltr'>cum.</span> 
     </span>
     <span class='ocr_line' id='line_1_64' title="bbox 1197 2299 2091 2356; baseline 0.006 -16"><span class='ocrx_word' id='word_1_359' title='bbox 1197 2300 1420 2352; x_wconf 77' lang='lat' dir='ltr'>praemiis</span> <span class='ocrx_word' id='word_1_360' title='bbox 1443 2315 1526 2356; x_wconf 88' lang='lat' dir='ltr'>pro</span> <span class='ocrx_word' id='word_1_361' title='bbox 1545 2299 1700 2351; x_wconf 78' lang='lat' dir='ltr'>magis</span> <span class='ocrx_word' id='word_1_362' title='bbox 1721 2313 1843 2342; x_wconf 82' lang='lat' dir='ltr'>cum.</span> <span class='ocrx_word' id='word_1_363' title='bbox 1857 2307 1960 2353; x_wconf 76' lang='lat' dir='ltr'>pr.‚&#39;</span> <span class='ocrx_word' id='word_1_364' title='bbox 1992 2301 2091 2344; x_wconf 84' lang='lat' dir='ltr'>&#39;uod</span> 
     </span>
     <span class='ocr_line' id='line_1_65' title="bbox 1202 2315 2092 2415; baseline 0.002 -15"><span class='ocrx_word' id='word_1_365' title='bbox 1202 2358 1248 2400; x_wconf 88' lang='lat' dir='ltr'>in</span> <span class='ocrx_word' id='word_1_366' title='bbox 1273 2365 1377 2399; x_wconf 81' lang='lat' dir='ltr'>vett.</span> <span class='ocrx_word' id='word_1_367' title='bbox 1400 2357 1499 2399; x_wconf 86' lang='lat' dir='ltr'>edd.</span> <span class='ocrx_word' id='word_1_368' title='bbox 1519 2371 1774 2415; x_wconf 86' lang='lat' dir='ltr'>expressum</span> <span class='ocrx_word' id='word_1_369' title='bbox 1801 2365 1907 2399; x_wconf 82' lang='lat' dir='ltr'>erat.</span> <span class='ocrx_word' id='word_1_370' title='bbox 1969 2315 2092 2402; x_wconf 50' lang='lat' dir='ltr'>Ron-</span> 
     </span>
     <span class='ocr_line' id='line_1_66' title="bbox 1203 2412 2089 2460; baseline 0.001 -3"><span class='ocrx_word' id='word_1_371' title='bbox 1203 2413 1326 2457; x_wconf 89' lang='lat' dir='ltr'>uulla</span> <span class='ocrx_word' id='word_1_372' title='bbox 1358 2413 1401 2455; x_wconf 88' lang='lat' dir='ltr'>in</span> <span class='ocrx_word' id='word_1_373' title='bbox 1437 2413 1502 2456; x_wconf 85' lang='lat' dir='ltr'>bis</span> <span class='ocrx_word' id='word_1_374' title='bbox 1531 2424 1595 2456; x_wconf 86' lang='lat' dir='ltr'>sat</span> <span class='ocrx_word' id='word_1_375' title='bbox 1619 2412 1792 2457; x_wconf 85' lang='lat' dir='ltr'>levibus</span> <span class='ocrx_word' id='word_1_376' title='bbox 1817 2412 2089 2460; x_wconf 77' lang='lat' dir='ltr'>coniecturis</span> 
     </span>
     <span class='ocr_line' id='line_1_67' title="bbox 1201 2469 2089 2530; baseline 0.001 -17"><span class='ocrx_word' id='word_1_377' title='bbox 1201 2480 1364 2515; x_wconf 85' lang='lat' dir='ltr'>tentata</span> <span class='ocrx_word' id='word_1_378' title='bbox 1399 2479 1528 2523; x_wconf 82' lang='lat' dir='ltr'>sunt;</span> <span class='ocrx_word' id='word_1_379' title='bbox 1571 2469 1783 2514; x_wconf 84' lang='lat' dir='ltr'>Osannus</span> <span class='ocrx_word' id='word_1_380' title='bbox 1813 2470 2089 2530; x_wconf 78' lang='lat' dir='ltr'>impingebat</span> 
     </span>
     <span class='ocr_line' id='line_1_68' title="bbox 1201 2526 2090 2586; baseline 0.002 -15"><span class='ocrx_word' id='word_1_381' title='bbox 1201 2527 1300 2584; x_wconf 89' lang='lat' dir='ltr'>(sic)</span> <span class='ocrx_word' id='word_1_382' title='bbox 1325 2527 1372 2570; x_wconf 88' lang='lat' dir='ltr'>in</span> <span class='ocrx_word' id='word_1_383' title='bbox 1392 2544 1494 2572; x_wconf 82' lang='lat' dir='ltr'>voc.</span> <span class='ocrx_word' id='word_1_384' title='bbox 1508 2529 1691 2581; x_wconf 66' lang='lat' dir='ltr'>singula</span> <span class='ocrx_word' id='word_1_385' title='bbox 1711 2534 1754 2569; x_wconf 86' lang='lat' dir='ltr'>et</span> <span class='ocrx_word' id='word_1_386' title='bbox 1777 2526 2001 2573; x_wconf 85' lang='lat' dir='ltr'>lenissima</span> <span class='ocrx_word' id='word_1_387' title='bbox 2023 2530 2090 2586; x_wconf 75' lang='lat' dir='ltr'>(ut</span> 
     </span>
     <span class='ocr_line' id='line_1_69' title="bbox 1199 2585 2090 2644; baseline 0.001 -15"><span class='ocrx_word' id='word_1_388' title='bbox 1199 2587 1292 2644; x_wconf 86' lang='lat' dir='ltr'>ipse</span> <span class='ocrx_word' id='word_1_389' title='bbox 1309 2585 1429 2642; x_wconf 81' lang='lat' dir='ltr'>dicit,</span> <span class='ocrx_word' id='word_1_390' title='bbox 1451 2586 1657 2643; x_wconf 85' lang='lat' dir='ltr'>equidem</span> <span class='ocrx_word' id='word_1_391' title='bbox 1678 2586 1830 2628; x_wconf 88' lang='lat' dir='ltr'>malim</span> <span class='ocrx_word' id='word_1_392' title='bbox 1848 2585 2090 2644; x_wconf 82' lang='lat' dir='ltr'>levissima)</span> 
     </span>
     <span class='ocr_line' id='line_1_70' title="bbox 1202 2642 2089 2686; baseline 0.001 -1"><span class='ocrx_word' id='word_1_393' title='bbox 1202 2643 1447 2686; x_wconf 78' lang='lat' dir='ltr'>mutatione</span> <span class='ocrx_word' id='word_1_394' title='bbox 1461 2642 1748 2685; x_wconf 83' lang='lat' dir='ltr'>scribendum</span> <span class='ocrx_word' id='word_1_395' title='bbox 1757 2644 1917 2686; x_wconf 78' lang='lat' dir='ltr'>&#39;suadet</span> <span class='ocrx_word' id='word_1_396' title='bbox 1929 2645 2089 2686; x_wconf 80' lang='lat' dir='ltr'>simul·</span> 
     </span>
     <span class='ocr_line' id='line_1_71' title="bbox 1202 2699 2087 2759; baseline 0.003 -17"><span class='ocrx_word' id='word_1_397' title='bbox 1202 2708 1337 2743; x_wconf 77' lang='lat' dir='ltr'>tates.</span> <span class='ocrx_word' id='word_1_398' title='bbox 1364 2699 1462 2742; x_wconf 88' lang='lat' dir='ltr'>Iure</span> <span class='ocrx_word' id='word_1_399' title='bbox 1477 2699 1520 2742; x_wconf 88' lang='lat' dir='ltr'>id</span> <span class='ocrx_word' id='word_1_400' title='bbox 1538 2699 1970 2755; x_wconf 75' lang='lat' dir='ltr'>vituperavitOrell.,</span> <span class='ocrx_word' id='word_1_401' title='bbox 1983 2702 2087 2759; x_wconf 82' lang='lat' dir='ltr'>quia</span> 
     </span>
     <span class='ocr_line' id='line_1_72' title="bbox 1200 2755 2085 2815; baseline 0.002 -15"><span class='ocrx_word' id='word_1_402' title='bbox 1200 2757 1420 2801; x_wconf 83' lang='lat' dir='ltr'>sententia</span> <span class='ocrx_word' id='word_1_403' title='bbox 1434 2756 1539 2800; x_wconf 83' lang='lat' dir='ltr'>haec</span> <span class='ocrx_word' id='word_1_404' title='bbox 1555 2766 1640 2799; x_wconf 85' lang='lat' dir='ltr'>est:</span> <span class='ocrx_word' id='word_1_405' title='bbox 1668 2757 1848 2807; x_wconf 78' lang='lat' dir='ltr'>„omnia</span> <span class='ocrx_word' id='word_1_406' title='bbox 1862 2755 1950 2808; x_wconf 82' lang='lat' dir='ltr'>illa,</span> <span class='ocrx_word' id='word_1_407' title='bbox 1972 2768 2085 2815; x_wconf 75' lang='lat' dir='ltr'>quae</span> 
     </span>
     <span class='ocr_line' id='line_1_73' title="bbox 1201 2814 2084 2871; baseline 0.003 -14"><span class='ocrx_word' id='word_1_408' title='bbox 1201 2822 1553 2858; x_wconf 70' lang='lat' dir='ltr'>commemorata</span> <span class='ocrx_word' id='word_1_409' title='bbox 1586 2821 1691 2856; x_wconf 84' lang='lat' dir='ltr'>sunt</span> <span class='ocrx_word' id='word_1_410' title='bbox 1718 2821 1759 2856; x_wconf 84' lang='lat' dir='ltr'>et</span> <span class='ocrx_word' id='word_1_411' title='bbox 1782 2814 1962 2871; x_wconf 84' lang='lat' dir='ltr'>quidem</span> <span class='ocrx_word' id='word_1_412' title='bbox 1989 2815 2084 2860; x_wconf 66' lang='lat' dir='ltr'>sifi·</span> 
     </span>
     <span class='ocr_line' id='line_1_74' title="bbox 1199 2871 2085 2929; baseline 0.005 -16"><span class='ocrx_word' id='word_1_413' title='bbox 1199 2872 1300 2928; x_wconf 81' lang='lat' dir='ltr'>gula</span> <span class='ocrx_word' id='word_1_414' title='bbox 1324 2880 1505 2929; x_wconf 86' lang='lat' dir='ltr'>propter</span> <span class='ocrx_word' id='word_1_415' title='bbox 1527 2871 1728 2928; x_wconf 81' lang='lat' dir='ltr'>proprias</span> <span class='ocrx_word' id='word_1_416' title='bbox 1752 2886 1906 2914; x_wconf 77' lang='lat' dir='ltr'>causas</span> <span class='ocrx_word' id='word_1_417' title='bbox 1930 2872 2085 2917; x_wconf 77' lang='lat' dir='ltr'>distra-</span> 
     </span>
     <span class='ocr_line' id='line_1_75' title="bbox 1199 2927 2082 2985; baseline 0.005 -14"><span class='ocrx_word' id='word_1_418' title='bbox 1199 2929 1359 2971; x_wconf 83' lang='lat' dir='ltr'>hebant</span> <span class='ocrx_word' id='word_1_419' title='bbox 1381 2944 1475 2970; x_wconf 85' lang='lat' dir='ltr'>rem</span> <span class='ocrx_word' id='word_1_420' title='bbox 1500 2927 1781 2985; x_wconf 85' lang='lat' dir='ltr'>publicam.”</span> <span class='ocrx_word' id='word_1_421' title='bbox 1806 2953 1811 2958; x_wconf 91' lang='lat'><strong>·</strong></span> <span class='ocrx_word' id='word_1_422' title='bbox 1837 2927 1924 2972; x_wconf 87' lang='lat' dir='ltr'>Sed</span> <span class='ocrx_word' id='word_1_423' title='bbox 1940 2929 2082 2976; x_wconf 82' lang='lat' dir='ltr'>Orell.</span> 
     </span>
     <span class='ocr_line' id='line_1_76' title="bbox 1197 2985 2083 3044; baseline 0.001 -14"><span class='ocrx_word' id='word_1_424' title='bbox 1197 3002 1377 3044; x_wconf 90' lang='lat' dir='ltr'>quoque</span> <span class='ocrx_word' id='word_1_425' title='bbox 1402 2985 1722 3042; x_wconf 78' lang='lat' dir='ltr'>vituperandus</span> <span class='ocrx_word' id='word_1_426' title='bbox 1745 2993 1810 3028; x_wconf 81' lang='lat' dir='ltr'>est</span> <span class='ocrx_word' id='word_1_427' title='bbox 1833 2985 2083 3033; x_wconf 69' lang='lat' dir='ltr'>conficiens</span> 
     </span>
     <span class='ocr_line' id='line_1_77' title="bbox 1196 3042 2079 3104; baseline 0.003 -19"><span class='ocrx_word' id='word_1_428' title='bbox 1196 3060 1354 3097; x_wconf 77' lang='lat' dir='ltr'>magn.</span> <span class='ocrx_word' id='word_1_429' title='bbox 1372 3044 1603 3086; x_wconf 82' lang='lat' dir='ltr'>cumulari</span> <span class='ocrx_word' id='word_1_430' title='bbox 1617 3043 1859 3097; x_wconf 71' lang='grc' dir='ltr'><em>ρναεηιίίε,</em></span> <span class='ocrx_word' id='word_1_431' title='bbox 1881 3042 1936 3087; x_wconf 81' lang='lat' dir='ltr'>ad</span> <span class='ocrx_word' id='word_1_432' title='bbox 1958 3046 2079 3104; x_wconf 84' lang='lat' dir='ltr'>quod</span> 
     </span>
     <span class='ocr_line' id='line_1_78' title="bbox 1197 3099 2077 3157; baseline 0.006 -15"><span class='ocrx_word' id='word_1_433' title='bbox 1197 3101 1356 3144; x_wconf 84' lang='lat' dir='ltr'>ductus</span> <span class='ocrx_word' id='word_1_434' title='bbox 1379 3109 1466 3148; x_wconf 82' lang='lat' dir='ltr'>est,</span> <span class='ocrx_word' id='word_1_435' title='bbox 1508 3099 1610 3157; x_wconf 87' lang='lat' dir='ltr'>quia</span> <span class='ocrx_word' id='word_1_436' title='bbox 1633 3100 1861 3142; x_wconf 81' lang='lat' dir='ltr'>duriorem</span> <span class='ocrx_word' id='word_1_437' title='bbox 1885 3118 1978 3146; x_wconf 83' lang='lat' dir='ltr'>esse</span> <span class='ocrx_word' id='word_1_438' title='bbox 1998 3118 2077 3149; x_wconf 83' lang='lat' dir='ltr'>ae-</span> 
     </span>
     <span class='ocr_line' id='line_1_79' title="bbox 1195 3156 2080 3204; baseline 0.002 -2"><span class='ocrx_word' id='word_1_439' title='bbox 1195 3156 1376 3202; x_wconf 85' lang='lat' dir='ltr'>cusativi</span> <span class='ocrx_word' id='word_1_440' title='bbox 1408 3157 1697 3199; x_wconf 85' lang='lat' dir='ltr'>omissionem</span> <span class='ocrx_word' id='word_1_441' title='bbox 1727 3157 1955 3202; x_wconf 79' lang='lat' dir='ltr'>sentiebat.</span> <span class='ocrx_word' id='word_1_442' title='bbox 2018 3157 2080 3204; x_wconf 76' lang='lat' dir='ltr'>A&#39;t</span> 
     </span>
     <span class='ocr_line' id='line_1_80' title="bbox 1195 3213 2073 3272; baseline 0.003 -16"><span class='ocrx_word' id='word_1_443' title='bbox 1195 3230 1298 3257; x_wconf 88' lang='lat' dir='ltr'>vero</span> <span class='ocrx_word' id='word_1_444' title='bbox 1324 3222 1516 3258; x_wconf 85' lang='lat' dir='ltr'>accusat.</span> <span class='ocrx_word' id='word_1_445' title='bbox 1533 3213 1655 3258; x_wconf 81' lang='lat' dir='ltr'>adest</span> <span class='ocrx_word' id='word_1_446' title='bbox 1675 3229 1734 3258; x_wconf 84' lang='lat' dir='ltr'>sc.</span> <span class='ocrx_word' id='word_1_447' title='bbox 1749 3217 2073 3272; x_wconf 76' lang='lat' dir='ltr'>eloquentiam,</span> 
     </span>
     <span class='ocr_line' id='line_1_81' title="bbox 1194 3270 2075 3331; baseline 0.003 -17"><span class='ocrx_word' id='word_1_448' title='bbox 1194 3288 1288 3315; x_wconf 84' lang='lat' dir='ltr'>eam</span> <span class='ocrx_word' id='word_1_449' title='bbox 1314 3272 1341 3315; x_wconf 90' lang='lat' dir='ltr'>i.</span> <span class='ocrx_word' id='word_1_450' title='bbox 1363 3288 1399 3314; x_wconf 89' lang='lat' dir='ltr'>e.</span> <span class='ocrx_word' id='word_1_451' title='bbox 1420 3271 1625 3314; x_wconf 83' lang='lat' dir='ltr'>homines</span> <span class='ocrx_word' id='word_1_452' title='bbox 1646 3270 1924 3329; x_wconf 74' lang='lat' dir='ltr'>eloquentes,</span> <span class='ocrx_word' id='word_1_453' title='bbox 1955 3290 2075 3331; x_wconf 84' lang='lat' dir='ltr'>prae·</span> 
     </span>
     <span class='ocr_line' id='line_1_82' title="bbox 1195 3327 2074 3384; baseline 0.006 -14"><span class='ocrx_word' id='word_1_454' title='bbox 1195 3328 1294 3371; x_wconf 75' lang='lat' dir='ltr'>iniis</span> <span class='ocrx_word' id='word_1_455' title='bbox 1329 3329 1559 3371; x_wconf 78' lang='lat' dir='ltr'>cumulare</span> <span class='ocrx_word' id='word_1_456' title='bbox 1593 3327 1810 3371; x_wconf 80' lang='lat' dir='ltr'>videntur.</span> <span class='ocrx_word' id='word_1_457' title='bbox 1886 3329 2074 3384; x_wconf 79' lang='lat' dir='ltr'>[Eadem</span> 
     </span>
     <span class='ocr_line' id='line_1_83' title="bbox 1194 3385 2074 3448; baseline 0.007 -22"><span class='ocrx_word' id='word_1_458' title='bbox 1194 3386 1439 3442; x_wconf 79' lang='lat' dir='ltr'>explicandi</span> <span class='ocrx_word' id='word_1_459' title='bbox 1464 3386 1635 3428; x_wconf 85' lang='lat' dir='ltr'>ratione</span> <span class='ocrx_word' id='word_1_460' title='bbox 1660 3385 1965 3431; x_wconf 80' lang='lat' dir='ltr'>Boetticherus</span> <span class='ocrx_word' id='word_1_461' title='bbox 1989 3403 2074 3448; x_wconf 77' lang='lat' dir='ltr'>nu-</span> 
     </span>
     <span class='ocr_line' id='line_1_84' title="bbox 1192 3443 1648 3499; baseline 0.004 -16"><span class='ocrx_word' id='word_1_462' title='bbox 1192 3443 1390 3499; x_wconf 79' lang='lat' dir='ltr'>perrime</span> <span class='ocrx_word' id='word_1_463' title='bbox 1421 3459 1525 3485; x_wconf 81' lang='lat' dir='ltr'>usus</span> <span class='ocrx_word' id='word_1_464' title='bbox 1547 3445 1648 3497; x_wconf 54' lang='lat' dir='ltr'>esu]</span> 
     </span>
    </p>

    <p class='ocr_par' dir='ltr' id='par_1_11' title="bbox 1190 3512 2071 3630">
     <span class='ocr_line' id='line_1_85' title="bbox 1247 3512 2071 3572; baseline 0.002 -15"><span class='ocrx_word' id='word_1_465' title='bbox 1247 3517 1468 3559; x_wconf 81' lang='lat' dir='ltr'>anteibat.</span> <span class='ocrx_word' id='word_1_466' title='bbox 1531 3515 1611 3558; x_wconf 78' lang='lat' dir='ltr'>Ed.</span> <span class='ocrx_word' id='word_1_467' title='bbox 1635 3515 1752 3572; x_wconf 83' lang='lat' dir='ltr'>Spir.</span> <span class='ocrx_word' id='word_1_468' title='bbox 1783 3512 1953 3565; x_wconf 78' lang='lat' dir='ltr'>exbibet</span> <span class='ocrx_word' id='word_1_469' title='bbox 1975 3531 2071 3559; x_wconf 75' lang='lat' dir='ltr'>an-</span> 
     </span>
     <span class='ocr_line' id='line_1_86' title="bbox 1190 3569 2068 3630; baseline 0.005 -17"><span class='ocrx_word' id='word_1_470' title='bbox 1190 3574 1364 3615; x_wconf 73' lang='lat' dir='ltr'>teibant</span> <span class='ocrx_word' id='word_1_471' title='bbox 1378 3605 1390 3624; x_wconf 86' lang='lat'><strong>‚</strong></span> <span class='ocrx_word' id='word_1_472' title='bbox 1442 3573 1593 3615; x_wconf 78' lang='lat' dir='ltr'>eadem</span> <span class='ocrx_word' id='word_1_473' title='bbox 1639 3572 1753 3615; x_wconf 83' lang='lat' dir='ltr'>Cato</span> <span class='ocrx_word' id='word_1_474' title='bbox 1794 3588 1877 3630; x_wconf 87' lang='lat' dir='ltr'>pro</span> <span class='ocrx_word' id='word_1_475' title='bbox 1914 3569 2068 3629; x_wconf 75' lang='lat' dir='ltr'>tanto,</span> 
     </span>
    </p>
   </div>
  </div>
 </body>
</html>
