2150 4022
366 273 665 335 INDEX
736 273 1006 335 ADNo
1033 242 1586 341 TATIONUM.

33 402 126 444 tter
155 401 568 460 permetapboram
592 398 722 444 Orat.
755 402 822 444 19.
875 401 938 446 cs.

94 458 190 502 Cic.
217 457 272 501 de
296 468 412 504 orat.
436 459 469 510 Ι,
493 459 564 510 60,
585 459 686 502 256.
721 460 810 501 iter
843 473 940 501 an-

91 517 344 572 tiquitatis5
367 516 522 560 ablat.
558 517 722 559 itineri
745 517 836 560 An.
867 518 937 566 15.

33 630 208 674 iterum
228 639 272 674 et
297 633 410 674 item
435 630 560 675 conf.
585 633 672 675 An.
704 630 767 683 15,
794 631 863 674 11.

32 689 118 732 iu-
151 697 194 732 et
231 689 314 729 vi·
350 686 477 732 conf.
512 690 604 737 An.
633 689 674 744 1,
695 690 738 734 8.
770 690 838 740 11,
859 687 932 734 28.

93 747 161 798 16,
184 746 256 790 29.
303 745 358 790 Π.
386 745 427 801 1,
451 746 492 789 1.

32 804 186 847 iubere
209 803 265 847 de
286 803 422 847 rebus
447 818 561 862 quae
587 802 642 847 ab
667 808 825 846 senatu
847 803 932 846 de-

90 869 341 905 cernuntur
363 862 452 906 An.
484 864 520 912 1,
543 861 586 904 8.
628 862 683 904 de
706 868 931 905 structura

90 919 184 962 An.
209 920 251 970 4,
274 919 344 964 72.
394 918 451 963 Η.
473 918 516 970 4,
536 918 610 962 28.

31 976 194 1020 Iubtus
214 985 258 1020 et
284 977 446 1019 Vibius
475 975 600 1020 conf.
629 975 685 1018 11.
710 976 754 1032 2,
777 977 850 1020 10.

31 1036 258 1077 iucundus
279 1033 494 1079 scribitur
518 1035 743 1078 ineundus
767 1033 931 1080 Germ.

33 1147 196 1191 Iudaea
221 1148 306 1191 An.
333 1148 400 1201 12,
431 1146 502 1192 54.

34 1205 187 1249 ludaei
212 1206 262 1250 ἐν
286 1206 522 1263 διασπορᾷ
547 1214 728 1263 agentes
745 1204 802 1251 H.
824 1206 866 1261 5,
887 1204 930 1250 5.

31 1261 264 1308 Iudaicum
285 1263 458 1308 bellum
482 1263 537 1308 H.
561 1265 602 1315 5,
627 1265 698 1308 10.

0 1364 1 1368 ,
32 1322 179 1365 iudex
209 1331 252 1365 et
286 1323 431 1365 index
467 1321 592 1366 conf.
627 1323 715 1366 An.
753 1319 833 1375 15‚1
855 1321 926 1364 58.

0 1399 1 1403 ¹
90 1378 152 1422 cf.
176 1378 408 1423 Drakenb.
431 1379 485 1423 ad
507 1377 609 1423 Liv.
633 1377 688 1429 V,
711 1378 783 1432 26,
809 1378 854 1421 6.

33 1438 253 1480 iudicium
280 1439 370 1479 An.
391 1435 433 1485 4,
456 1436 526 1480 39.
581 1435 638 1478 H.
659 1438 699 1484 1,
720 1434 794 1479 32.
855 1436 927 1476 iu·

87 1494 209 1536 dicia
241 1497 465 1546 reddere,
509 1497 625 1536 dare
661 1493 750 1536 An.
785 1497 824 1541 1,
851 1493 925 1537 72.

88 1552 257 1593 iudicia
277 1551 394 1609 apud
419 1560 623 1595 senatum
650 1560 748 1594 acta
775 1553 866 1594 An.
887 1550 928 1601 3,

93 1609 159 1651 12.
221 1609 358 1652 Cous.
383 1625 487 1653 curn
519 1608 741 1651 indicium
768 1608 863 1652 An.
885 1609 927 1656 4,

86 1665 159 1709 31.
197 1665 256 1712 Η.
283 1670 321 1714 l,
343 1665 389 1710 3.
419 1670 486 1710 11.
519 1665 562 1715 4,
585 1667 660 1707 40.

30 1723 167 1767 Iuliae
210 1723 358 1767 mariti
391 1727 482 1768 An.
520 1725 558 1773 1,
593 1722 636 1767 3.
706 1722 818 1767 Iulia
856 1722 928 1766 lex

88 1782 182 1826 An.
206 1783 250 1830 2,
274 1783 345 1825 50.
404 1781 536 1824 Iulia
559 1788 604 1824 et
628 1780 776 1824 Iunia
802 1779 925 1826 conf.

90 1841 181 1884 An·
206 1842 274 1894 115
296 1839 363 1884 12.
398 1839 466 1888 13,
487 1840 556 1883 19·

29 1896 169 1940 Iulus
191 1906 233 1940 et
257 1896 409 1940 Iulius
439 1897 565 1942 conf.
590 1896 683 1941 An.
710 1898 749 1948 1,
776 1899 846 1940 10.
876 1896 921 1952 4,

28 2013 211 2110 iuncta-3
241 2018 284 2055 et
318 2011 500 2054 uinctus
534 2009 656 2055 conf.
691 2010 747 2055 H.
777 2011 821 2062 2,
856 2010 924 2053 12.

29 2125 170 2170 Iunia
197 2133 239 2170 et
260 2124 386 2168 Iulia
410 2125 534 2169 conf.
557 2125 646 2169 An.
667 2128 736 2181 11,
756 2126 823 2168 12.
857 2123 925 2176 13,

29 2240 199 2284 Iunius
235 2248 279 2283 et
309 2238 478 2281 Vinius
519 2238 643 2282 conf.
667 2238 722 2282 H.
747 2244 786 2287 1,
810 2239 851 2282 6.
881 2237 925 2290 2,

5 2350 194 2406 ‘durare
227 2355 275 2397 in
305 2353 501 2396 alicuius
530 2354 673 2396 verba
701 2351 793 2396 An.
819 2353 857 2404 1,
878 2351 923 2395 7.

91 2413 275 2455 iuratus
297 2411 388 2454 An.
418 2413 453 2462 1,
479 2410 548 2454 74.

30 2460 79 2502 ¹⁶¹1
113 2470 185 2512 ius
217 2481 386 2511 vocare
408 2468 497 2511 An.
517 2467 561 2514 2,
584 2465 654 2509 34.
715 2465 813 2507 iure
840 2477 926 2506 suo

91 2527 181 2572 An.
203 2526 247 2576 4,
269 2525 340 2568 52.
398 2526 472 2568 ius
506 2522 765 2568 Verrinam
796 2522 927 2569 Orat.

87 2584 161 2629 23.
222 2580 360 2628 Cous.
393 2584 462 2626 ius
495 2591 539 2626 et
577 2582 642 2623 vis
672 2580 761 2622 An.
785 2581 828 2627 2,
851 2578 923 2622 39.

87 2641 131 2696 8,
157 2640 226 2684 11.
253 2640 320 2683 50.
362 2641 405 2695 4,
431 2639 504 2683 39.
531 2640 602 2682 48.
627 2637 699 2680 69.
739 2639 828 2681 An.
854 2636 922 2691 15,

85 2699 157 2744 81.
174 2731 188 2750 ,
227 2697 304 2741 ubi
336 2698 407 2740 ius
431 2696 612 2741 defendi
641 2710 770 2753 posse
794 2693 925 2739 vide-

86 2765 161 2801 tur
183 2754 285 2800 coll.
310 2754 408 2799 Cic.
435 2753 634 2813 Philipp.
661 2754 729 2801 15,
747 2751 819 2796 81.
854 2750 923 2794 lu·

87 2814 195 2858 stin.
218 2812 287 2863 38,
310 2813 352 2867 4,
383 2813 451 2856 11.

28 2874 161 2917 iussu
196 2879 239 2912 et
272 2870 418 2912 missu
453 2866 577 2912 conf.
610 2866 666 2911 H.
704 2868 742 2916 1,
768 2866 811 2909 9.
845 2865 920 2910 48.

86 2930 268 2972 iussum
298 2935 343 2970 et
369 2928 520 2970 visum
552 2924 677 2970 conf.
701 2924 756 2967 H.
781 2923 824 2975 3,
847 2922 920 2967 89.

31 3043 209 3087 iustitia
235 3041 320 3084 An.
347 3037 414 3094 14,
440 3038 515 3082 20.

32 3100 259 3144 iustitium
284 3099 376 3141 An.
398 3097 443 3152 2,
466 3096 542 3139 82.

29 3153 391 3208 iustasAn.2‚5.
429 3151 578 3209 15,18.
641 3150 922 3198 Conf.iusta

87 3222 131 3256 et
154 3215 311 3255 uulua
335 3210 391 3254 H.
415 3211 457 3263 4,
479 3211 551 3254 22.

29 3270 255 3315 iuvenalis
290 3268 385 3314 An.
423 3269 486 3319 14,
525 3267 594 3311 15.
656 3266 779 3311 conf.
815 3281 921 3311 cum

89 3328 298 3370 iuvenilis
319 3327 409 3370 An.
435 3326 503 3377 13,
520 3323 594 3368 47.

30 3385 238 3428 iuvenilis
261 3391 304 3427 et
328 3384 556 3427 iuvenalis
578 3379 702 3438 conf.
729 3383 821 3427 An.
848 3381 922 3438 13,

32 3498 206 3542 iuuenis
237 3499 496 3540 admodum
527 3495 655 3540 Orat.
686 3497 726 3539 1.
794 3497 919 3539 iuve-

85 3557 188 3599 nior
211 3562 254 3597 et
273 3555 430 3597 iunior
449 3553 610 3599 Germ.
625 3552 695 3598 24.
726 3554 787 3598 cf.
805 3553 922 3596 Ptin.

88 3612 172 3671 Ep.
194 3610 271 3660 ιν,
296 3612 337 3662 8,
358 3611 403 3657 5.

1778 279 1897 339 461

1006 403 1227 463 iuventus
1270 384 1325 448 de
1367 403 1594 463 equitibus
1631 404 1725 451 An.
1755 406 1799 458 2,
1830 406 1901 452 83.

1067 459 1129 504 cs.
1153 459 1384 506 Drakenb.
1407 462 1463 506 ad
1484 462 1586 508 Liv.
1611 461 1669 517 11,
1693 463 1766 508 20.
1798 465 1900 520 qui-

1015 573 1025 585 .
1063 516 1150 561 bus
1178 519 1307 563 annis
1331 520 1614 586 adscribatur
1636 521 1729 567 An.
1756 520 1800 578 8,
1827 523 1898 566 16.

1005 577 1725 686 :3352252{3‡.V2315¹e,²'42⁷.⁶·16.
1748 636 1820 682 10.

1003 687 1144 732 Izates
1166 690 1260 735 An.
1286 692 1352 741 12,
1380 691 1447 735 18.

1416 893 1484 954 L.

1000 1026 1171 1068 labans
1194 1033 1238 1069 et
1261 1027 1424 1072 labens
1446 1029 1574 1074 conf.
1602 1030 1657 1075 H.
1679 1030 1721 1087 8,
1746 1032 1819 1078 28.

1000 1083 1261 1140 labefactus
1312 1094 1355 1130 et
1401 1086 1721 1142 labefactatus
1766 1093 1893 1136 cons.

1058 1141 1149 1184 An.
1177 1142 1247 1196 13,
1269 1143 1342 1188 21.
1381 1160 1426 1190 v.
1447 1143 1704 1190 Gernhard.
1728 1145 1785 1192 ad'
1799 1149 1895 1196 Cic.

1059 1198 1155 1243 Cat.
1183 1215 1245 1242 m.
1268 1209 1314 1259 p.
1334 1203 1409 1246 40.

999 1257 1221 1356 la205rare
1274 1260 1402 1304 verb.
1459 1261 1676 1307 transitiv.
1731 1261 1894 1310 Germ.

998 1370 1335 1418 Lacedaemone
1397 1376 1577 1434 expulsa
1637 1378 1894 1439 eloquentia

1058 1428 1187 1473 Orat.
1217 1430 1290 1475 40.
1650 1467 1654 1473 .

998 1489 1228 1530 lacessere
1251 1489 1342 1533 An.
1373 1491 1439 1546 14,
1463 1491 1534 1536 48.
1576 1493 1707 1537 Orat.
1731 1493 1805 1539 81.

997 1544 1254 1600 lacrimae,
1305 1548 1357 1590 de
1391 1548 1551 1608 script.
1573 1552 1662 1595 An.
1687 1554 1727 1603 1,
1747 1552 1790 1596 5.
1821 1554 1892 1597 12.

1058 1603 1127 1655 11,
1151 1603 1193 1643 2.
1222 1604 1294 1647 37.
1334 1605 1400 1656 14,
1428 1612 1465 1649 1.
1500 1609 1652 1660 15,62,
1692 1609 1749 1654 Η.
1769 1611 1895 1660 1,82.

1057 1660 1099 1707 2,
1123 1659 1195 1702 29.
1239 1661 1366 1706 Orat.
1394 1663 1463 1707 12.

998 1715 1124 1760 lacus
1157 1716 1340 1775 Curtius
1372 1720 1430 1764 H.
1463 1722 1504 1774 1,
1533 1722 1607 1767 41.
1651 1741 1696 1771 v.
1730 1723 1826 1771 Liv.
1854 1727 1894 1783 Ι,

1058 1774 1128 1818 13.
1164 1775 1261 1832 Vn,
1285 1776 1330 1820 6.
1359 1792 1429 1834 pr.

996 1833 1310 1935 Ιαῧιὲζίῡέἑη.
1330 1835 1402 1879 40.
1463 1836 1590 1883 conf.
1618 1855 1724 1913 cum
1749 1843 1898 1884 lectus

993 1950 1192 1991 lanceae
1214 1949 1417 1993 diversae
1439 1950 1494 1995 ab
1517 1954 1664 1997 hastile
1680 1951 1897 2000 Germ.6.

995 2004 1280 2104 Βειῐίὅςοὺειτάἰ
1332 2010 1426 2053 An.
1477 2011 1548 2061 11,
1600 2011 1671 2056 17.
1734 2010 1893 2056 Germ.

994 2092 1172 2163 later-‘es
1195 2120 1284 2166 An.
1310 2123 1379 2178 16,
1410 2127 1451 2168 1.

996 2192 1150 2233 latum
1170 2207 1307 2235 mare
1333 2193 1423 2240 An.
1446 2196 1489 2250 2,
1508 2196 1579 2239 78.

995 2263 1162 2303 laurea
1187 2278 1250 2306 sc.
1275 2278 1452 2308 corona
1476 2267 1569 2311 An.
1590 2268 1630 2319 2,
1659 2268 1728 2311 16.

997 2330 1052 2375 C.
1078 2331 1295 2375 Leeanius
1319 2335 1409 2379 An.
1439 2337 1506 2390 15,
1529 2338 1600 2383 33.

996 2402 1280 2445 lectisternia
1319 2413 1361 2448 et
1397 2409 1684 2453 sellisternia
1719 2410 1891 2456 diversa

1053 2461 1142 2501 An.
1166 2461 1231 2510 15,
1253 2462 1324 2504 44.

996 2518 1140 2560 lectus
1171 2517 1380 2563 adieetiv.
1404 2519 1461 2564 H.
1483 2523 1526 2578 4,
1543 2525 1617 2567 40.
1658 2523 1818 2571 Germ.
1842 2527 1886 2570 6.
1920 2571 1922 2573 ,

1058 2572 1127 2618 18.
1175 2575 1298 2618 conf.
1325 2592 1427 2620 cum
1455 2582 1607 2625 laems
1629 2581 1759 2627 Orat.
1782 2584 1857 2629 22.

997 2630 1223 2688 legionum
1245 2634 1452 2679 decursio
1473 2637 1520 2679 in
1542 2639 1778 2683 funeribus
1803 2642 1890 2684 An.

1053 2690 1096 2743 2,
1131 2689 1173 2732 7.
1234 2692 1440 2744 legiones
1470 2694 1597 2739 conf.
1627 2713 1733 2741 cum
1763 2700 1889 2752 ligo-

1053 2761 1136 2789 nes
1175 2746 1229 2790 H.
1270 2749 1312 2799 8,
1356 2749 1428 2794 27.
1487 2767 1592 2796 cum
1638 2755 1891 2808 religiones

1053 2804 1143 2846 An.
1174 2805 1242 2856 16,
1263 2806 1335 2849 22.
1375 2807 1499 2853 conf.
1520 2825 1627 2854 cum
1651 2813 1780 2868 regio
1793 2814 1887 2859 An.

1051 2862 1125 2964 ἐξ,
1152 2860 1225 2905 43.
1272 2861 1327 2907 Η.
1356 2864 1399 2920 2,
1430 2866 1506 2911 27.
1539 2867 1614 2912 74.
1656 2868 1701 2925 3,
1732 2869 1804 2916 50.
1843 2873 1889 2926 4.

991 2976 1192 3021 Lemovii
1218 2977 1374 3022 Germ.
1396 2978 1469 3024 43.

991 3036 1113 3077 lenis
1135 3045 1178 3078 et
1198 3038 1314 3079 levis
1339 3037 1464 3082 conf.
1487 3039 1577 3085 An.
1603 3043 1670 3090 11,
1695 3040 1739 3084 3.

991 3092 1203 3191 Ιενέιέυάο
1237 3102 1279 3137 et
1310 3096 1539 3139 lentitudo
1563 3098 1690 3145 conf.
1712 3099 1804 3146 An.
1821 3102 1888 3154 15,

992 3207 1219 3306 lergt‘litudo
1242 3214 1286 3251 et
1311 3209 1516 3254 lenitudo
1546 3212 1674 3256 conf.
1699 3214 1791 3259 An.
1816 3215 1888 3266 15,

991 3321 1060 3364 Μ.
1074 3319 1282 3378 Lepidus,
1295 3339 1350 3367 an
1364 3323 1446 3369 M’.
1458 3325 1651 3385 Lepidus
1663 3328 1752 3376 An.
1768 3333 1806 3382 1,
1821 3331 1890 3378 13.

1050 3378 1093 3430 8,
1105 3378 1175 3422 32.
1192 3377 1262 3422 35.
1276 3379 1320 3436 4,
1334 3382 1407 3426 20.
1439 3381 1561 3426 Dixit
1575 3401 1720 3444 nuper
1737 3388 1790 3432 de
1801 3388 1890 3433 hoc

1054 3436 1086 3481 Ι.
1125 3436 1224 3480 ναξ.
1257 3437 1461 3484 Francke
1505 3440 1551 3485 in
1589 3441 1805 3489 Graecar.
1846 3456 1893 3490 et

1053 3492 1197 3536 Latin.
1233 3494 1371 3541 inscri
1408 3496 1584 3542 tionum
1618 3500 1890 3547 collectione

1052 3549 1336 3597 Richteriana
1354 3555 1373 3611 (
1415 3557 1526 3601 erol.
1543 3557 1692 3613 1880.)
1716 3574 1761 3616 p.
1777 3559 1892 3612 286..

1055 3607 1180 3651 euius
1210 3609 1340 3653 verba
1367 3610 1403 3654 οἱ
1426 3612 1704 3671 adscripsero
1730 3631 1892 3674 operae

1252 3681 1426 3747 ΝΞ
