2150 4022
214 252 345 327 214

216 396 363 457 tiam
397 396 657 475 principi
689 397 956 454 donares-

517 265 757 327 1UL11
802 240 1392 330 AGRIC.V1TA
1435 226 1770 338 cAP,1225.
1820 218 1826 222 ⁸

1043 397 1163 457 Sed
1199 394 1352 454 mihi
1379 390 1649 475 filiaeque
1680 399 1838 468 eius,
1892 417 2063 474 prae-

218 496 308 542 ter
335 483 710 541 acerbitatem
738 482 999 557 parentis
1030 483 1244 558 erepti,
1283 494 1456 556 auget
1481 483 1828 541 maestitiam
1845 529 1862 553 ‚
1905 487 2066 560 quod

219 570 487 627 adsidere
523 565 882 638 valetudini,
941 569 1141 625 fovere
1180 567 1578 638 deficientem,
1641 567 1843 626 satiari
1880 561 2068 640 vultu',

218 654 528 729 complexu
578 673 711 708 ‘non
757 653 1022 726 contigit.

1121 653 1540 727 excepissemus
1590 664 1741 713 certe
1791 655 2069 711 mandata

220 759 542 815 vocesque,
609 757 754 814 quas
795 739 1031 813 penitus
1075 737 1274 793 animo
1320 738 1646 811 figeremUS.

1729 750 1930 795 noster
1972 734 2073 796 hic

219 824 424 893 dolor,
455 834 726 880 nostrum
750 823 992 879 vulnus:
1038 822 1212 879 nobis
1233 833 1355 878 tam
1379 823 1589 896 longae
1612 823 1908 880 absentiae
1930 844 2073 881 con-

223 909 449 967 ditione
488 920 624 965 ante
673 905 1147 984 quadriennium'
1184 908 1430 963 amissus
1476 919 1577 967 est.

1674 903 1900 965 Omnia
1949 909 2074 965 sine

223 995 408 1052 dubio
428 1039 445 1064 ‚
491 994 712 1069 optime
739 1004 1080 1068 parentum,
1135 992 1440 1050 adsidente
1467 992 1864 1050 amantissima
1890 1013 2075 1051 uxore

222 1081 562 1157 superfuere
617 1074 838 1135 honori
893 1089 1023 1135 tuo:

1111 1078 1492 1153 paucioribus
1555 1089 1755 1135 tamen
1816 1079 2076 1135 lacrimis

220 1165 580 1240 compositus
623 1183 716 1234 es,
771 1175 828 1220 et
874 1162 1191 1220 novissima
1235 1164 1298 1218 in
1340 1164 1470 1221 luce
1519 1163 1920 1221 desideravere
1967 1164 2078 1220 ali-

225 1250 370 1329 quid
401 1250 559 1307 oculi
587 1249 694 1308 tui..

221 1415 372 1476 potius
404 1415 587 1459 cessisse
617 1416 819 1458 naturae.
893 1415 1004 1474 Ipsis
1033 1415 1118 1459 illis

223 1472 465 1517 virtutibus
542 1471 855 1516 innocentiam
932 1472 1120 1517 donavit

221 1528 443 1590 principi,
483 1529 651 1588 quippe
678 1545 811 1586 quem
843 1530 1004 1572 mortis
1037 1545 1118 1572 an-

221 1596 399 1634 ctorem
421 1596 633 1633 constans
659 1603 823 1632 rumor
846 1587 1001 1630 ferret.

281 1649 367 1688 sed
391 1647 505 1687 mihi
511 1645 735 1701 filiaeque
757 1648 870 1695 eius,
930 1644 1005 1689 Sic
1016 1643 1120 1688 MS.

225 1703 327 1746 vat.
349 1702 480 1746 3429.
506 1717 510 1720 ·
541 1702 744 1745 Rhenan.
769 1701 815 1746 in
840 1703 1056 1759 castigatt.
1078 1711 1120 1744 et

147 1782 149 1785 ·
223 1776 369 1819 nuper
393 1759 588 1805 Seebod.
617 1758 798 1804 Dronk.
823 1758 1048 1804 Beckerus
1078 1768 1122 1801 et

222 1817 481 1870 Hertelius3
573 1817 621 1863 in
680 1817 801 1860 idem
867 1817 1122 1861 Schefferus

223 1875 465 1922 inciderat.
542 1898 599 1907 —
706 1875 761 1917 ln
840 1875 942 1918 edd.
1007 1873 1120 1917 anti-

259 1933 326 1979 uis
381 1942 516 1978 exstat
549 1933 749 1990 filioque
798 1935 920 1987 eius,
997 1931 1119 1989 quod

229 1990 334 2037 *erri
367 1991 552 2048 nequit,
595 1989 697 2047 quia
732 1990 856 2033 hunc
887 1999 1120 2032 mortuum

227 2063 321 2090 esse
372 2047 464 2093 iam
517 2063 650 2106 supra
706 2063 745 2091 c.
795 2048 866 2090 28.
919 2045 1123 2090 narravit

225 2103 427 2150 Tacitus.
510 2105 650 2148 Recte
700 2104 840 2163 igitur
881 2103 1121 2146 Rhenanus

211 2163 438 2222 filiaeque
473 2161 692 2210 restituit,
740 2177 977 2221 perperam
1015 2176 1120 2202 vero

226 2235 331 2266 eum
396 2227 630 2278 sequentes
697 2220 889 2263 editores
951 2218 1122 2261 omise-

225 2286 335 2323 runt
376 2280 494 2333 eius,
557 2277 682 2335 quod
727 2293 984 2334 quanquam
1025 2291 1120 2318 non

227 2335 483 2380 necessario
505 2334 773 2402 requiritur,
797 2334 945 2378 omitti
969 2342 1120 2376 tamen

226 2393 384 2452 nequit
435 2392 493 2436 ob
551 2392 776 2435 librorum
831 2407 1120 2435 consensum.

226 2451 362 2494 Tuae
380 2451 546 2495 addere
570 2450 750 2495 volebat
766 2449 963 2493 Pichena
982 2448 1122 2491 idem·

228 2524 317 2566 que
363 2508 619 2558 Ernestius‚
679 2508 755 2551 sed
802 2523 896 2550 non
942 2507 1123 2549 memo-

229 2582 303 2610 res
350 2565 418 2609 illi
471 2563 715 2623 antiquitus
767 2564 955 2608 traditae
1004 2563 1123 2608 scri-

230 2632 406 2683 pturae.

287 2683 446 2733 vultu,
498 2682 749 2733 complexu
807 2694 907 2721 non
974 2681 1126 2723 conti-

229 2739 312 2793 gie.
413 2741 749 2795 complexuque
808 2736 911 2780 MS.
972 2736 1124 2781 Vatic-

232 2796 363 2839 3429.
426 2796 528 2840 edd.
596 2795 785 2839 Becker.
851 2805 895 2839 et
951 2793 1122 2838 Hertel.

229 2853 323 2896 Pro
356 2854 545 2908 contigit
572 2853 619 2896 in
643 2852 746 2897 edd.
771 2852 873 2895 Put.
900 2868 971 2911 pr.
999 2851 1123 2896 Med.

232 2911 347 2953 Ven.
382 2911 483 2955 Riv.
522 2918 658 2954 exstat
699 2911 934 2964 contingit.
1007 2910 1122 2954 Cum

232 2967 600 3011 antecedentibus
637 2983 848 3026 compara
884 2966 1123 3011 Horatium

234 3024 369 3068 Satir.
398 3025 430 3075 1,
454 3027 491 3074 1,
514 3025 582 3068 80.
607 3041 709 3083 sqq.
740 3028 806 3070 At
830 3026 876 3068 εί
894 3028 1127 3068 condoluit

233 3088 466 3131 tentatum
488 3083 675 3140 frigore
695 3098 859 3138 corpus
880 3087 978 3127 Aut
1000 3084 1126 3125 alius

233 3154 372 3184 casus
404 3142 519 3184 lecto
550 3147 595 3181 te
626 3142 822 3196 adfixit,
871 3143 1017 3186 habes
1049 3138 1129 3195 qui

233 3199 491 3252 Adsideat,
527 3188 752 3253 scimenta
772 3207 938 3250 paret,
970 3196 1126 3241 medi-

234 3271 342 3301 cum
369 3262 531 3309 roget,
577 3261 627 3298 ut
658 3262 701 3296 te
724 3253 925 3299 Sus-citet
951 3271 1008 3299 ac
1034 3270 1127 3296 na-

234 3314 295 3355 tis
316 3315 486 3355 reddat
511 3311 724 3368 carisque
744 3314 1035 3373 propinquas.

290 3372 645 3425 excepissemus.
704 3367 1125 3414 Certissima·Piche·

235 3443 318 3470 nae
339 3425 607 3478 emendatio,
637 3442 770 3487 quam
796 3443 951 3471 sensus
974 3435 1124 3485 postu-

234 3484 310 3530 lat.
368 3485 485 3529 Nam
516 3483 606 3527 hoc
637 3499 820 3543 quoque
852 3486 907 3527 ad
926 3484 1128 3541 Agrico-

234 3543 302 3590 lae
349 3541 485 3584 filiam
532 3540 821 3585 referendum
873 3558 992 3590 esse,
1050 3557 1127 3585 se·

235 3600 387 3662 quenti
399 3601 673 3659 figet-emus,
694 3614 777 3659 pro
798 3613 889 3657 quo
911 3599 959 3643 in
982 3615 1124 3657 marg.

1191 1415 1289 1460 MS.
1312 1414 1415 1460 Vat.
1437 1415 1568 1460 3429.
1592 1424 1682 1459 est:
1726 1416 1836 1469 „AL
1853 1416 2080 1472 pingere·

1192 1490 1296 1517 mus
1314 1474 1371 1527 '’‚
1415 1475 1634 1517 'docetur
1688 1483 1856 1532 aperte.
1947 1473 2079 1519 Unus

1190 1531 1425 1575 Dronkius
1452 1531 1750 1575 correctionis
1776 1547 1954 1576 causam
1985 1549 2079 1576 non

1177 1589 1426 1647 perspexit.

1247 1649 1376 1690 nobis
1438 1653 1539 1688 tom
1604 1647 1776 1700 longae
1844 1648 2083 1690 absentiae

1192 1708 1328 1747 cond.
1359 1711 1470 1747 ante
1493 1705 1848 1758 quadriennium
1875 1706 2084 1748 amissus

1194 1771 1280 1806 est.
1342 1761 1432 1804 Pro
1467 1768 1569 1804 tam
1602 1761 1648 1804 in
1686 1761 1787 1805 MS.
1814 1760 1918 1811 ‚Vat.
1952 1762 2084 1807 3429.

1192 1821 1354 1865 vitiose
1381 1820 1597 1874 scriptum
1621 1826 1686 1861 est
1720 1826 1840 1864 tum.
1899 1819 2084 1863 Praete-

1193 1894 1268 1920 rea
1298 1893 1400 1919 cum
1425 1876 1651 1919 Walchio
1677 1876 1938 1920 reduximus
1973 1879 2085 1921 anti-

1193 1950 1384 1993 quarum
1425 1933 1528 1976 edd.
1566 1932 1839 1991 scripturam
1878 1935 2086 1978 amissus·

1194 2000 1261 2035 est
1285 1994 1407 2047 (nam
1434 1992 1480 2033 in
1501 1990 1722 2046 edd.Put.
1745 2007 1812 2048 pr.
1828 1991 1951 2034 Med,
1971 1991 2084 2037 Ven.

1194 2050 1297 2094 Riv.
1327 2056 1461 2091 exstat
1496 2055 1519 2088 ἔ
1548 2049 1672 2102 [satis
1702 2049 1885 2104 vulgare
1916 2058 1984 2093 est
2006 2065 2083 2094 vo·

1194 2107 1323 2150 culae
1344 2105 1690 2163 compendium]
1723 2113 1767 2148 et
1800 2106 1845 2148 in
1875 2107 1979 2151 edd.
2003 2108 2085 2151 Be-

1193 2164 1337 2208 roald.
1395 2172 1440 2207 et
1487 2161 1655 2207 Alciat.
1707 2161 1921 2207 scribitur
1982 2170 2089 2220 esti,

1227 2222 1297 2265 uia
1323 2222 1432 2264 haec
1455 2221 1592 2264 verba
1618 2235 1712 2263 non
1743 2220 1798 2263 ad
1823 2221 2083 2279 Agricolam

1194 2239 1312 2324 dicta
1342 2294 1459 2332 esse,
1498 2278 1788 2334 sequentibus
1821 2279 2086 2332 ostenditur,

1195 2337 1276 2380 ubi
1315 2337 1484 2390 optime
1515 2343 1774 2387 parentum
1813 2335 1994 2379 additur
2031 2341 2085 2383 ad

1195 2393 1498 2453 apostrophen
1524 2391 1832 2436 indicandam.
1891 2393 2014 2438 Male
2031 2399 2087 2441 ab

1195 2452 1414 2497 Rbenauo
1444 2450 1549 2492 inde
1581 2448 1807 2508 vulgatum
1841 2460 1905 2495 est
1929 2457 2087 2498 amis-

1195 2524 1278 2552 sus
1315 2523 1378 2552 es.

1197 2567 1438 2610 verborum
1463 2563 1750 2621 explicemus,
1783 2581 2014 2625 perperam
2038 2586 2087 2614 ex

1197 2625 1264 2667 his
1287 2622 1436 2668 verbis
1459 2620 1711 2679 collegisse,
1745 2631 1940 2679 quatuor
1961 2628 2088 2671 annis

1195 2692 1298 2741 post
1331 2678 1566 2736 Agricolae
1600 2678 1772 2722 obitum
1803 2679 1919 2724 hanc
1950 2679 2087 2727 vitam

1197 2742 1251 2783 ab
1276 2738 1434 2781 Tacito
1458 2736 1670 2792 scriptam
1693 2748 1811 2787 esse,
1840 2746 1942 2795 post
1965 2755 2088 2800 egre-

1197 2798 1311 2855 giam
1336 2794 1554 2837 Pichenae
1585 2793 1927 2851 explicationem
1950 2813 2087 2843 nemo

1195 2854 1354 2899 nescit.
1429 2850 1575 2893 lmmo
1617 2851 1720 2908 quia
1754 2851 1937 2898 Tacitus
1980 2871 2090 2910 cum

1197 2926 1332 2954 uxore
1355 2909 1443 2952 iam
1468 2916 1662 2966 quatuor
1683 2909 1811 2953 annis
1833 2919 1935 2955 ante
1949 2913 2090 2970 Agri-

1198 2970 1321 3012 colae
1354 2973 1551 3008 mortem
1580 2965 1723 3008 Roma
1749 2967 1974 3019 abfuerat,
2004 2971 2090 3016 sibi

1200 3023 1385 3084 perinde
1433 3039 1528 3066 esse
1582 3023 1715 3074 dicit,
1775 3040 1829 3070 ac
1884 3027 1920 3070 si
1975 3044 2087 3087 qua-

1197 3081 1406 3126 driennio
1462 3088 1566 3123 ante
1616 3081 1828 3142 Agricola
1875 3083 2089 3131 ¹mortuus

1198 3149 1326 3183 esset.

1254 3200 1426 3251 optime
1440 3204 1713 3251 parentum.
1771 3197 1850 3243 Sic
1870 3199 1972 3246 edd.
1987 3200 2091 3247 Pur.

1198 3271 1268 3323 pr.
1295 3255 1418 3297 Med.
1439 3254 1554 3321 yen.
1571 3288 1583 3305 ,
1614 3270 1726 3313 quae
1748 3266 1960 3357 corrup-t:
1983 3269 2089 3303 sunt

1198 3330 1245 3355 in
1268 3312 1371 3355 edd.
1395 3313 1497 3356 Riv.
1524 3312 1732 3356 Beroald.
1756 3312 1862 3357 Ale.
1957 3331 2089 3362 enan.

1199 3370 1325 3427 Lips.
1349 3371 1396 3412 in
1424 3373 1602 3426 optima
1634 3378 1916 3424 parentum,
1954 3388 2088 3431 quem

1199 3442 1400 3471 errorem
1424 3426 1603 3470 sustulit
1624 3426 1837 3472 Picheua.

1255 3486 1538 3536 compositus
1558 3499 1620 3530 es.
1672 3483 1807 3531 MSS.
1822 3484 1942 3531 Vatt.
1959 3487 2088 3537 3429-

1201 3550 1246 3585 et
1268 3541 1398 3586 4498.
1424 3545 1744 3597 comploratus
1764 3557 1838 3598 es,
1873 3545 1998 3601 quod
2019 3562 2090 3588 re-

1200 3601 1318 3658 cepit
1345 3615 1448 3642 cum
1473 3598 1684 3662 Beckero·
1701 3598 1940 3646 Hei-telius.
2002 3603 2089 3647 Sed

1462 2506 1688 2563 Lipsium‚
1740 2517 1789 2550 ut
1823 2511 2086 2555 sententiam
2149 2558 2150 2563 ,
