2150 4022
226 271 351 331 312

731 265 855 327 DE
910 264 1565 330 ORATORIBUS

221 398 509 459 tellexisse
522 440 539 466 ‚
592 395 749 474 quid
771 395 994 456 melius
1015 409 1163 457 esset
1177 441 1196 471 ,
1247 417 1365 455 nec-
1382 396 1748 456 voluntatem
1774 393 1860 467 ei,
1913 390 2069 475 quin‘

225 482 545 543 sublimius·
578 493 635 538 et
673 481 887 540 cultius
919 483 1168 551 diceret,
1221 483 1324 540 sed
1349 481 1658 557 ingenium
1683 480 1930 547 aevires
1957 483 2064 540 de·-

222 569 420 627 fuisse.

506 564 672 638 Quid
710 587 778 624 ex
813 565 1111 626 Coelianis
1147 567 1516 626 orationibus
1544 587 1758 644 nempe
1797 586 1898 625 eae
1931 567 2078 644 pla-

223 662 387 724 cent,
430 651 482 708 si
506 671 632 710 non
662 653 970 711 universae
986 700 1002 725 ‚
1049 664 1109 712 at
1130 663 1324 731 partes
1351 671 1587 724 earum,
1629 653 1695 710 in
1723 651 1940 732 quihus
1969 653 2066 710 ni·-

279 861 366 892 neo
399 849 688 891 voluntatem
723 849 788 901 ei,
828 851 938 906 quin
965 850 1112 894 subli-

224 908 345 950 mius
371 912 416 950 et
438 906 610 950 cultius
629 907 802 950 diceret
826 915 915 952 etc.
974 906 1113 953 MSS.

222 962 402 1008 Vaticc.
455 978 515 1007 ne
568 965 867 1007 voluntatem
920 965 968 1009 εἰ
1020 979 1112 1021 quo

221 1020 496 1075 sublimius,
546 1020 667 1064 unde
708 1021 885 1065 Dronk.
931 1021 1110 1066 Osann.

226 1077 372 1123 Orell.
411 1074 626 1130 [Bekker.
660 1085 702 1121 et
737 1078 1025 1136 Boetticher.]
1071 1080 1117 1123 ei
1145 1107 1148 1117 =

223 1142 527 1202 receperunt,
607 1135 684 1179 sed
739 1138 847 1192 quin
898 1153 949 1180 ex
1008 1137 1110 1181 edd.

225 1193 437 1238 omnibus
506 1201 762 1238 servarunt.
869 1193 967 1239 Nec
1034 1211 1108 1239 re-

203 1260 392 1310 ,pugnat
413 1249 717 1294 emendationi
744 1250 846 1296 MS.
869 1252 1034 1310 Neap..
1064 1251 1111 1294 in

222 1323 314 1367 quo
329 1322 343 1351 τ
389 1323 473 1351 nec
494 1310 779 1362 voluptatem
801 1319 846 1353 ec
869 1324 957 1366 quo
981 1310 1112 1358 subl..

225 1363 486 1424 corruptela
525 1365 646 1408 satis'
671 1375 846 1422 aperta,
893 1366 1112 1425 scriptum

224 1430 308 1466 est.
402 1422 503 1466 Iam
562 1421 793 1467 Acidalius
855 1439 1112 1483 pronomen

224 1479 441 1523 omissum
477 1495 607 1539 aegre
639 1480 803 1524 tulerat
835 1482 972 1550 idque
1007 1497 1114 1527 cum

223 1538 496 1580 Heumanno
530 1545 633 1581 ante
664 1537 869 1592 defmlsse
906 1555 1114 1583 inseren-

226 1595 336 1637 dum
360 1602 610 1652 putaverat.
673 1594 882 1646 [Bekker.
907 1613 955 1640 ex
979 1595 1116 1641 codd.

226 1667 315 1708 quo
353 1651 402 1694 in
441 1658 560 1695 textu
603 1652 776 1711 posuit,
830 1653 1118 1698 Boettiehero

225 1724 322 1752 non
377 1709 748 1780 obtemperante,
806 1720 957 1763 recte,
1013 1711 1120 1770 opi·-

225 1770 353 1820 nor.]
395 1789 454 1801 —-
512 1767 626 1812 hdd.
649 1768 750 1812 Put.
776 1777 819 1812 et
842 1768 946 1815 Riv.
970 1771 1120 1813 cultus

229 1824 437 1868 exhibent
460 1840 546 1883 pro
565 1827 750 1869 cultius.

291 1907 419 1966 Quid
455 1924 518 1951 ex
554 1908 783 1953 Caelianis
826 1909 1123 1952 orationibus

229 1974 314 2009 etc.
375 1966 426 2008 In
449 1965 773 2023 distinguendis
795 1967 860 2010 his
884 1967 1032 2010 verbis
1057 1967 1121 2008 di·

230 2021 503 2066 versissimas
537 2031 682 2081 partes
717 2026 814 2066 edd.
855 2034 1120 2081 sequuntur.

208 2078 349 2124 'Edd.
372 2080 548 2138 priores
571 2081 834 2124 exhibebant
861 2080 1023 2138 Quid?
1060 2094 1123 2123 ex

233 2137 358 2181 Coel.
393 2139 724 2182 orationibus?
778 2139 954 2197 Lipsius
990 2154 1121 2181 eum-

267 2211 323 2238 ue
371 2197 545 2253 sequuti
598 2195 697 2244 alii,
757 2204 806 2238 ut
855 2195 1030 2239 Dronk.
1079 2202 1123 2238 et

233 2210 440 2298 &saun-t
487 2253 611 2312 Quid
646 2268 710 2295 ex
745 2253 976 2296 Coela'nnis
1010 2267 1124 2296 ora·

234 2311 473 2354 tionibus?
533 2310 732 2354 Orellius
755 2327 857 2354 cum
873 2309 1063 2354 Pithoeo
1083 2317 1127 2353 et

235 2367 457 2412 Seebod.:
512 2368 671 2427 Quid?
732 2382 795 2411 ex
838 2368 962 2412 Coel.
1004 2375 1125 2411 orat.

234 2440 404 2480 nempe
455 2434 542 2470 etc.
607 2426 907 2483 [eandemque
964 2425 1128 2469 distin-

234 2483 399 2541 guendi
431 2483 654 2527 rationem
680 2483 864 2541 Rupert.
893 2483 1130 2543 amplecti-

234 2545 347 2594 tur].
380 2539 600 2599 Equidem
619 2540 790 2584 interro
825 2540 984 2583 ationis
999 2540 1128 2596 signo

235 2599 413 2642 sublato
447 2598 728 2642 enuntiatum
762 2556 959 2648 efizibuh
996 2613 1129 2655 quam

235 2654 457 2699 rationem
481 2655 825 2714 interpungendi
851 2664 1008 2699 contra
1035 2656 1129 2699 vul·

237 2729 388 2769 garem
433 2714 607 2773 egregie
653 2712 852 2756 defendit
890 2713 1036 2756 Beier.
1081 2712 1128 2754 in

238 2770 381 2813 lahnii
442 2770 604 2815 Annal.
672 2769 779 2828 phil.
847 2779 887 2814 et
951 2775 1085 2828 paeda
1121 2801 1132 2814 .

172 2852 178 2857 -
238 2844 278 2872 a.
306 2827 428 2872 1827.
455 2829 486 2870 f.
509 2828 551 2875 3.
580 2845 623 2887 p.
645 2827 718 2871 21.
743 2835 786 2870 et
809 2828 863 2871 ad
887 2827 983 2872 Cic.
1006 2786 1130 2870 Laei.

238 2901 284 2943 p.
314 2885 384 2928 43.
468 2886 787 2930 coniecturam
828 2884 936 2928 fecit
975 2884 1131 2928 Schul-

238 2941 428 3000 tingiust
467 2947 574 2999 quid
605 2947 663 2986 de
690 2941 917 2985 Caelianis
947 2943 1132 2986 oratio-

240 3001 374 3043 nibus
406 3017 469 3043 sc.
502 3002 722 3052 dicam&
786 3007 829 3041 et
873 2999 1129 3044 Heumann.

241 3057 501 3115 proposuit:
548 3060 707 3116 Quid?
745 3071 809 3100 ex
847 3057 968 3101 Coel.
1010 3065 1131 3100 orac.

239 3130 394 3157 nonne
425 3117 515 3157 hae
540 3118 741 3168 placent.
805 3114 907 3158 Non
931 3131 1046 3172 opus
1068 3122 1132 3158 est

243 3173 575 3216 emendatione.
604 3197 652 3206 —-
685 3172 767 3215 Ed.
782 3172 899 3231 Spir.
915 3173 1128 3238 Cglionis.

300 3287 402 3316 eae.
462 3273 538 3317 Sic
550 3272 826 3331 MS.Neap.,
856 3272 975 3316 idem
996 3288 1046 3314 ex
1067 3272 1131 3315 in-

243 3329 376 3431 ffenio
413 3330 648 3389 scripserat
671 3330 812 3374 Orell.
850 3329 1133 3388 [nuperrime

269 3385 385 3430 iekk.
412 3396 454 3431 et
476 3387 736 3444 Boeuich.].

301 3490 344 3531 εἰ
363 3503 458 3532 non
484 3490 729 3532 universae
744 3522 755 3543 ,
787 3497 837 3531 at
859 3497 1021 3542 partes
1048 3505 1129 3532 ea-

246 3560 370 3590 rum.
442 3546 641 3590 Praetuli
686 3546 872 3590 Acidalii
916 3547 1132 3590 emenda-

248 3602 415 3649 tionem
466 3604 768 3664 praeclaram,
826 3620 958 3663 quam
1007 3603 1132 3650 Heu·-

1181 863 1336 894 mann.
1379 845 1560 891 Broter.
1603 845 1812 894 oberlin.
1854 845 2068 901 [Bekker.
2116 856 2119 859 “

1179 903 1402 950 Boettich.
1450 913 1496 949 et
1536 902 1746 963 Rupert]
1803 906 2069 965 probarunt.

1182 962 1288 1022 quia
1321 970 1365 1006 et
1399 961 1546 1006 sensui
1578 957 1786 1008 convenit
1822 971 1867 1008 et
1893 963 2070 1008 littera-

1179 1037 1286 1064 rum
1327 1018 1508 1077 vestigia
1546 1017 1594 1062 in
1630 1018 1813 1079 antiqua
1849 1019 2071 1080 scriptura

1181 1094 1277 1121 non
1309 1077 1372 1120 ita
1401 1075 1597 1120 multum
1629 1075 1900 1137 discrepant.
1955 1075 2070 1122 Coe·

1178 1134 1324 1180 lianae
1369 1133 1595 1178 orationes
1643 1133 1839 1179 nitorem
1885 1139 1931 1179 et
1973 1134 2070 1180 alti·

1179 1193 1384 1237 tudinem
1423 1191 1696 1241 ostendunt,
1740 1191 1850 1236 aliae
1885 1191 2070 1238 univer-

1181 1266 1280 1302 sae,
1326 1249 1513 1292 aliarum
1552 1249 1870 1294 tantummodo
1908 1257 2070 1308 partes.

1183 1307 1258 1353 Cf.
1292 1306 1388 1351 Cic.
1424 1305 1528 1349 But.
1561 1306 1660 1349 79.:
1706 1307 1806 1352 eius
1837 1307 2072 1351 aet-ionem

1183 1367 1387 1410 multum
1408 1371 1454 1406 ec
1475 1363 1724 1418 splendida
1744 1371 1790 1408 et
1809 1366 2006 1420 grandis
2028 1372 2075 1409 ec

1184 1425 1352 1465 eadem
1380 1422 1429 1463 in
1457 1422 1624 1476 primis
1643 1421 1812 1477 faceta
1834 1430 1879 1466 et
1898 1431 2073 1478 perur'·

1185 1481 1317 1522 bana
1335 1479 1695 1521 commendabat
1714 1480 1882 1524 oratio.
1941 1478 2074 1524 MSS.

1186 1538 1326 1582 Farn.
1359 1542 1390 1579 t.
1407 1534 1558 1594 Lipsio
1593 1542 1638 1578 et
1665 1533 1759 1580 Nea
1793 1569 1805 1582 .
1838 1537 1934 1580 siue
1963 1539 2075 1582 uni-

1187 1596 1338 1644 versa!
1355 1592 1518 1648 parcen
1530 1605 1693 1635 serum
1792 1591 1960 1638 ekkero
1990 1610 2073 1639 au-

1190 1659 1315 1696 ctore
1349 1651 1445 1693 sive
1482 1651 1530 1692 in
1564 1650 1791 1694 uniuersa
1833 1659 1922 1696 etc.
1961 1650 2078 1697 liber

1189 1709 1323 1753 Fam.
1351 1707 1567 1767 praebet}
1603 1730 1663 1741 -
1720 1707 1857 1754 MSS.
1880 1707 2001 1754 Vatt.
2036 1711 2083 1754 εἰ

1191 1767 1413 1809 universa
1441 1771 1583 1820 parte
1613 1778 1792 1810 serum.
1833 1788 1894 1800 —
1958 1764 2076 1812 Edd.

1191 1822 1312 1882 Spir.
1349 1822 1453 1866 Put.
1489 1820 1594 1868 Riv.
1629 1823 1727 1866 sive
1767 1824 1817 1866 in
1857 1825 2080 1869 uniuersa

1186 1889 1328 1938 parte
1390 1887 1543 1923 ectum
1579 1906 1640 1916 --
1686 1879 1809 1924 unde
1839 1880 1944 1926 edd.
1972 1880 2077 1928 Bes-4

1191 1938 1294 1983 Alc.
1317 1937 1358 1980 R
1391 1952 1521 1981 enan.
1538 1936 1657 1996 Lips.
1681 1937 1776 1992 (sed
1800 1952 1851 1983 ea
1871 1954 1963 1982 non
1981 1938 2079 1984 sine

1193 1993 1476 2093 corruptelae
1507 2001 1632 2046 nota)
1657 1994 1929 2054 Bernegger.
1952 1994 2081 2040 Gro-

1194 2068 1300 2096 nov.
1372 2058 1513 2109 upont.
1549 2062 1862 2096 correxeruntz
1898 2055 1995 2097 sive
2029 2055 2080 2096 in

1194 2110 1419 2152 universa
1457 2115 1596 2160 parte
1624 2108 1832 2165 sactum.
1883 2134 1942 2145 —-
2016 2109 2081 2156 Ea

1193 2183 1300 2212 cum
1341 2181 1475 2209 sensu
1515 2172 1746 2218 carerent,
1794 2166 2082 2217 coniieiendo

1194 2239 1350 2268 sanare
1385 2223 1538 2267 locum
1573 2222 1692 2267 haud
1727 2225 1863 2283 pauci
1895 2227 2082 2270 studue-

1194 2288 1315 2325 runt.
1375 2278 1565 2338 Scripsit
1595 2280 1734 2339 igitur
1764 2280 1976 2336 Medius,
2012 2281 2083 2327 Li·

1196 2339 1294 2397 psio
1317 2352 1414 2381 non
1437 2336 1746 2396 improbante:
1785 2340 1833 2384 εἰ
1855 2353 1951 2383 non
1981 2343 2083 2384 um'-

1198 2409 1390 2447 versae,
1427 2409 1517 2449 per
1545 2404 1710 2449 partes
1741 2403 1958 2442 attamen
1989 2398 2085 2444 sive

1199 2461 1390 2504 tamen‚·
1418 2451 1623 2510 Rutgers.
1646 2455 1691 2495 si
1705 2469 1799 2496 non
1818 2455 2085 2508 universae,

1195 2518 1357 2565 partes
1379 2523 1546 2552 eorum
1560 2527 1576 2562 ;
1603 2510 1785 2568 Bipont.
1809 2513 1855 2555 εί
1870 2528 1966 2559 non
1987 2512 2084 2556 uni·

1199 2582 1388 2618 versae,
1437 2572 1616 2622 partim
1662 2583 1856 2623 earum3
1916 2570 2086 2616 Schul-

1199 2626 1308 2684 ting.
1345 2627 1437 2668 sive
1471 2625 1631 2668 videas
1667 2626 1939 2685 universas,
1989 2630 2086 2672 sive

1198 2691 1364 2738 partes
1384 2696 1576 2733 eorum,·
1615 2682 1840 2728 scholium
1868 2699 2014 2743 neque
2035 2687 2086 2729 in

1201 2741 1492 2794 universum,
1521 2747 1686 2796 partes
1707 2746 1920 2796 tantum,
1950 2741 2019 2787 vet
2042 2745 2089 2787 si
2124 2770 2128 2772 ν

1202 2799 1355 2841 minus
1389 2799 1657 2849 uniuersae,
1698 2806 1865 2853 partes
1899 2808 2088 2853 tamen,-

1203 2854 1499 2899 Schneiderus
1525 2854 1784 2900 Observatt.
1809 2872 1854 2915 p.
1877 2858 1951 2907 8.=
1989 2857 2088 2903 sive

1200 2914 1264 2956 sit
1288 2913 1525 2961 universe,
1554 2926 1619 2955 an
1642 2927 1707 2955 ex
1721 2922 1865 2968 parte
1883 2915 2091 2973 factum,

1203 2970 1277 3027 qui
1301 2969 1460 3020 eodem
1485 2970 1586 3014 loco
1614 2980 1942 3017 commemorat
1959 2969 2086 3019 Han-

1202 3028 1262 3072 dii
1284 3025 1638 3070 emendationem
1658 3042 1670 3071 :
1707 3030 1801 3072 sive
1825 3031 2086 3089 universae,

1202 3102 1266 3128 an
1304 3092 1470 3139 parces
1515 3099 1682 3128 earum
1695 3103 1711 3138 ;
1763 3085 2002 3146 Tyrwhitt.
2047 3099 2090 3134 et

1204 3141 1471 3199 Wopkens.
1494 3145 1540 3185 si
1553 3158 1645 3201 non
1665 3143 1929 3200 universae,
1948 3153 2088 3202 parte

1202 3202 1369 3244 saltem
1381 3216 1396 3250 ;
1437 3198 1675 3245 Pithoeus:
1709 3202 1811 3244 sive
1843 3205 2089 3248 universae

1202 3259 1296 3301 sive
1326 3263 1491 3311 partes
1525 3273 1719 3314 earum,
1765 3274 1899 3318 quam
1926 3276 2087 3305 corre-

1205 3314 1400 3359 ctionem
1430 3313 1476 3356 in
1497 3323 1620 3359 textu
1646 3325 1891 3372 posuerunt
1913 3317 2089 3363 schulz.

1205 3372 1395 3416 Seebod.
1416 3370 1590 3416 Dronk.
1613 3371 1786 3417 Osann.
1809 3381 1850 3416 et
1874 3373 2090 3420 Orenius.

1204 3428 1431 3474 Audacius
1478 3446 1582 3473 vero
1629 3439 1694 3474 est
1738 3438 1780 3473 et
1822 3432 1971 3476 sensui
2012 3450 2090 3477 re-

1203 3495 1372 3549 pugnat
1395 3485 1639 3531 Hofmann.
1665 3485 1946 3548 Peerlkamp.
1968 3505 2091 3534 com·

1203 3555 1436 3589 mentum:
1479 3547 1526 3589 si
1552 3547 1902 3591 am'madvertas
1927 3555 2092 3603 partes

1202 3605 1411 3648 illarum.
