2150 4022
192 246 313 305 180
471 240 715 303 loru
759 237 1087 300 Aemo.
1133 236 1374 330 V'1‘213A
1406 186 1804 308 §caesus
1851 202 1859 229 ’
1927 274 1930 278 »

1926 321 1950 343 ⁹)

187 376 389 456 „duce
431 390 671 430 exurere
705 370 1030 437 coloniam,
1074 389 1412 445 expugnare
1442 382 1656 443 eastra,
1694 383 1762 431 at!
1796 372 2069 436 nisixfess*

186 484 219 531 ·‚,
234 461 422 518 licitas
451 457 525 523 ‚in
571 455 903 513 socordiam
944 455 1247 524 vertisset,
1286 464 1499 513 exuere
1531 455 1739 530 iugum
1770 469 2042 532 potuere:
2105 460 2111 466 “

183 565 342 615 „nos
380 542 593 615 integri
625 552 682 597 et
710 540 987 597 indomiti
1017 551 1073 596 et
1098 540 1432 599 libertatem-
1468 560 1593 602 non
1630 541 1697 596 in
1731 530 2062 616 poeniteri-

173 631 374 701 ‘‚‚tia1n
410 627 620 696 laturi,
662 624 854 702 primo
877 624 1093 700 statim·
1125 644 1411 684 concursu
1432 627 1841 697 ostendamus,
1895 647 2042 705 quos

150 875 344 925 ⁴stium,
385 872 462 930 qui
496 887 544 915 ex
573 869 823 914 Cambdeni
858 869 1075 914 sententia

182 949 206 976 a
242 929 478 988 Virdungo
526 944 705 987 quoque
756 928 942 987 probata
987 943 1073 986 po-

182 1005 314 1032 suere
344 989 652 1031 Trinobantes
690 986 940 1030 secundum
985 986 1072 1028 An.

187 1050 252 1095 14,
279 1045 355 1104 31.ἱ
409 1045 499 1089 Sed
533 1053 655 1087 reete
687 1051 883 1086 veterem
920 1042 1075 1084 lectio-

181 1120 286 1147 nem
310 1102 606 1147 restituerunt
627 1117 730 1144 curn
752 1098 1074 1143 Doederleinio

180 1163 227 1204 in
240 1177 363 1205 vern.
377 1159 532 1203 transl.
547 1159 663 1216 p.57.
693 1157 873 1202 Dronk.
886 1156 1073 1201 Becker.

181 1217 351 1262 Hertel.
371 1215 566 1274 Waicb.
595 1216 628 1260 I.
653 1215 849 1260 Bekker.

234 1335 513 1377 socordiam.
571 1330 686 1374 Edd.
700 1330 906 1387 antiquae
927 1343 1072 1372 secor-

177 1393 321 1435 diam.
402 1388 605 1432 Eandem
641 1388 987 1444 discrepantiam
1027 1387 1073 1429 in

178 1462 333 1493 socors
359 1445 579 1491 adiectivo
616 1444 870 1497 notavimus
904 1445 958 1494 ad
984 1444 1073 1488 An.

176 1510 219 1556 4,
230 1506 302 1550 39.
339 1503 417 1557 [cf.
433 1503 579 1548 Kritz.
605 1503 660 1546 ad
672 1502 885 1546 Saltcat.
909 1501 1000 1553 c.4‚
1016 1502 1072 1555 1.]

233 1635 319 1665 nos
340 1620 516 1672 integri
534 1626 582 1661 et
598 1617 813 1660 indomiti
831 1623 875 1658 et
890 1617 1072 1659 liberta-

178 1689 276 1724 tem
310 1692 405 1722 non
439 1679 487 1718 in
518 1675 862 1729 poenitentiam
908 1674 1070 1728 laturi,

172 1740 330 1794 primo
373 1734 540 1778 statim
577 1746 807 1775 concursu
850 1735 1071 1774 ostenda-

177 1808 296 1842 mus.
357 1793 436 1837 Sic
461 1793 562 1836 MS.
593 1790 735 1833 Vatic.
760 1789 890 1832 3429.
920 1789 1072 1832 Dron-

176 1853 250 1896 kio
287 1851 469 1910 quidem
503 1857 639 1898 teste,
683 1846 914 1890 Broterius
952 1847 1072 1890 enirn

175 1910 279 1953 inde
307 1909 502 1968 profert:
539 1914 585 1948 et
619 1907 666 1948 in
687 1907 951 1948 libertatem
974 1918 1072 1945 non

175 1971 223 2011 in
241 1967 606 2023 poenitentiam,
638 1963 715 2005 ubi
741 1962 866 2020 prior
885 1977 1072 2020 praepo-

174 2025 276 2068 sitio
309 2023 426 2067 haud
451 2021 594 2065 'dubie
626 2020 836 2063 abundat.
919 2018 1067 2061 Nimi-

174 2098 278 2126 rum
289 2078 523 2125 Caledonii
544 2077 624 2121 illo
648 2078 766 2120 bello
788 2078 918 2119 laturi
945 2083 1070 2119 erant

100 2172 102 2177 f
177 2139 428 2183 libertatem
461 2139 505 2180 h.
545 2152 583 2178 e.
623 2134 954 2192 recupeiatuii,
994 2149 1067 2175 re-

207 2195 420 2246 ortaturi,
472 2192 700 2250 accepturi
739 2193 891 2251 (quem
925 2207 1067 2235 voca-

173 2213 268 2299 Euli
308 2251 609 2310 significatum
648 2249 888 2293 illustravit
918 2250 952 2292 1.
989 2248 1065 2291 Fr.

174 2311 386 2355 Gronov.
415 2309 542 2353 diatr.
581 2308 624 2350 in
661 2308 788 2351 statii
820 2306 929 2350 Silv.
968 2306 1001 2354 Ι,
1024 2307 1066 2348 1.

172 2386 216 2427 p.
241 2369 316 2412 49.
336 2367 408 2411 ed.
423 2366 570 2409 Hand.
594 2373 637 2408 et
656 2364 850 2408 Emerie.
866 2364 1067 2407 Cruceus

172 2428 220 2471 in
241 2425 462 2470 antidiatr.
489 2440 533 2482 p.
552 2423 665 2478 78.),
697 2430 742 2464 at
766 2438 862 2468 non
882 2423 931 2464 in
953 2436 1066 2478 poe-

172 2483 422 2531 nitentiam,
454 2481 497 2525 h.
523 2497 560 2523 e.
582 2497 675 2524 non
700 2487 914 2538 tauquam
946 2479 1067 2535 ipsos

174 2540 423 2599 poeniteret
457 2538 674 2582 libertatis
706 2537 831 2595 prius
868 2537 1066 2587 amissae,

173 2599 305 2643 sicuti
356 2597 613 2654 Brigantes,
684 2610 777 2637 non
844 2603 893 2638 ut
956 2595 1064 2651 iugo

171 2657 382 2700 Romano
419 2653 591 2697 dudum
626 2651 852 2710 oppressi,
886 2652 962 2695 sed
991 2652 1063 2694 in-

173 2712 333 2758 domiti
369 2720 411 2754 et
449 2711 592 2755 avitae
627 2708 845 2761 libertatis
869 2710 1063 2752 retinen·

171 2779 253 2814 tes.
347 2769 416 2814 Cf.
453 2768 575 2811 Suet.
608 2767 779 2821 *Oetam
822 2783 860 2810 c.
897 2767 970 2809 27.
1014 2767 1064 2808 in

172 2828 302 2872 cuius
327 2834 487 2868 tamen
516 2826 805 2880 pertinaciae
829 2825 1064 2879 poeniten·

170 2888 289 2929 tiam
318 2891 490 2939 postea
527 2883 578 2925 T.
605 2882 795 2925 Vinium
824 2882 1066 2936 Philopoe-

169 2957 356 2987 menem
392 2963 443 2973 --
477 2941 681 2995 equestri
711 2939 936 2994 dignitate
972 2941 1060 2980 ho-

169 3001 374 3043 noravit.
455 2997 569 3039 Edd.
607 2996 817 3055 antiquae
853 2997 907 3038 ad
941 2996 1064 3039 Rhe-

171 3073 304 3101 nan.:
357 3062 403 3098 et
457 3055 506 3096 in
554 3056 822 3097 libertatem
874 3061 969 3096 non
1017 3055 1065 3097 in

163 3115 487 3171 praesentiam
520 3113 673 3154 laturi
701 3113 858 3166 primo
902 3113 1063 3155 statim

169 3185 421 3227 congressu
466 3172 588 3211 unde
628 3173 955 3220 ostendamus;
993 3169 1061 3212 ed.

168 3230 342 3274 Rhen.=
379 3235 423 3271 et
446 3229 710 3270 libertatem
732 3241 827 3268 non
853 3227 903 3268 in
923 3241 1060 3280 prae·

166 3287 321 3331 sentia
350 3285 501 3329 laturi
517 3298 593 3339 pr.
621 3291 679 3326 st.
703 3299 737 3325 c.
766 3287 885 3325 unde
908 3291 1058 3326 osten-

165 3349 364 3399 damus,
411 3342 489 3386 sed
525 3341 642 3383 idem
678 3340 721 3382 in
747 3341 963 3396 castigatt.
991 3341 1057 3381 in-

164 3403 314 3444 laturi
347 3399 483 3445 scribi
513 3397 710 3444 volebat.
780 3397 1053 3440 Salinerius:

165 3467 209 3501 et
261 3460 523 3501 It'bertatem
565 3469 660 3498 non
698 3455 745 3497 in
782 3457 1056 3509 praesentia

165 3518 314 3558 laturi
326 3517 483 3569 primo
503 3514 666 3557 statim
695 3515 892 3566 congn?
933 3516 1054 3554 unde

164 3577 471 3616 ostendamus
504 3578 589 3615 etc.
673 3569 872 3626 Lipsius:
915 3578 960 3611 et
992 3571 1053 3612 li-

1147 873 1263 914 bert.
1285 883 1378 911 non
1396 870 1444 917 in
1463 872 1712 925 praesenti
1730 872 1944 918 ablaturi
1955 870 2039 928 (vel

1146 927 1381 982 illaturi),
1431 930 1593 982 prima
1628 931 1793 972 statim
1827 941 2041 983 congres-

1145 986 1276 1042 sione
1325 988 1628 1028 ostendamus
1671 987 1734 1030 vel
1777 1001 1855 1042 pr.
1901 995 1970 1032 st.
1999 1002 2036 1032 c.

1146 1057 1302 1085 nonne
1340 1048 1427 1086 etc.
1508 1042 1749 1088 Harlaeus:
1803 1047 2039 1088 cautere.

1146 1113 1232 1143 nos
1280 1101 1328 1141 in
1369 1114 1597 1154 praesens
1651 1100 1799 1154 etiam*
1836 1101 2042 1145 relaturi

1145 1158 1228 1213 (vel
1250 1159 1448 1209 daturi),
1473 1171 1551 1212 pr.
1575 1165 1632 1200 st.
1657 1166 1908 1214 congressu
1927 1172 2039 1203 non-

1145 1230 1203 1256 ne
1236 1219 1552 1258 ostendemus.
1611 1215 1846 1274 Bipont.e,t
1858 1215 2040 1273 Eugel.:

1146 1281 1191 1314 et
1222 1273 1261 1313 ii
1292 1273 1444 1316 libert.
1477 1286 1576 1314 non
1606 1276 1654 1316 in
1680 1287 1906 1327 praesens
1927 1281 2034 1316 tan-

1146 1337 1245 1372 tum
1266 1331 1418 1372 laturi
1425 1363 1437 1384 ,
1477 1345 1551 1382 pr.
1575 1338 1632 1373 st.
1651 1345 1686 1373 c.
1708 1345 1865 1374 nonne
1876 1339 2039 1374 ›ostea-

1143 1391 1320 1430 demus.
1383 1386 1514 1430 Dahi.
1547 1387 1774 1435 animadv.
1868 1389 1964 1433 17.:
1996 1394 2041 1429 et

1145 1446 1408 1487 libertatem
1433 1459 1529 1486 non
1554 1447 1609 1492 in⁴
1628 1405 1854 1500 praese&
1880 1443 2036 1489 vindi-

1145 1503 1312 1545 caturi.
1392 1496 1710 1546 Heumannus:
1762 1511 1808 1547 et
1846 1504 2039 1552 liberta-

1147 1567 1242 1602 tem
1265 1561 1312 1600 in
1329 1562 1602 1614 praesentia
1626 1562 1784 1618 ulturi,
1827 1576 1921 1604 non
1934 1562 2037 1616 pri-

1148 1634 1230 1659 ma
1270 1625 1333 1659 st.
1365 1618 1687 1669 congressione
1719 1622 2036 1673 ostendamus,

1150 1674 1360 1718 Doederl.
1384 1675 1477 1718 Lat.
1494 1673 1645 1731 Etym.
1671 1683 1714 1719 et
1736 1675 1850 1733 Syn.
1877 1674 2037 1720 iomzl.

1146 1749 1191 1790 p.
1209 1732 1330 1775 144.:
1359 1740 1404 1781 et
1427 1733 1696 1775 libertatem
1715 1746 1810 1775 non
1832 1732 1882 1775 in
1899 1735 2038 1788 prae‘·

1142 1791 1344 1833 sentiam
1376 1790 1550 1837 laturi,
1590 1792 1747 1844 primo
1785 1797 1844 1834 st.
1885 1802 2037 1844 congr.

1145 1863 1239 1890 uno
1270 1849 1347 1890 die
1383 1850 1701 1894 ostendamus.
1762 1847 2037 1892 Audactore’s

1144 1905 1372 1962 aliquanto
1397 1905 1582 1946 fuerunt
1606 1903 2051 1963 alii‚‘'utAeidalius,‘

1144 1964 1222 2018 qui
1245 1962 1455 2005 suadebat
1481 1962 1576 2006 vel:
1611 1970 1655 2003 et
1676 1963 1835 2005 minui
1846 1963 2035 2006 liberta·

1143 2029 1238 2062 tem
1258 2034 1351 2062 non
1374 2020 1423 2060 in
1439 2021 1714 2074 praesentia
1736 2019 1917 2072 laturi,
1935 2020 2036 2075 pri·

1143 2093 1223 2120 ma
1259 2086 1318 2119 st.
1362 2079 1684 2130 congressione
1727 2080 2036 2121 ostendamus

1140 2135 1233 2178 vel:
1279 2141 1324 2175 et
1346 2135 1612 2176 libertatem
1631 2149 1724 2177 non
1752 2133 1949 2191 imperio
1985 2138 2034 2178 in

1136 2193 1408 2246 praesentia
1436 2192 1672 2234 mutaturi
1703 2192 1793 2236 velz
1824 2199 1870 2234 ee
1900 2193 2033 2245 Iiber-

1137 2251 1239 2298 tati,
1254 2263 1350 2291 non
1364 2249 1554 2303 imperio
1563 2249 1693 2300 sueti,
1709 2251 1866 2293 aloa-1·
1874 2251 2035 2305 prz'ma

1138 2314 1197 2350 st.
1235 2308 1550 2359 congressione
1558 2322 1574 2356 ;
1614 2307 1820 2350 Muretus
1850 2306 1899 2351 in
1927 2307 2034 2351 Var.

1137 2364 1261 2408 Leni.
1275 2363 1374 2412 XV,
1392 2363 1459 2406 3.:
1494 2371 1538 2405 et
1560 2365 1607 2406 in
1625 2360 1913 2417 libertatem,
1937 2378 2035 2408 non
2098 2377 2110 2383 ‘

1139 2423 1187 2463 in
1215 2423 1378 2476 populi
1406 2422 1616 2464 Romani
1646 2423 1888 2464 servitium
1927 2424 2040 2466 nati

1136 2481 1294 2534 prima
1338 2486 1397 2522 st.
1439 2479 1764 2534 congressione
1795 2482 2032 2522 ostenda-

1137 2551 1261 2581 mus.
1324 2536 1673 2594 Cannegieterus
1697 2536 1896 2580 observv.
1918 2536 2030 2581 iuris

1137 2595 1331 2638 Roman.
1365 2609 1409 2651 p.
1434 2596 1559 2638 115.:
1609 2602 1654 2636 et
1685 2595 1732 2636 in
1763 2595 2030 2638 libertatem

1132 2653 1293 2703 proni,
1337 2652 1386 2692 in
1413 2651 1652 2706 praesenti
1678 2663 1821 2693 arma
1847 2652 2027 2695 taturi.

1138 2708 1395 2752 Broterius:
1436 2716 1484 2750 et
1517 2710 1563 2749 in
1599 2708 1892 2759 libertatem,
1929 2722 2027 2753 non

1133 2769 1181 2809 in
1202 2769 1458 2820 praedam,
1495 2767 1743 2820 certaturi,
1773 2768 1931 2820 primo
1966 2775 2026 2811 st.

1135 2837 1387 2878 congressu
1409 2824 1558 2866 vivide
1581 2827 1898 2867 ostendamus.
1942 2822 2028 2868 Er-

1134 2880 1326 2923 nestius=
1355 2887 1401 2921 et
1420 2883 1680 2923 libertatem
1691 2882 1740 2923 in
1751 2882 2027 2936 praemium
2104 2881 2107 2884 ’

1136 2937 1237 2991 (vel
1264 2939 1511 2993 praemia)
1549 2939 1722 2990 laturi,
1775 2951 1877 2982 non
1916 2940 2023 2994 pri·

1136 3011 1217 3037 rna
1245 3001 1304 3038 st.
1334 2996 1664 3047 congressione
1698 2999 2024 3041 ostendamus.

1133 3052 1290 3096 Arzt.:
1323 3059 1367 3093 et
1385 3054 1593 3095 libertati
1606 3053 1866 3096 novissima
1881 3068 2026 3109 prae·

1132 3110 1255 3151 sidia
1277 3110 1438 3152 laturi.
1516 3110 1550 3154 Ι.
1574 3110 1647 3153 Fr.
1663 3109 1948 3156 Gronovius:
1979 3120 2025 3155 et

1131 3169 1392 3210 libertatem
1422 3182 1547 3210 nunc
1569 3172 1762 3210 demum
1783 3170 2022 3223 periclita-

1133 3225 1230 3266 turi
1259 3224 1333 3270 vel
1361 3232 1407 3267 et
1441 3226 1704 3268 libertatem
1743 3240 1934 3269 omnem
1970 3227 2029 3270 in·

1126 3282 1368 3335 procinctu
1412 3285 1571 3325 laturi.
1652 3280 1927 3328 Walehiue:
1963 3293 2021 3334 ‚et

1127 3341 1395 3381 libertatem
1414 3379 1417 3381 ,
1435 3342 1482 3381 in
1522 3341 1830 3394 praecipitem
1859 3343 2023 3386 aleam

1128 3398 1311 3449 daturi,
1351 3397 1510 3450 primo
1540 3404 1596 3440 st.
1631 3411 1884 3450 congressu
1917 3414 2019 3444 non

1126 3458 1440 3498 ostendamus.
1499 3453 1556 3497 V.
1579 3452 1668 3497 D.:
1705 3461 1774 3508 et,
1806 3456 1860 3498 ni
1878 3457 2018 3501 liber..

1126 3517 1275 3554 tatem
1290 3543 1301 3561 ,
1354 3526 1447 3553 non
1474 3511 1817 3565 poenitentiam
1849 3516 2016 3559 laturi.
2079 3533 2088 3546 =

1122 3567 1316 3626 Nuperis
1381 3568 1572 3626 denique
1636 3567 1901 3616 editoribus.
1955 3572 2020 3617 ita
