2150 4022
567 245 1095 314 DIALQGUS.
1177 249 1381 317 CAP.
1410 253 1514 313 22.
1835 253 1961 315 317

116 380 533 458 ‚compositioni
572 382 811 455 artem„
853 379 1014 437 locos
1054 399 1290 458 quoque
1327 381 1598 440 laetiores
1636 383 1963 445 adtentavit

117 481 177 527 et
202 467 484 545 quasdam
506 465 825 523 sententias
849 464 1106 536 invenit;
1128 502 1130 505 -
1150 466 1355 542 utique
1383 467 1448 523 in
1471 467 1543 524 iis
1572 469 1961 542 orationibus,

117 570 262 630 quas
291 551 498 625 vsenior
533 550 651 606 iam
689 563 746 608 et
774 550 935 607 iuxta
962 551 1140 606 finem
1165 551 1322 607 witae
1351 553 1709 628 composuit,
1758 557 1823 613 id
1853 567 1960 628 est,

115 647 426 713 postquam
467 636 648 709 magis
688 635 1014 711 profecerat
1052 654 1282 712 usuque
1320 648 1376 693 et
1411 635 1823 713 experimentis
1863 641 1960 698 di-

113 721 363 790 dicerat,
409 722 570 797 quod
597 721 885 796 optimum
910 719 1147 777 dicendi
1173 737 1355 793 genus
1384 734 1548 783 esset.
1633 745 1768 782 nam
1794 727 1959 802 prio-

114 826 207 864 res
237 806 362 863 eius
387 806 681 863 orationes
711 825 835 862 non
870 816 1070 862 carent
1102 804 1260 861 vitiis
1294 807 1678 883 antiquitatis,
1762 812 1958 877 lentus

107 903 200 949 ‚est
220 891 291 950 in
316 890 654 966 principiiS‚
707 891 918 964 longus
944 890 1009 954 in
1037 890 1476 954 narrationibus
1494 938 1511 962 ,
1552 895 1775 953 otiosus
1803 898 1958 958 circa

110 993 400 1046 excessus,
438 977 602 1033 tarde
627 986 1055 1046 commovetur,
1098 995 1232 1034 raro
1258 975 1580 1047 incalescit,
1622 981 1797 1056 pauci
1821 1001 1958 1043 sen-

110 1182 208 1210 tam
274 1143 428 1221 hcdie*
477 1166 702 1224 vulgatam
773 1173 1000 1218 mutasset,
1071 1173 1260 1225 propter
1273 1181 1369 1226 cap.
1383 1166 1454 1212 19.
1469 1169 1836 1229 locumaliquem
1849 1191 1955 1220 ora-

106 1239 266 1268 omnes
285 1224 520 1282 obsequuti
539 1232 644 1267 sunt
664 1234 837 1282 praeter
855 1239 998 1267 unum
1071 1225 1195 1267 tioni
1232 1238 1349 1268 suae
1394 1226 1632 1272 insereret.
1712 1230 1800 1276 Sed
1845 1249 1954 1280 sana

109 1281 394 1333 Dronkium,
447 1284 523 1338 qui
561 1281 758 1324 dativum
802 1298 896 1324 non
936 1282 995 1325 la·
1067 1280 1256 1339 vulgata.
1292 1283 1352 1327 cf.
1379 1282 1537 1338 Quint.
1564 1284 1675 1333 lust.
1696 1305 1768 1334 or.
1791 1291 1858 1348 12,
1887 1295 1957 1347 10,

109 1340 201 1382 tine
239 1339 434 1396 positum
470 1354 562 1381 esse
599 1340 766 1395 putavit
803 1339 995 1394 ideoque

107 1395 212 1439 edd.
234 1404 338 1439 vett.
364 1394 605 1440 lectionem
628 1396 870 1441 revocavit.
905 1395 993 1439 Sed

105 1468 366 1510 perperam,
427 1452 529 1511 quia
586 1461 629 1496 et
682 1454 992 1497 membrorum

104 1509 410 1561 concinnitas,
439 1525 570 1567 quam
595 1511 787 1568 scriptor
812 1510 992 1554 efficere

103 1567 298 1614 studuit,
337 1575 384 1609 et
403 1568 620 1625 postulat,
659 1584 811 1626 ¹neque
838 1568 991 1611 latini-

103 1631 170 1666 tas
210 1623 489 1677 adversatum
534 1640 638 1667 nam
679 1626 848 1668 etiamsi
891 1626 989 1668 sre-

105 1679 388 1738 quentissime
428 1681 605 1725 dicatur
642 1685 857 1726 adhibere
901 1685 989 1725 ali-

103 1741 217 1793 quid
255 1741 321 1779 ad
359 1738 558 1793 aliquid,
609 1739 809 1784 dativum
840 1747 988 1784 tamen

104 1810 199 1838 non
257 1804 465 1838 recusant
515 1795 783 1852 scriptores,
855 1799 985 1841 etiam

101 1867 132 1894 o
167 1851 290 1906 timi,
329 1850 452 1895 velut
482 1852 577 1898 Cic.
609 1869 678 1911 ep.
711 1855 765 1898 ad
786 1854 922 1898 Attic.
951 1857 988 1907 1,

106 1867 173 1952 18.
190 1911 394 1963 privatis
423 1912 557 1952 rebus
579 1912 698 1952 meis
726 1943 738 1955 .
754 1943 765 1954 .
781 1941 793 1953 .
809 1943 820 1954 .
845 1914 988 1954 adhi-

99 1967 238 2009 beam
259 1969 501 2021 quandam
524 1971 785 2010 cautionem
811 1978 857 2012 et
887 1972 988 2012 dili·

97 2025 327 2078 gentiam,
360 2023 478 2066 infra
503 2040 541 2067 c.
560 2025 629 2067 35.
652 2027 888 2069 materiae
908 2030 986 2069 ab·

98 2083 315 2124 horrenti
367 2096 398 2122 a
461 2082 654 2124 veritate
704 2085 985 2127 declamatio

98 2152 278 2194 quoque
301 2138 596 2182 adhibeatur.
639 2163 697 2172 —
754 2140 837 2183 Ed.
865 2142 985 2200 Lips.

98 2195 314 2252 Antverp.
348 2211 387 2237 a.
424 2195 549 2238 1574.
585 2197 831 2248 dilectum,
882 2215 983 2243 cre-

97 2252 177 2296 bra
201 2253 570 2297 commutatione.

154 2337 278 2377 locos
337 2350 517 2391 quoque
571 2339 816 2382 laetiores.
906 2340 984 2386 Sic

96 2391 231 2435 MSS.
271 2391 408 2449 Neap.
457 2391 619 2437 Vaticc.
663 2404 842 2452 praeter
883 2399 985 2450 ἵζει.

93 2449 254 2498 4498..
299 2450 346 2491 in
381 2464 472 2506 quo
506 2451 718 2494 lectiores
752 2452 983 2497 Broterius

94 2507 291 2554 invenit.
331 2507 434 2549 edd.
471 2506 650 2552 Broter.
685 2509 785 2568 Bip.
822 2511 982 2555 Oberl.

94 2564 274 2607 schulz.
325 2563 519 2607 Seebod.
572 2565 754 2610 Dronk.
808 2568 980 2612 Osann.

95 2620 242 2665 Orell.
279 2619 486 2676 [Bekker.
516 2631 559 2665 et
595 2623 853 2679 Boettich.].
930 2625 981 2667 ln

92 2679 214 2722 idem
247 2677 505 2722 coniectura
539 2679 788 2724 inciderant
812 2683 982 2725 Muret.

93 2734 265 2782 Acidal.
300 2734 554 2779 Heumann.
613 2738 797 2782 Laetum
831 2749 977 2783 autem

93 2802 184 2844 est,
223 2792 345 2850 quod
377 2793 471 2836 sive
503 2794 592 2837 visu
619 2795 713 2839 sive
734 2797 888 2841 auditu
917 2805 980 2838 est

91 2848 332 2917 pulchrum
374 2857 416 2892 et
456 2866 539 2918 nos
582 2853 792 2920 delectat,
842 2854 978 2953 idqpe

91 2914 263 3008 1.ξὲἓὸἲέ
268 2921 437 3006 Γευὸξὲευ
442 2925 476 3005 ⁸v
481 2907 655 3009 ‹iidgteunrd
661 2927 699 3011 in'
707 2912 874 3013 1·ὴῖῗὲιῖ
881 2927 979 3012 ὸυιεῖ

92 3020 209 3064 Edd.
231 3020 347 3077 spir.
374 3020 479 3065 Put.
506 3021 610 3070 Riv.
637 3025 739 3071 Ber.
763 3029 977 3080 locosque

89 3079 309 3131 latione,
383 3094 493 3136 quae
546 3082 753 3127 confusio
804 3084 975 3141 saepius

90 3138 206 3180 facta
239 3143 304 3178 est
334 3136 388 3178 ab
421 3134 611 3181 librariis
646 3140 708 3184 cf.
738 3140 972 3199 Spalding.

90 3193 143 3236 ad
171 3190 330 3248 Quint.
356 3191 464 3235 lnst.
489 3193 527 3244 5,
557 3193 621 3244 14,
645 3195 717 3240 33.
752 3207 848 3242 not.
872 3199 975 3242 crit.

89 3250 204 3293 Edd.
227 3247 328 3292 Ale.
355 3247 497 3292 Rhen.
522 3250 628 3295 Ald.
660 3255 870 3311 locosque
897 3258 973 3297 al-

90 3309 248 3350 tiores.
319 3306 405 3350 Sed
443 3310 661 3351 laetiores
699 3310 970 3369 aptissimum

91 3371 170 3407 est.
216 3364 274 3406 cf.
314 3379 411 3421 cap.
443 3365 509 3406 14.
544 3367 673 3408 taeta
702 3400 712 3410 .
733 3401 745 3412 .
765 3402 776 3413 .
805 3373 972 3422 oratio,

89 3435 186 3477 cap.
246 3421 316 3466 21.
384 3422 619 3464 laetitiam
689 3428 973 3483 nitoremque

87 3485 360 3521 nostrorum
383 3485 667 3533 temporum.

145 3561 335 3606 invenit.
379 3560 628 3608 Heumann.
656 3566 751 3614 vult
774 3568 971 3613 inseruit

1065 1339 1135 1382 48.
1157 1346 1362 1382 ceterum
1388 1344 1499 1390 hoc,
1538 1349 1664 1398 quod
1683 1350 1821 1402 vulgo
1844 1365 1957 1395 sen-

1065 1398 1238 1439 tentius
1277 1413 1518 1455 vocamus,
1567 1407 1691 1457 quod
1723 1409 1956 1451 veteribus

1058 1454 1400 1510 praecipueque
1429 1456 1627 1503 Graecis
1658 1461 1708 1504 in
1737 1478 1824 1506 usu
1855 1468 1954 1509 n'on

1050 1510 1157 1565 fuit
1196 1514 1347 1565 (apud
1382 1512 1648 1560 Ciceronem
1691 1523 1814 1564 enim
1855 1537 1951 1566 non

1059 1569 1261 1622 invenio)
1279 1601 1292 1620 ‚
1332 1572 1447 1612 dum
1475 1587 1578 1615 rem
1610 1577 1882 1623 contineant
1906 1589 1953 1624 et

1060 1628 1193 1678 copia
1220 1640 1317 1668 non
1346 1633 1606 1673 redundent
1629 1641 1681 1678 ‚et
1706 1640 1772 1678 ad
1800 1640 1952 1681 victo·
2007 1682 2013 1692 .

1058 1684 1183 1726 riam
1206 1692 1410 1739 spectent
1423 1718 1436 1741 ‚
1471 1689 1571 1743 quis
1594 1691 1708 1735 utile
1730 1698 1903 1750 neget?

1117 1785 1165 1824 in
1195 1784 1252 1826 iis
1280 1789 1574 1834 orationibus.
1640 1790 1785 1840 Orell.
1804 1806 1950 1843 sustu·

1058 1839 1110 1882 lit
1148 1842 1352 1885 omnium
1391 1845 1495 1887 edd.
1538 1863 1742 1895 errorem
1785 1857 1834 1898 in
1874 1859 1956 1902 his

1059 1899 1349 1943 orationibus
1361 1931 1374 1949 ,
1402 1902 1638 1949 addicente
1653 1907 1756 1954 MS.
1769 1911 1912 1972 Neap.

1116 2000 1446 2052 experimentis
1467 2003 1711 2053 didicerat.
1749 2011 1833 2059 Ed.
1845 2016 1952 2064 Ber.

1058 2058 1389 2109 exprimentiu
1418 2059 1488 2103 ed.
1510 2061 1628 2109 lunt.
1654 2070 1902 2119 dedicerat.

1114 2143 1240 2195 quod
1258 2141 1484 2195 optimum
1508 2148 1698 2193 dicendi
1711 2169 1862 2207 genus·
1879 2175 1946 2204 es-

1055 2206 1147 2264 set:
1190 2197 1429 2257 Egregiam
1450 2201 1566 2248 hanc
1579 2208 1767 2254 Acidalii
1792 2231 1944 2261 emen·

1055 2254 1280 2298 dationem
1352 2273 1452 2303 rece
1487 2272 1620 2306 erunt
1687 2267 1943 2322 Heumann.

1053 2310 1235 2355 Schulz.
1262 2312 1418 2358 Oberl.
1491 2335 1620 2364 saun.
1644 2322 1786 2372 Orell.
1811 2331 1945 2384 [Bek-

1055 2367 1150 2410 ker.
1182 2369 1444 2427 Boeuich.].
1516 2376 1698 2435 Reliqui
1763 2402 1943 2434 erseve-

1054 2434 1211 2468 rai-unt
1254 2427 1302 2470 in
1343 2428 1536 2476 lectione
1578 2436 1678 2481 MS.
1755 2458 1850 2502 eap.
1897 2457 1948 2492 et

1055 2482 1157 2524 edd.
1194 2492 1300 2527 vett.
1338 2494 1460 2542 quod
1496 2495 1720 2543 optimum
1753 2503 1947 2550 dicendi

1051 2553 1195 2592 genus
1217 2548 1313 2608 est,
1343 2546 1464 2600 quod
1488 2546 1793 2601 damnandum
1816 2560 1941 2606 vide·

1052 2605 1127 2662 tur
1150 2598 1208 2663 ⁰.b
1240 2596 1527 2654 launitatem‚
1563 2610 1733 2656 etiamsi
1757 2615 1938 2666 Dronk-

1052 2662 1210 2722 ineptis
1226 2657 1474 2704 rationibus
1488 2662 1530 2706 id
1546 2665 1784 2716 defendere
1802 2691 1936 2722 cona·

1053 2719 1122 2752 tus
1164 2721 1234 2755 sit.
1313 2714 1397 2758 Est
1430 2718 1670 2768 delendum
1703 2729 1937 2779 videbatur

1051 2767 1437 2826 Schurzfleisehio,
1467 2779 1544 2821 sed
1567 2779 1612 2824 id
1630 2789 1936 2837 temerarium.

1050 2824 1247 2870 Ursinus
1293 2830 1481 2876 malebat
1524 2851 1567 2891 q.
1605 2848 1696 2894 opt.
1730 2847 1942 2893 discendi

1048 2898 1194 2936 genus
1228 2893 1326 2933 est,
1364 2892 1658 2946 probantibus
1684 2899 1858 2952 Ernest.
1892 2917 1935 2952 et

1048 2940 1119 2983 ed.
1159 2941 1360 3009 Bipont„
1406 2963 1498 3004 quo
1536 2952 1718 3010 quidem
1757 2962 1933 3008 addita-

1050 3007 1202 3042 mento
1221 3000 1329 3044 mhi!
1353 3001 1604 3063 languidius
1625 3023 1706 3060 est.

1104 3085 1271 3153 otiosus
1290 3089 1410 3130 circa
1430 3105 1661 3140 excessus.
1717 3098 1799 3144 Ed.
1812 3099 1931 3161 Spin-2

1045 3156 1232 3210 occasus.
1293 3143 1363 3186 De
1388 3161 1487 3193 voc.
1513 3165 1730 3199 eaecessus
1753 3160 1928 3216 signifi-

1046 3206 1149 3243 catu
1173 3201 1275 3244 vide
1294 3199 1330 3244 Ι.
1354 3201 1430 3248 Fr.
1451 3205 1662 3256 Gronov.
1688 3214 1931 3265 observatt.

1043 3257 1089 3299 in
1125 3258 1238 3301 eccl.
1270 3273 1312 3302 c.
1338 3260 1405 3305 19.
1435 3279 1477 3322 p.
1501 3265 1602 3312 203.
1631 3271 1695 3327 [p.
1718 3272 1817 3317 654.
1854 3276 1929 3322 ed.

1044 3315 1286 3370 Frotsehq.

1094 3399 1238 3451 pauci
1271 3414 1428 3448 sensus
1462 3415 1570 3461 apte
1603 3417 1648 3451 et
1681 3429 1784 3457 cum
1818 3434 1926 3474 quo.

1041 3457 1155 3497 dam
1196 3457 1369 3502 tamine
1408 3466 1743 3515 terminantur.
1810 3476 1926 3523 Satis

1042 3527 1202 3579 magna
1235 3523 1299 3582 est
1319 3519 1454 3564 codd.
1479 3531 1520 3566 et
1542 3524 1639 3567 edd.
1664 3536 1763 3572 vett.
1783 3532 1830 3576 in
1855 3535 1923 3580 his

1043 3570 1192 3615 verbis
1235 3571 1479 3622 diversitas.
1551 3580 1687 3629 MSS.
1720 3587 1854 3636 Fara.
1887 3604 1920 3641 t.
