2150 4022
211 213 331 275 150
429 209 673 274 IULII
718 206 1040 270 AGRIC.
1085 204 1328 268 VITA
1370 204 1697 272 CAP.18.
1731 206 1852 268 19..

207 354 264 402 et
289 362 451 400 arma
490 351 548 397 et
577 359 760 415 equos
790 350 1032 414 regunt,
1075 340 1154 398 ita
1181 349 1423 415 repente
1450 339 1710 412 inmisit,
1750 349 1821 398 ut
1850 336 2059 398 obstu-

205 425 420 504 pefacti
452 423 679 493 hosteS,
734 425 839 499 qui
876 425 1147 495 classem,
1203 424 1308 501 qui
1343 444 1556 496 naves,
1608 425 1715 503 qui
1751 442 1915 482 mare
1958 443 2061 481 ex-

207 513 577 589 spectabant,
632 505 790 564 nihil
824 511 1077 568 arduum
1118 521 1219 566 aut
1253 509 1542 568 invictum
1581 509 1940 568 crediderint
1977 509 2062 567 sic

208 600 283 655 ad
321 597 548 654 bellum
595 594 988 654 venientibus,
1091 592 1180 651 Ita
1215 594 1396 670 petita
1433 615 1576 671 pace
1632 615 1700 653 ac
1737 594 1934 652 dedita
1965 593 2063 650 in-

211 684 338 740 sula
381 682 573 737 clarus
612 700 677 736 ac
708 699 957 753 magnus
992 675 1202 737 haberi
1227 677 1536 753 Agricola:
1582 680 1801 758 quippe
1837 679 1934 737 cui
1965 678 2065 736 in-

210 765 503 842 gredienti
541 764 941 840 provinciam,
962 765 1144 840 *quod
1183 775 1415 840 tempus
1450 764 1554 822 alii
1586 785 1694 842 per
1719 765 2066 824 ostentatio-

210 873 349 909 nem
403 862 505 908 aut
542 850 873 907 officiorum
911 850 1202 907 ambitum
1246 851 1609 925 transigunt,
1657 852 1829 908 labor
1864 861 1923 909 et
1961 870 2067 926 pe-

209 938 466 995 riculum
511 935 840 1010 placuisset.
949 955 1057 991 nec
1106 931 1384 1008 Agricola
1437 936 1824 1012 prosperitate
1866 955 2067 993 rerum

211 1024 277 1079 in
321 1021 643 1079 vanitatem
679 1040 821 1077 usus
865 1020 1297 1095 expeditionem
1325 1033 1427 1079 aut
1459 1021 1769 1080 victoriam
1804 1022 2068 1091 vocabat,

210 1109 400 1166 victos
426 1106 813 1164 continuisse:
858 1126 933 1162 ne
958 1106 1235 1163 laureatis
1261 1106 1505 1183 quidem
1538 1118 1696 1181 gesta
1726 1118 2070 1183 prosecutus

213 1204 314 1253 est.
403 1193 503 1250 sed
540 1191 666 1267 ipsa
704 1191 1173 1248 dissimulatione
1197 1192 1387 1248 famae
1416 1193 1636 1249 famam
1661 1185 1877 1262 auxit,
1897 1191 2072 1250 aesti-

213 1279 546 1346 mantibus,
591 1288 808 1353 quanta
838 1274 1026 1333 futuri
1049 1297 1149 1352 spe
1172 1289 1292 1334 tam
1316 1297 1528 1352 magna
1552 1277 1844 1337 tacuisset.

387 1361 552 1420 XIX.
640 1361 914 1420 Ceterum
950 1363 1286 1419 animorum
1313 1362 1652 1438 provinciae
1673 1363 1952 1438 prudens,
1995 1360 2077 1418 si-

215 1445 460 1524 mulque
497 1447 708 1503 doctus
743 1467 849 1521 per
890 1447 1084 1503 aliena
1121 1449 1546 1522 experimenta,
1630 1468 1843 1524 parum
1869 1446 2076 1523 profici

217 1534 427 1602 armis,
472 1532 523 1587 si
562 1531 819 1589 iniuriae
853 1543 1270 1607 sequerentur,
1313 1552 1515 1590 causas
1539 1533 1836 1591 bellorum
1875 1531 2079 1590 statuit

219 1619 503 1678 excidere.
621 1638 654 1674 a
707 1637 765 1673 se
815 1617 1053 1693 suisque
1105 1637 1271 1674 orsus
1316 1617 1571 1693 primam
1621 1619 1867 1675 domum
1913 1637 2079 1675 suam

222 1703 508 1775 coercuit3
557 1704 715 1781 quod
744 1703 1040 1784 plerisque
1061 1699 1224 1763 haud
1246 1703 1445 1763 minus
1469 1705 1725 1763 arduum
1751 1714 1867 1776 est,
1902 1723 2081 1782 quam

223 1956 475 2001 Germanos
489 1953 801 2014 imprimisque
812 1955 999 2000 Batavos
1022 1972 1117 2014 spe·
1182 1958 1283 2012 pla,
1305 1954 1352 1999 in
1376 1955 1578 2013 margine
1600 1953 1941 2010 experimenta,
1956 1951 2084 1998 cuius

224 2025 359 2059 etant.
421 2015 481 2060 cf.
507 2013 616 2058 Hist.
644 2014 685 2066 4,
709 2017 777 2058 12.
840 2015 928 2057 An.
957 2015 1022 2066 14,
1046 2015 1118 2059 29.

279 2086 437 2116 naves.
493 2072 597 2116 MS.
625 2071 770 2117 Vatic.
798 2072 925 2117 3429.
961 2074 1115 2129 navis,

223 2130 407 2189 antiqua
433 2129 597 2174 forma.

284 2201 364 2257 qai
393 2215 527 2244 mare
559 2204 912 2255 exspectabant.
974 2202 1011 2246 Ι.
1041 2202 1122 2246 Fr.

227 2257 496 2302 Gronovius
521 2258 732 2314 explicat:
774 2261 888 2317 „qui
914 2259 997 2303 sibi
1021 2276 1121 2318 per—

222 2325 457 2360 suaserant
501 2315 650 2375 ipsum
697 2333 819 2360 mare
865 2334 949 2375 pro
988 2331 1123 2360 muro

226 2373 335 2431 ipsis
397 2373 499 2416 fore
552 2383 685 2432 atque
730 2390 914 2419 accessu
964 2374 1122 2432 prohi-

227 2430 434 2474 biturum
462 2430 753 2476 Romanos.”
827 2432 1126 2476 Consentiunt

226 2487 488 2540 Dronkius,
554 2488 804 2539 Hertelius‚
858 2489 1126 2534 Walchius.

229 2548 290 2589 At
340 2546 424 2589 alia
480 2563 665 2602 prorsus
719 2547 940 2591 sententia
998 2547 1129 2590 inest.

229 2603 785 2657 Exspectabam-mare,
824 2604 864 2648 h.
902 2621 942 2648 e.
981 2606 1130 2662 exspe-

232 2661 414 2704 ctabant
457 2662 632 2705 hostem
682 2671 924 2705 venturum
967 2677 1063 2704 non
1107 2678 1131 2704 a

231 2724 350 2773 terra
384 2719 635 2762 continenti
672 2735 753 2779 per
791 2722 902 2764 vada
938 2728 981 2762 et
1018 2718 1133 2762 freta

233 2774 353 2818 inter
374 2775 563 2820 Monam
595 2775 790 2821 insulam
824 2786 866 2820 et
900 2777 1003 2820 litus
1030 2776 1133 2819 Bri-

234 2832 412 2875 tanniae
448 2832 550 2885 sita,
591 2834 667 2878 sed
702 2851 782 2889 pcr
811 2851 933 2880 mare
959 2842 1130 2877 vastum

234 2887 431 2932 insulam
482 2890 805 2935 circumfluens
849 2908 955 2936 cum
996 2892 1134 2935 classe

236 2955 283 2990 et
319 2946 529 2994 navibus.
592 2948 674 2990 Vix
710 2959 966 2993 memoratu
1001 2949 1134 3006 digna

239 3013 306 3048 est
342 3004 599 3048 coniectura
626 3005 1007 3064 Bipontinorum:
1058 3006 1139 3063 qui

239 3076 374 3104 mare
392 3066 731 3115 respectabant.

295 3120 538 3174 inpie-tum.
600 3120 654 3163 H.
680 3136 718 3162 e.
750 3122 871 3177 quod
903 3120 1021 3166 vinci
1053 3135 1135 3164 ne-

242 3177 355 3236 quit.
414 3175 646 3220 ef.Germ.
675 3194 714 3219 c.
743 3180 814 3221 20.
853 3181 1140 3223 inexhausta

236 3236 474 3292 pubertas.
536 3233 745 3278 Heinsius
780 3234 948 3279 frustra
978 3237 1138 3281 conie-

244 3293 330 3337 cit:
365 3293 558 3334 inuium.

301 3350 546 3393 laureatis,
631 3348 778 3393 Intell.
825 3351 1007 3395 litterate.
1079 3349 1138 3393 cf.

245 3407 343 3452 Liv.
369 3410 408 3456 5,
427 3408 499 3451 28.
562 3407 752 3450 Brodaei
775 3407 968 3451 Miscell.
993 3409 1025 3459 Ι,
1042 3407 1113 3454 33.

305 3480 416 3524 CAP.
458 3484 525 3526 19.
606 3481 950 3534 experimenta.
1038 3481 1087 3522 M
1095 3481 1142 3523 S.

249 3537 450 3584 Vatican.
475 3540 602 3586 3429.
628 3537 958 3595 (test.D1·onk.)
985 3551 1141 3581 atem·

1190 2013 1512 2071 discrepantiae
1544 2013 1772 2058 Broterius
1803 2011 2086 2055 mentionem

1191 2087 1286 2114 non
1310 2071 1430 2115 fecit.
1473 2069 1592 2114 illud
1615 2077 1884 2128 receperunt
1897 2066 2086 2113 Becker.

1193 2138 1239 2172 et
1262 2127 1432 2172 Hertel.
1492 2128 1752 2186 Perperam.
1811 2125 1871 2172 cf.
1899 2126 1989 2170 An.
2020 2125 2089 2178 12,

1195 2187 1264 2231 14.
1285 2186 1351 2238 13,
1364 2187 1433 2229 24.
1451 2185 1519 2237 15,
1532 2186 1604 2230 24.
1621 2184 1727 2230 dial.
1742 2183 1796 2228 de
1810 2192 1943 2230 oratt.
1958 2199 2002 2230 c.
2013 2182 2089 2229 84.

1253 2271 1478 2313 excidere.
1548 2269 1627 2313 Sic
1656 2268 1759 2314 edd.
1790 2278 1900 2314 vett.
1937 2277 1982 2314 et
2010 2282 2087 2312 re-

1198 2337 1335 2372 centt.
1369 2343 1527 2370 omnes
1562 2326 1668 2370 inde
1695 2327 1749 2370 ab
1777 2326 2002 2372 Ernestio.
2032 2349 2093 2362 -—

1196 2386 1469 2429 exscindere
1493 2384 1582 2428 sive
1604 2386 1854 2427 excindere
1875 2382 2092 2428 edd.Ald.

1198 2444 1317 2501 Lips.
1344 2459 1439 2500 sqq.
1463 2443 1518 2486 ad
1537 2441 1807 2486 Ernestium.
1866 2442 2018 2486 Placet
2041 2440 2092 2484 il-

1201 2501 1304 2551 lud,
1330 2508 1487 2558 tropus
1523 2499 1643 2543 enim
1675 2499 1731 2542 ab
1765 2499 1991 2543 radicibus
2014 2498 2093 2542 du-

1202 2569 1300 2603 ctus
1328 2566 1408 2602 est.
1468 2559 1527 2602 cf.
1550 2559 1741 2614 interpr.
1774 2557 1828 2600 ad
1853 2556 1998 2602 Cicer.
2037 2555 2093 2599 de

1203 2625 1368 2662 seneet.
1401 2615 1441 2666 6,
1470 2616 1537 2659 18.

1203 2678 1244 2726 8,
1265 2673 1306 2724 3,
1332 2677 1414 2717 ll.-

1204 2736 1245 2783 5,
1270 2733 1337 2775 16.
1360 2730 1486 2776 alibi.
1522 2729 1623 2774 vide
1641 2728 1789 2773 Beier.
1813 2730 1870 2774 ad
1889 2728 1987 2774 Cic.
2011 2727 2094 2772 Of-

1204 2791 1277 2835 fic.
1306 2791 1344 2837 1,
1370 2788 1439 2839 22,
1460 2787 1532 2832 76.
1819 2795 1822 2805 “

1257 2873 1487 2928 primam.
1547 2868 1625 2913 Sic
1648 2867 1749 2913 edd.
1774 2876 1885 2915 vett.
1913 2876 1958 2913 et
1977 2867 2099 2912 inter

1205 2936 1396 2975 recenti.
1445 2928 1618 2971 Broter.
1666 2926 1843 2970 Ernest.
1888 2924 2096 2970 Oberlin.

1206 2986 1384 3031 Dronk.
1406 2984 1593 3029 Becker.
1619 2983 1789 3027 Hertel.
1810 2982 2007 3028 Walch.
2041 3005 2100 3017 —

1202 3047 1413 3102 primum
1446 3041 1547 3085 edd.
1580 3042 1793 3086 Francof.
1831 3057 1938 3086 ann.
1973 3039 2100 3085 1542.

1211 3102 1386 3160 Micyll.
1402 3100 1566 3155 (1557.)
1587 3099 1710 3145 1.Fr.
1724 3099 1927 3144 Gronov.
1956 3097 2100 3158 Ryck.

1209 3161 1360 3204 Iacob.
1411 3157 1624 3214 Gronov..
1663 3155 1828 3209 [Imm.
1859 3154 2100 3211 Bekker.].

1211 3217 1473 3273 Utrumque
1497 3224 1618 3261 recte
1639 3214 1728 3259 diei
1755 3224 1915 3274 potest.

1614 2612 1794 2657 Beneke
1833 2614 1889 2658 ad
1932 2613 2092 2657 lustin.

1475 2672 1636 2715 Eadem
1670 2671 1857 2715 varietas
1889 2682 1955 2715 est
1982 2670 2095 2715 H-ist.

1270 3301 1470 3344 coercuit
1513 3315 1537 3341 e
1577 3297 1780 3341 Rhenani
1821 3294 2103 3340 correctione

1213 3359 1314 3403 edd.
1339 3358 1445 3401 Md.
1475 3373 1572 3415 sqq.
1601 3379 1660 3388 —
1700 3359 1862 3398 coerae'tt
1882 3351 2103 3399 edd-‘Pan

1214 3433 1283 3514 εἷ.
1315 3415 1503 3459 Mediol.
1537 3437 1591 3448 -
1661 3418 1848 3457 coerant
1887 3409 1960 3453 ed.
1997 3409 2104 3455 Pur.

1214 3490 1328 3577 Afn.
1360 3498 1416 3508 —
1476 3477 1716 3517 coerceant
1753 3467 1858 3513 edd.
1893 3465 2103 3512 Beroald.

1276 3548 1314 3576 c.
