2150 4022
1345 0 1387 40 ’,
1463 0 1504 50 vs
1698 8 1703 13 ¹
1755 0 1915 54 »ῃπῖν

1802 62 1814 66 νν
1938 50 2071 81 :ssw-t'
2103 60 2120 80 ‚2-

1502 97 1505 99 ·
1964 88 1977 106 ὓ

186 256 267 315 88
526 256 593 319 C.
646 253 1209 343 CORNELIUS
1269 257 1704 357 TActTUs

185 385 428 442 barbari
459 386 609 444 ritus
634 382 935 446 horrenda
956 388 1305 464 primordia.
1389 385 1499 447 Est
1535 378 1594 447 et
1627 389 1745 446 alia
1779 389 1913 447 luco
1949 410 2046 448 re-

184 471 466 531 verentia.
552 491 726 528 nemo
759 473 877 530 nisi
909 474 1147 532 vinculo
1177 475 1392 548 ligatus
1430 473 1793 548 ingreditur,
1824 464 2049 534 'ut-mi-

188 575 301 612 nor
325 567 382 613 et
403 567 748 631 potestatem
774 559 1036 615 numinis
1061 581 1200 636 prae
1240 579 1300 615 se
1330 559 1544 618 ferenS.
1630 559 1682 615 si
1714 559 1868 618 forte
1903 582 2046 636 pro-

187 641 386 716 lapsus
424 653 538 712 est,
582 643 774 699 attolli
811 656 868 701 et
905 646 1207 719 insurgere
1247 641 1408 701 haud
1455 644 1704 704 licitum.
1789 665 1894 719 per
1932 642 2048 703 hu-

187 746 353 783 mum
379 727 760 785 evolvuntur:
807 750 991 806 eoque
1017 731 1210 787 omnis
1236 729 1572 805 superstitio
1602 730 1885 805 respicit„
1914 742 2048 789 tan-

189 831 367 887 quam
394 812 535 868 inde
571 813 739 870 initia
771 816 989 887 gentis}
1033 816 1121 872 ibi
1148 826 1424 888 regnator
1449 814 1720 871 omnium
1744 817 1914 886 dem,
1951 836 2047 873 ce·-

187 907 310 952 tera
338 897 596 955 subiecta
632 910 805 976 atque
845 901 1131 974 parentia.
1218 895 1446 956 Adiicit
1484 900 1892 958 auctoritatem
1923 902 2049 957 for-

187 991 334 1038 tuna
385 981 771 1044 Semnonum.
879 998 1115 1044 centum
1164 985 1328 1061 pagis
1365 980 1738 1043 habitantur:
1798 1005 2046 1063 magno-

187 1087 302 1208 que
369 1088 614 1144 corpore
677 1069 955 1140 efficitur,
1027 1083 1096 1129 ut
1162 1091 1222 1128 se
1278 1069 1612 1129 Suevorum
1677 1082 1852 1148 caput
1920 1091 2047 1129 cre-

235 1163 355 1213 ant.

243 1397 494 1441 horrenda.
555 1399 693 1444 MSS.
716 1398 908 1457 Longol.
931 1399 1080 1444 Vatic.

185 1453 315 1497 2964.
343 1455 412 1497 ed.
442 1455 651 1500 Norimb.
677 1459 935 1502 horrentia.
995 1457 1082 1502 Ed.

134 1575 136 1578 y
188 1509 324 1555 Rom.
348 1515 595 1557 brotentia.

235 1570 517 1623 primordia.
606 1570 841 1634 Ernestius
880 1572 935 1616 ad
966 1571 1012 1616 h.
1048 1572 1082 1619 l.

1210 1403 1503 1445 habitantur.
1596 1401 1674 1446 Sic
1724 1399 1828 1444 libri
1879 1407 2047 1442 veteres

1155 1469 1341 1518 excepto
1378 1459 1536 1503 codice
1560 1457 1752 1516 stuttg..
1787 1456 1834 1501 in
1864 1473 1955 1515 quo
1980 1456 2046 1500 le-

1155 1515 1274 1572 gitur
1305 1518 1572 1572 habitatur,
1623 1523 1668 1559 et
1699 1516 1758 1559 ita
1789 1514 1893 1559 edd.
1924 1513 2046 1557 Rhe·

1155 1589 1260 1617 nan.
1286 1575 1448 1631 (1533.)
1472 1591 1570 1633 sqq.
1591 1574 1646 1617 ad
1667 1572 1911 1616 Pichenam
1926 1605 1939 1624 ,
1967 1569 2047 1631 qui

184 1625 496 1702 „primordia
518 1628 638 1679 dixit,
669 1638 718 1672 ut
741 1629 880 1682 initia,
909 1626 1081 1690 μυστή·

189 1699 281 1744 ρια.

238 1744 492 1797 prolapsus
516 1752 599 1787 est.
654 1744 730 1790 Sic
753 1747 891 1792 MSS.
915 1747 1082 1807 Stuttg.

185 1797 418 1845 Hummel.
457 1801 560 1844 edd.
592 1801 735 1848 Paris.
771 1804 897 1860 (haec
926 1806 1082 1850 vitiose

183 1859 443 1912 prolapuss
477 1862 564 1916 est)
606 1860 815 1905 Norimb.
847 1863 949 1906 Ber.
981 1864 1082 1909 Alc.

186 1913 331 1957 Rhen.
353 1915 495 1970 (1519.
523 1926 565 1959 et
588 1919 732 1976 1533.)
765 1919 873 1964 Ald.
898 1938 999 1980 sqq.
1038 1929 1083 1964 et

186 1988 335 2030 nuper
346 1972 536 2018 Bekker.
550 1974 748 2020 Walch.
771 1978 860 2021 alii.
876 2005 935 2014 --
972 1993 1082 2032 pro·

186 2031 352 2084 lapsus
373 2031 486 2086 (sine
512 2036 594 2090 est)
614 2034 826 2078 MS.Tu1·.
853 2036 1082 2095 edd.Spir.

185 2087 319 2130 Kath.
334 2086 435 2132 Put.
453 2089 517 2133 M.
536 2099 577 2133 et
591 2091 642 2134 V.
661 2093 1020 2139 Monac.Vienn.
1040 2101 1083 2136 et

186 2145 305 2188 inter
326 2147 599 2192 recentiores
622 2149 806 2207 Passov.
843 2151 964 2195 Hess.
990 2151 1080 2195 alii.

186 2200 361 2245 Verum
385 2207 625 2251 commode
658 2207 782 2251 adest
810 2207 920 2251 illud
945 2216 1019 2252 est
1040 2217 1084 2252 et

188 2275 511 2318 saepenumero
547 2263 606 2323 id(¹
634 2266 824 2310 verbum
861 2267 919 2309 ob
951 2282 1083 2310 eom-

187 2318 402 2375 pendium
433 2328 455 2360 Ξ
474 2321 633 2365 excidit
657 2322 704 2366 in
728 2321 872 2366 libris.

238 2390 328 2429 per
360 2379 575 2422 humum.
645 2380 728 2423 Ed.
767 2380 870 2424 Put.
907 2381 964 2424 V.
995 2395 1085 2436 per·

187 2433 452 2476 humanum
467 2467 480 2484 ,
511 2436 616 2480 vitio
637 2437 981 2497 typographicO.

243 2494 538 2537 evolvuntur.
609 2494 812 2539 Orellius
840 2498 954 2540 bene
980 2494 1081 2538 ani-

187 2548 432 2594 madvertit
486 2549 532 2593 id
571 2554 764 2598 verbum
819 2553 893 2597 hic
942 2569 1079 2597 usur-

186 2619 315 2705 3253.-
336 2615 602 2710 ffi'mia‘i‘ssn
628 2610 859 2712 5'Eed6fi'49
881 2611 973 2713 Si1⁰5
990 2614 1081 2713 ⁰7⁰i'

390 2681 436 2706 n.
499 2697 510 2714 ,
593 2700 603 2710 .
689 2702 698 2712 .
767 2700 779 2718 ,
865 2703 875 2712 .
976 2703 988 2722 ‚
1070 2701 1082 2715 .

186 2716 303 2763 Hist.
326 2721 367 2772 4,
388 2723 458 2766 81.
522 2723 670 2784 Vulgo
708 2726 1081 2786 interpretantur:

186 2791 304 2819 man
327 2783 474 2822 wc'z‘lzt
496 2782 561 2824 sie
591 2785 777 2827 hinaus.

179 2839 181 2841 “
244 2837 418 2879 adiicit.
498 2839 573 2883 Sic
605 2841 704 2885 edd.
738 2841 881 2886 Paris.
912 2840 1080 2892 Aleiat.

186 2890 389 2938 Rhenan.
414 2895 583 2953 (1533.)
612 2899 718 2943 Ald.
740 2915 839 2958 sqq.
871 2923 928 2933 -
973 2901 1082 2943 adi-

128 2964 135 2970 ‘
187 2950 248 2992 cit
278 2950 351 2995 ed.
382 2952 615 3007 Norimb.,
653 2965 799 3000 vetere
839 2956 1081 3015 scriptura.

189 3005 251 3075 cf.
281 3008 371 3055 An.
411 3011 477 3063 15,
503 3011 573 3054 55.
619 3016 814 3057 adiicere
855 3022 1083 3058 constan-

190 3071 324 3109 tiam.
358 3091 415 3101 -
473 3073 664 3112 adducit
698 3072 800 3114 MS.
831 3072 944 3116 Tur.
978 3071 1080 3116 edd.

189 3121 308 3179 Spir.
323 3125 454 3170 Kath.
481 3126 582 3176 Put.
605 3128 676 3171 M.
701 3137 743 3171 et
757 3129 811 3173 V.
832 3132 944 3186 (non
967 3132 1083 3172 adu-

188 3182 274 3235 αἰ,
315 3190 364 3225 ut
423 3185 590 3228 rodidit
613 3184 869 3243 Passovius)
894 3187 1082 3232 Monac.

188 3235 354 3295 Vienn.
386 3200 598 3287 geroam.
634 3242 776 3286 Rhen.
812 3244 996 3300 (1519.).
1027 3271 1083 3280 —

187 3298 352 3363 aditur
380 3300 481 3367 MS.
511 3299 698 3358 Stuttg.‚
750 3317 897 3358 neque
933 3310 1084 3347 tamen

189 3360 1086 3475 {Li‘iffiffiiffissffi2223r1·{253¹n¹,¹¹32⁸5

191 3469 279 3514 hoc
302 3481 370 3516 est
399 3473 449 3515 in
476 3472 695 3532 margine.
754 3473 870 3517 Edd.
894 3474 998 3521 Put.
1022 3475 1085 3520 V.

192 3526 360 3573 Vienn.
387 3529 596 3575 Beroald.
624 3530 768 3576 Rhen.
791 3531 959 3589 (1519.)
994 3548 1082 3587 aur

193 3591 394 3643 ctorem,
427 3587 534 3634 vitio
563 3588 911 3649 typographico.

1151 1631 1343 1675 restituit
1359 1633 1653 1675 habitantur.
1689 1629 1924 1689 Bipontini
1943 1629 2047 1673 satis

1151 1687 1382 1747 ingeniose
1400 1697 1692 1733 correxerunt
1710 1686 2049 1735 habitantium,

1154 1748 1278 1806 quod
1335 1747 1563 1791 retinuere
1601 1745 1811 1790 Oberlin.
1858 1740 2047 1787 Bekker.

1153 1806 1243 1850 alii.
1278 1830 1331 1840 —
1388 1803 1621 1848 Ernestius
1666 1801 1863 1848 coniecit
1908 1802 2049 1845 habi-

1153 1872 1259 1908 tant
1290 1862 1362 1907 vel
1395 1871 1581 1906 centum
1606 1862 1724 1918 pagi
1757 1861 2048 1911 habitantur.

1153 1922 1274 1964 Illud
1298 1922 1345 1964 in
1371 1920 1523 1963 locum
1557 1926 1824 1977 receperunt
1849 1916 2046 1961 Seebod.

1153 1980 1332 2024 Passov.
1357 1977 1480 2021 Hess.
1503 1976 1700 2021 Waleh.
1720 1974 1812 2020 alii.
1836 1998 1892 2010 --
1933 1973 2047 2016 Bro-

1152 2038 1293 2081 terius
1315 2036 1511 2079 volebat:
1542 2041 1731 2076 centum
1749 2034 1868 2089 pagi
1884 2033 1942 2076 iis
1962 2032 2047 2075 ha-

1154 2096 1389 2149 bitantur,
1426 2092 1549 2150 quod
1571 2091 1780 2135 Ernestio
1810 2090 1967 2134 durius
1990 2089 2049 2132 vi-

1154 2153 1358 2196 debatur.
1447 2149 1536 2194 Sed
1587 2148 1903 2203 emendatipne
1953 2161 2049 2194 non

1155 2227 1269 2268 opus
1302 2216 1383 2252 est.
1466 2207 1719 2251 Semnones
1749 2215 1931 2250 centum
1966 2219 2047 2261 pa—

1155 2268 1220 2325 gis
1266 2267 1543 2310 habitantur:
1594 2264 1642 2307 in
1686 2263 1772 2308 hac
1814 2262 2047 2307 locutione

1155 2327 1408 2369 Semnones
1430 2338 1523 2365 non
1556 2329 1662 2364 sunt
1694 2319 1928 2370 homines,
1967 2317 2047 2362 sed

1155 2381 1461 2439 metonymice
1491 2379 1702 2423 dicuntur
1741 2394 1824 2436 pro
1858 2378 2048 2422 Semno-

1153 2457 1264 2483 num
1322 2437 1527 2489 civitate‚
1586 2443 1636 2478 ut
1683 2435 1746 2478 ita
1795 2433 2049 2479 Semnones

1152 2496 1279 2555 quasi
1312 2495 1403 2539 sint
1435 2493 1654 2552 spatium,
1698 2490 1822 2549 quod
1859 2505 2049 2547 occupa·

1152 2564 1227 2598 tur
1247 2570 1273 2598 a
1297 2561 1482 2597 centum
1503 2552 1638 2611 pagis.
1686 2549 1840 2607 Quare
1853 2550 2049 2594 Haekius

1153 2620 1276 2656 recte
1330 2610 1511 2657 videtur
1560 2623 1797 2654 revocasse
1845 2615 2048 2653 veterem

1153 2670 1439 2727 scripturam.
1498 2666 1570 2709 De
1596 2663 1829 2709 locutione
1855 2664 1912 2708 cf.
1934 2664 2030 2708 Hist

1153 2728 1193 2779 5,
1225 2727 1268 2771 7.
1308 2725 1466 2780 campi
1502 2737 1616 2780 quos
1651 2722 1821 2780 serunt
1861 2691 2050 2778 magni-3

1154 2786 1343 2828 urbibus
1364 2782 1614 2826 habitatos.

1209 2911 1472 2952 magnoque
1507 2909 1723 2950 corpore.
1800 2893 1878 2940 Sic
1907 2893 2045 2940 MSS.

1154 2957 1330 3000 Vaticc.
1360 2954 1485 2998 1518.
1519 2963 1564 2997 et
1594 2954 1720 2998 1862.
1743 2950 1858 2996 Tur.
1883 2951 2047 3012 stuttg.

1152 3015 1348 3071 itemque
1373 3012 1595 3056 editiones
1625 3019 1797 3058 veteres
1823 3017 1867 3054 et
1892 3025 2047 3054 recen-

1153 3071 1303 3116 tiores.
1363 3070 1422 3114 cf.
1449 3070 1537 3113 An.
1562 3070 1630 3119 13,
1653 3069 1723 3112 27.
1747 3081 1912 3123 eorpus
1933 3067 2048 3110 Ger-

1440 3127 1559 3170 Hist.
1590 3130 1630 3179 1,
1657 3126 1725 3170 15.
1755 3138 1922 3179 eorpus
1953 3125 2048 3167 im-

1150 3187 1275 3243 perii
1287 3203 1302 3237 ;
1370 3185 1413 3240 4,
1446 3185 1518 3228 64.
1567 3197 1733 3240 corpus
1781 3197 2045 3239 nomenque

1157 3244 1464 3288 Germaniae.
1549 3242 1718 3286 lustin.
1770 3239 1822 3289 5,
1859 3241 1930 3284 10.
1990 3265 2048 3274 —

1155 3316 1417 3357 magnoque
1462 3308 1666 3356 tempore
1698 3297 1836 3342 MSS.
1870 3295 2046 3342 Vaticc.

1154 3360 1284 3404 2964.
1309 3367 1352 3401 et
1371 3357 1503 3402 4493.
1528 3358 1632 3402 cod.
1649 3356 1769 3401 Stutt
1801 3389 1814 3402 .
1840 3353 1906 3410 (in
1930 3370 2046 3398 mar·

1185 3418 1299 3471 ine).
1313 3441 1370 3450 —
1410 3415 1461 3458 ln
1474 3371 1814 3460 Ms.Hummeff.
1834 3419 2048 3457 contextu

1175 3474 1317 3533 egitur
1339 3487 1606 3530 magnoque
1628 3479 1861 3526 tempore,
1893 3468 1973 3513 sed
1997 3468 2047 3512 in

1156 3547 1299 3633 inlarg-
1322 3532 1376 3575 ab
1400 3530 1555 3575 eadem
1570 3545 1708 3574 manu
1724 3525 1946 3587 scriptum
1957 3533 2047 3571 estx

1156 3606 1189 3635 a
1209 3623 1221 3636 .
1243 3603 1436 3644 corpore
1451 3620 1464 3645 ,
1497 3601 1715 3632 numero.
1745 3619 1747 3623 -

1154 3130 1362 3172 maniae.
