2150 4022
507 244 1032 357 DlA-LOGUS.
1116 294 1309 360 CAP.
1345 283 1448 358 ΞΟ.

1775 297 1902 358 307

57 427 126 482 iii
157 423 417 483 {tolonias
444 436 518 481 ac
534 423 878 500 'provincias
904 436 1039 480 suas
1067 424 1363 495 scribunt,
1406 423 1532 481 sive
1557 413 1761 494 seusus
1787 427 1899 483 ali-

59 510 422 588 quis·arguta
445 520 503 567 et
527 509 696 566 brevi
724 509 1015 567 sententia
1037 509 1284 578 effulsit,
1340 509 1463 566 sive
1489 510 1653 567 locus
1687 512 1898 589 exqui-

60 594 173 652 sito
200 605 260 652 et
285 594 515 670 poetico
547 595 710 651 cultu
738 595 966 652 enituit.-

1060 593 1309 667 exigitur
1336 596 1491 650 enim
1517 594 1635 667 iarn
1660 596 1734 652 ab
1761 615 1899 654 ora-

61 692 188 737 tore
212 679 386 736 etiam
410 679 674 754 poeticus
698 679 873 736 'decor
888 725 904 748 ,
947 692 1072 735 non
1088 674 1240 735 Attii
1262 690 1364 735 aut
1389 673 1634 736 Pacuvii
1656 687 1896 738 veterno

61 764 434 842 inquinatus,
476 766 578 820 sed
607 759 936 822 exHoratii
965 774 1021 820 et
1044 761 1281 837 Virgilii
1311 775 1368 820 et
1389 761 1616 821 Lucani
1644 760 1891 823 sacrario

57 850 342 926 prolatu&
426 847 658 906 Horum
683 849 866 923 igitur
888 848 1128 906 auribus
1152 859 1208 905 et
1228 848 1466 905 iudiciis
1490 850 1899 926 obtemperans

61 945 400 992 nostrorum
434 945 736 992 oratorum
771 946 926 992 aetas
961 927 1266 1011 pulchrior
1292 944 1350 991 et
1372 934 1637 991 ornatior
1662 937 1899 995 exstitit.

117 1158 213 1201 sive
242 1170 407 1200 sensus
441 1150 623 1212 aliquis.
681 1156 785 1202 MS.
807 1155 952 1212 Neap.

63 1214 167 1259 edd.
193 1214 282 1264 ami
319 1228 399 1256 uae
421 1221 465 1263 et
486 1212 606 1271 Lips.
633 1213 809 1267 Pithoe.
828 1213 953 1256 Gro-

60 1282 174 1316 nov.
207 1268 298 1314 Bro
321 1273 382 1314 er.
413 1269 590 1313 Ernest.
622 1270 722 1328 Bip.
758 1266 953 1315 Seebod.

59 1317 269 1373 exhibent
290 1329 383 1372 sive
401 1328 449 1384 in
468 1329 564 1370 suis
584 1329 766 1384 aliquis,
792 1327 840 1371 in
855 1326 950 1385 qui·-

61 1387 149 1430 bus
183 1383 454 1444 explicandis
484 1385 648 1427 mirum
681 1386 727 1429 in
761 1385 951 1428 modum

62 1443 180 1487 inter
200 1448 326 1486 'retes
349 1450 396 1484 se
417 1448 661 1485 torserunt.
720 1441 798 1484 Est
829 1441 951 1484 enim

64 1514 116 1546 ex
154 1499 184 1543 il
207 1499 340 1542 orum
379 1498 616 1556 opinione:
675 1498 791 1543 inter
832 1514 953 1548 suos,

96 1574 178 1601 uos
212 1564 462 1606 sectantur,
503 1555 685 1613 aliquis3
729 1573 815 1613 qua
849 1556 954 1612 qui-

64 1574 170 1659 3em
200 1614 250 1658 iu
280 1613 499 1657 sententia
521 1613 769 1670 genitivum
794 1628 954 1670 exspe-

65 1681 237 1728 ctares,
262 1679 310 1714 ut
331 1671 415 1714 An.
442 1673 478 1720 l,
499 1670 542 1712 6.
568 1674 723 1713 nullus
742 1685 954 1713 suorum.

65 1727 256 1773 Summo
284 1726 421 1786 igitur
448 1728 546 1770 iure
602 1727 680 1769 leri
716 1743 771 1770 ue
792 1742 954 1770 reeen-

68 1787 262 1840 tiorum,
316 1791 364 1827 ut
397 1789 524 1827 antea
553 1744 698 1828 Koida
723 1817 734 1828 .
768 1783 956 1827 Freins-

66 1845 184 1893 hem.
208 1842 460 1887 Heumann.
490 1849 534 1883 et
557 1841 812 1890 Schulzius,
842 1841 953 1885 Mu-

67 1902 151 1947 reti
173 1898 445 1959 praeclaram
469 1899 825 1942 emendationem
857 1899 955 1940 sive

68 1973 234 2010 sensus
254 1956 423 2011 aliquis
447 1955 775 2014 praetulerunt.
814 1955 954 1999 Recte

68 2017 135 2062 sic
171 2015 260 2058 dici
294 2012 611 2070 comprobabit
646 2011 806 2068 Quint.
845 2011 954 2055 Inst.

68 2089 134 2117 or.
162 2073 203 2123 83
224 2072 263 2123 5,
289 2071 318 2114 2
361 2072 647 2112 consuetudo
674 2071 772 2111 iam
795 2070 958 2121 tenuit,

66 2138 121 2174 ut
143 2137 297 2173 mente
322 2135 545 2181 concepta
571 2140 787 2170 sensus
815 2141 956 2168 voca-

68 2202 248 2237 remus,
288 2186 467 2229 lumina
490 2191 650 2225 autem
678 2186 958 2239 praecipue-

69 2252 160 2303 que'
186 2247 235 2288 in
268 2244 488 2286 clausulis
510 2244 668 2295 posita
696 2250 915 2284 senten
932 2264 953 2274 -

70 2305 215 2356 tias,
267 2315 352 2343 nec
389 2306 632 2354 repugnat,
682 2299 804 2355 quod
840 2299 957 2356 apud

71 2361 288 2405 Nostrum
311 2362 376 2398 est
401 2370 497 2411 cap.
518 2355 592 2397 23.
617 2364 660 2396 et
685 2358 803 2396 illud
824 2358 959 2398 tertio

75 2430 256 2474 quoque
285 2426 424 2456 sensu
458 2413 504 2453 in
535 2414 746 2453 omnibus
781 2415 957 2455 oratio-

3 2505 19 2514 *
73 2476 208 2519 nibus
245 2485 332 2525 pro
374 2470 603 2511 sententia
636 2470 868 2521 positum,
919 2475 962 2511 et

75 2547 175 2588 cap.
203 2530 273 2572 32.
309 2529 357 2569 in
383 2528 689 2579 paucissimos
721 2541 884 2568 sensus
918 2533 963 2567 et

73 2591 304 2643 angustas
322 2584 579 2626 sententias
599 2586 855 2624 detrudant
874 2585 964 2624 elo-

75 2646 336 2704 quentiam,
362 2639 419 2684 al.
462 2640 815 2697 improbandum
839 2655 964 2690 vero,

75 2702 196 2775 ‘qudd
220 2700 369 2757 Lipsio
397 2697 446 2739 in
474 2706 666 2750 mentem
694 2697 840 2748 venit,
870 2698 963 2739 sive

77 2761 124 2805 ui
181 2759 387 2802 sensibus
449 2757 572 2809 suis,
650 2770 732 2798 nec
788 2754 964 2796 felicior

76 2811 432 2863 Schurzsseischii
476 2811 701 2855 correctio
751 2813 847 2854 sive
888 2812 962 2852 in-

76 2875 181 2918 scit's
216 2872 414 2928 aliquid,
470 2870 528 2911 ita
564 2878 611 2911 ut
645 2869 839 2925 scriptor
874 2883 961 2910 ex-

79 2931 296 2988 quisitum
339 2930 517 2970 cultum
563 2935 762 2983 opponat
806 2926 964 2975 inscio,

76 2987 324 3045 improviso
362 2983 570 3030 videlieet
612 2991 656 3026 et
691 2988 784 3026 non
826 2998 963 3040 quae-

81 3046 183 3090 sito.

139 3127 342 3181 exigitur
362 3125 501 3179 enim.
551 3122 597 3165 ld
622 3124 675 3167 ab
688 3122 840 3181 Lipsio
863 3123 967 3166 inde

83 3185 305 3243 vuigatum
343 3190 410 3224 est
439 3204 489 3213 ·-
535 3181 754 3233 exigetur
799 3180 965 3224 omisso

0 3255 1 3265 ¹
81 3245 204 3286 enim
227 3240 330 3283 MS.
349 3238 490 3296 Neap.
514 3261 572 3270 —-
603 3246 842 3280 exercetur
863 3237 966 3280 edd.

2 3687 7 3767 k

83 3299 305 3356 antiquae.

140 3381 271 3424 Attii.
331 3375 432 3421 MS.
456 3377 596 3434 Neap.
623 3378 753 3419 Accii
774 3401 831 3409 -
863 3375 965 3420 edd.

82 3446 184 3482 v'ett.
200 3437 332 3480 Antii.
372 3435 449 3478 Est
468 3441 613 3477 autem
637 3434 680 3475 id
705 3434 969 3477 diversitatis

84 3503 177 3539 non
193 3493 339 3537 solum
354 3493 397 3535 in
419 3492 505 3536 hoe
522 3491 716 3541 nomine,
738 3491 814 3534 sed
832 3490 967 3533 etiam

84 3553 134 3596 in
157 3552 339 3605 Vettio,
374 3549 524 3591 Paccio
549 3547 880 3609 similibustLue,
920 3548 967 3589 in

85 3609 246 3667 quibus
267 3606 393 3651 numi
421 3605 677 3664 lapidesque
698 3603 966 3663 plerumque

1022 1160 1088 1209 tt,
1132 1152 1288 1211 scripti
1310 1153 1413 1197 libri
1437 1161 1481 1198 et
1513 1154 1716 1200 exhibere
1743 1159 1905 1203 soient.

1021 1210 1112 1255 vid.
1141 1209 1372 1255 Drakenh.
1404 1212 1465 1255 ad
1495 1212 1588 1256 Liv.
1613 1215 1656 1265 4,
1678 1215 1751 1258 28.
1807 1215 1910 1260 Hoc

1020 1275 1224 1327 tempore
1261 1268 1465 1311 usitatior
1502 1279 1569 1314 'est
1603 1273 1763 1316 Attius
1803 1273 1910 1317 for-

1021 1341 1118 1375 ma,
1176 1332 1225 1368 ut
1277 1325 1597 1371 demonstravit
1645 1327 1908 1375 Schneider.

1021 1383 1094 1426 in:
1132 1382 1534 1427 Elementarlehre
1558 1389 1606 1428 d.
1635 1389 1719 1431 lat.
1741 1390 1848 1443 Spr.
1875 1390 1909 1432 f.

1023 1448 1067 1497 p.
1090 1439 1190 1483 444.
1237 1438 1412 1483 Osann.
1440 1438 1602 1485 Annas.
1636 1443 1736 1487 crit.
1766 1455 1810 1504 p.
1835 1446 1910 1488 60.

1023 1498 1271 1540 Burmann.
1296 1497 1351 1540 ad
1375 1498 1496 1541 Suet.
1520 1500 1588 1542 Au
1606 1505 1610 1508 ’
1627 1531 1637 1541 .
1665 1517 1707 1544 c.
1728 1503 1771 1544 4.
1834 1502 1908 1546 Cf.

1026 1554 1189 1611 Quint.
1215 1555 1324 1597 lnst.
1347 1570 1411 1597 or.
1430 1559 1497 1603 10,
1514 1558 1592 1610 1,9
1625 1572 1663 1601 .:
1702 1559 1914 1614 Tra‘goea-

1024 1613 1132 1654 diae
1155 1613 1401 1666 scriptores
1425 1621 1635 1656 veterum
1656 1617 1812 1660 Attius
1831 1626 1911 1660 at'-

1025 1673 1110 1725 que
1139 1668 1365 1710 Pacuvius
1395 1669 1648 1714 'clarissimi
1676 1677 1914 1726 gravitate

1024 1728 1365 1768 sententiarum
1379 1758 1391 1780 ,
1419 1729 1672 1771 verborum
1688 1735 1912 1788 pondere,

1026 1784 1311 1825 auctoritate
1348 1799 1686 1838 personarum.
1778 1791 1915 1832 Cete-

1025 1855 1131 1882 rum
1159 1841 1282 1882 nitor
1315 1843 1362 1882 'et
1391 1856 1583 1884 summa
1617 1844 1666 1885 in
1697 1850 1913 1890 excolen-

1026 1899 1098 1940 dis
1132 1898 1344 1951 operibus
1377 1913 1551 1941 manus
1581 1905 1733 1954 magis
1773 1906 1921 1946 videri

1021 1961 1178 2009 potest
1209 1955 1490 2007 temporibus
1519 1971 1661 2012 quam
1689 1960 1800 2012 ipsis
1830 1965 1917 2003 de·—

1014 2012 1183 2067 fuisse.
1260 2009 1518 2068 carpuntur
1562 2023 1785 2068 oratores‚·
1839 2020 1917 2076 qui

1027 2078 1229 2111 veterum
1251 2077 1488 2125 poetarum
1517 2069 1642 2114 locos
1664 2084 1740 2116 aut
1762 2074 1916 2118 addito

1028 2126 1213 2169 nomine
1240 2133 1316 2167 aut
1339 2126 1496 2169 tectius
1523 2129 1802 2174 orationibus
1829 2133 1919 2175 suis

1029 2183 1379 2230 admiscuerunt,
1401 2199 1513 2240 quos
1525 2184 1746 2243 significat
1759 2189 1920 2244 Quint.

1028 2240 1137 2283 Inst.
1162 2256 1226 2284 or.
1254 2243 1292 2288 1,
1314 2241 1355 2292 8,
1380 2243 1446 2283 11.
1466 2246 1713 2297 praecipue
1733 2250 1919 2300 quidem

1030 2299 1158 2350 opud
1194 2297 1478 2348 Ciceronem,
1515 2299 1797 2355 frequenter
1841 2311 1922 2345 ta-

1031 2369 1139 2396 men
1171 2358 1300 2407 apud
1321 2357 1532 2397 Asinium
1557 2359 1701 2399 etiam
1725 2367 1770 2401 et
1797 2367 1921 2403 cete-‘-

1032 2426 1139 2465 ros,
1187 2413 1267 2466 qui
1294 2416 1403 2453 sunt
1432 2415 1674 2469 proximi,
1718 2417 1921 2460 vidimus

1033 2469 1194 2517 Ennii,
1255 2470 1403 2522 Attii,
1467 2469 1682 2519 Pacuvii,
1739 2473 1923 2524 Lucilii,

1034 2524 1269 2574 Terentii,
1312 2525 1502 2567 Caecilii
1531 2534 1576 2568 et
1608 2530 1812 2573 aliorum
1847 2533 1920 2575 in·

1033 2583 1135 2624 seri
1152 2596 1336 2636 versus,
1371 2597 1560 2625 summa
1583 2599 1680 2628 non
1703 2588 1921 2631 eruditi&-

1032 2639 1105 2681 nis
1129 2642 1267 2679 modo
1287 2641 1442 2693 gratia
1456 2672 1468 2690 ,
1496 2645 1579 2682 sed
1600 2644 1745 2685 etiam
1765 2650 1920 2688 aucurr-

1033 2696 1222 2750 ditatis,
1266 2711 1368 2737 cum
1399 2699 1592 2750 poeticis
1610 2700 1922 2754 facultatibus

1031 2766 1171 2795 aures
1209 2768 1242 2793 a
1269 2754 1457 2807 forensi
1484 2759 1734 2810 asperitate
1770 2764 1919 2813 resm'ss

1031 2817 1149 2852 rent.
1221 2808 1418 2852 Uberius
1459 2811 1514 2854 de
1553 2812 1641 2858 hoc
1684 2815 1923 2875 disputavit

1032 2868 1090 2910 A.
1146 2866 1335 2924 Langius
1386 2868 1565 2913 Vindio.
1621 2880 1736 2931 trag.
1766 2875 1922 2920 Rom.

1032 2940 1074 2982 p.
1101 2921 1172 2966 34.
1197 2939 1263 2982 sq.

1095 3004 1301 3050 Horatii.
1380 3007 1496 3052 Edd.
1527 3008 1784 3069 spir..Put.
1820 3003 1922 3059 Ber.

1036 3064 1140 3109 Riv.
1179 3063 1276 3107 Alc.
1314 3064 1420 3108 Ald.
1458 3066 1616 3111 oratii
1642 3095 1698 3122 ¹-—
1749 3071 1922 3128 Osamr.

1038 3123 1108 3165 ed.
1123 3121 1224 3164 Ald.
1239 3137 1468 3180 perperam
1495 3125 1729 3186 adscripsit
1747 3131 1919 3171 Οιυιϋ

1038 3181 1102 3222 rii
1136 3201 1192 3210 —
1234 3179 1309 3222 sed
1353 3180 1439 3223 iam
1475 3182 1543 3225 ed.
1578 3184 1697 3227 lunt.
1733 3187 1928 3229 Hor-otii

1037 3235 1250 3279 exhibuit.

1094 3319 1293 3363 exstitit.
1350 3317 1467 3363 Edd.
1485 3320 1587 3364 Put.
1603 3321 1656 3364 Ri
1665 3339 1706 3366 v.
1729 3326 1847 3367 extit
1869 3349 1924 3376 τ-

1039 3376 1137 3418 edd.
1156 3375 1257 3418 Ber.
1270 3375 1374 3420 Alc.
1388 3375 1531 3422 Rhen.
1557 3381 1730 3424 extitit.
1779 3381 1923 3426 Paulo

1039 3442 1139 3490 post
1161 3432 1207 3474 in
1231 3433 1301 3476 ed.
1326 3433 1428 3478 Ber.
1450 3435 1567 3479 miro
1591 3449 1747 3479 errore
1769 3446 1924 3482 etecu-

1040 3503 1113 3531 ces
1150 3503 1403 3547 expressum
1449 3500 1511 3536 est
1526 3522 1538 3539 .
1594 3499 1637 3535 et
1681 3495 1927 3553 voluptqsc

1040 3561 1123 3604 pro
1175 3548 1428 3602 voluptate.
1505 3549 1714 3607 Denique
1760 3568 1819 3605 pr

1038 3604 1174 3645 niunt
1194 3603 1268 3647 ed.
1292 3605 1407 3661 Spir.
1432 3621 1515 3663 pro
1534 3609 1768 3661 perueniat

1195 3663 1329 3723 Ue
