2150 4022
435 251 673 324 lum
719 251 1037 320 Aemo.
1076 257 1311 318 v1TA
1353 236 1546 320 CAP‘.
1587 258 1684 322 30.

232 440 239 449 r
305 392 496 452 XXX.

1869 258 1986 318 175

581 389 921 463 „Quotiens
948 408 1148 446 causas
1165 390 1311 446 belli
1345 402 1400 448 et
1438 394 1838 452 necessitatem
1877 415 1989 451 no-

137 494 363 553 „stram
401 480 668 546 intueor,
719 493 967 549 magnus
1003 470 1154 529 mihi
1191 476 1421 533 animus
1459 488 1574 547 est,
1618 475 1987 537 'hodiernum

138 569 342 645 „diem
379 582 844 638 consensumque
891 570 1146 615 vestrum
1196 559 1433 617 initium
1475 563 1763 623 libertatis
1810 567 1990 622 totius

136 650 530 725 „Britanniae
561 649 705 705 fore.

792 646 941 702 Nam
983 656 1039 700 et
1074 643 1338 700 universi
1376 646 1670 708 servitutis
1708 647 1988 727 experte3‚

134 749 244 808 „et
266 736 465 793 nullae
491 734 646 791 ultra
676 744 894 799 terrae,
930 750 996 786 ac
1024 749 1098 784 ne
1125 749 1286 785 mare
1313 731 1550 805 quidem
1579 754 1846 792 securum
1874 737 1990 792 im·-

133 822 438 893 „minente
463 819 635 875 nobis
665 818 841 873 classe
863 813 1154 892 Romana.

1240 815 1319 871 ita
1355 818 1644 889 proelium
1685 832 1858 898 atque
1893 842 1991 878 ar-

135 928 302 977 ‚‚ma‚
355 925 503 981 quae
545 903 798 960 fortibus
834 897 1117 968 honesta,
1173 900 1376 955 eadem
1416 902 1589 958 etiam
1627 906 1854 978 ignavis
1893 917 1991 964 tu..

134 1039 169 1063 ‚,
185 992 406 1049 tissima
445 1001 596 1048 sunt.

696 986 933 1043 Priores
969 1003 1233 1060 pugnae,
1289 984 1505 1062 quibus
1541 989 1819 1047 adversus
1861 990 1993 1049 Ro-

124 1096 395 1148 ‚‚‚manos
421 1075 583 1131 varia
623 1075 858 1130 fortuna
897 1081 1182 1128 certatum
1219 1081 1334 1139 est,
1372 1090 1536 1147 spem
1566 1094 1632 1130 ac
1661 1076 1991 1133 subsidium

138 1163 247 1236 „in
287 1161 504 1218 nostris
542 1159 818 1215 manibus
857 1153 1178 1212 habebant:
1245 1156 1387 1232 quia.
1420 1158 1781 1238 nobilissimi
1813 1163 1992 1219 totius

132 1245 530 1318 ,‚,Britanniae
566 1263 750 1320 eoque
792 1243 857 1297 in
882 1241 1024 1316 ipsis
1050 1242 1453 1315 penetralibus
1477 1243 1576 1300 siti
1599 1265 1707 1302 nec
1733 1248 1993 1303 servien—

139 1332 334 1403 „tium
369 1332 542 1387 litora
584 1327 967 1403 adspicientes
997 1326 1198 1382 oculos
1224 1342 1535 1404 quoque‘a
1573 1342 1846 1388 contactu
1884 1334 1995 1389 do-

135 1416 523 1488 „minationis
569 1413 883 1470 inviolatos
931 1408 1314 1472 habebamus,
1368 1483 1371 1486 ,

196 1668 308 1714 CAP.
333 1667 390 1712 30
467 1665 705 1724 Quotiens.
766 1662 883 1707 Edd.
913 1662 1027 1706 See-

136 1727 246 1772 bod.
298 1692 484 1770 Beeier.
533 1732 575 1766 et
615 1721 783 1764 Hertel.
825 1724 1029 1776 quoties,-

137 1786 216 1828 sed
246 1784 308 1828 cf.
339 1791 436 1826 not.
475 1780 527 1823 ad
553 1795 649 1836 cap.
676 1780 715 1822 1.
754 1779 887 1830 [adde
914 1779 1027 1821 Bot-

136 1842 291 1886 tieher.
325 1839 474 1883 Lexic.
505 1837 648 1880 Tacit.
680 1836 859 1894 p.'397.
941 1835 1026 1878 Ed.

137 1897 382 1942 Wunder.
435 1895 574 1954 praef.
623 1892 716 1938 Cic.
771 1903 886 1937 orat.
941 1909 1026 1951 pro

135 1955 322 2000 Plancio
352 1970 396 2012 p.
418 1954 540 2008 XV.]

192 2098 396 2138 magnus
414 2083 538 2125 mihi
553 2083 744 2126 animus·
767 2090 849 2128 est.
909 2083 1025 2139 Apte

134 2142 324 2197 contulit
337 2139 589 2184 Walchius
608 2139 785 2184 Sallust.
802 2139 932 2184 Catil.
953 2140 1024 2188 40,

132 2202 178 2245 6.
205 2205 296 2255 quo‘
317 2201 483 2252 legatis
502 2199 690 2240 animus
711 2199 919 2251 amplior
945 2196 1022 2240 es-

133 2263 236 2309 setg
266 2257 368 2302 vide
389 2263 616 2314 praeterea
639 2255 846 2298 Ciceron.
877 2255 932 2298 de
958 2255 1023 2296 of-

134 2315 210 2360 fic.
234 2312 416 2365 1,8,v26.
440 2315 487 2354 in
503 2313 666 2368 quibus
686 2320 848 2354 autem
869 2312 1026 2355 maior·

135 2380 206 2416 est
217 2373 415 2419 animus,
431 2371 483 2412 ad
497 2384 686 2426 eumque
700 2369 786 2414 loc.
797 2370 1024 2413 Beierum.

192 2497 405 2542 universi
419 2497 658 2541 servitutis
680 2505 910 2551 experte&
942 2497 968 2542 i.
987 2515 1025 2542 e.

134 2555 330 2615 imperiti
356 2571 508 2598 sumus
542 2562 584 2597 et
613 2562 849 2612 propterea
877 2555 1022 2601 servi-

133 2622 275 2659 tutem
301 2610 491 2656 tolerare
522 2627 614 2654 non
648 2627 900 2668 possumus.
963 2612 1023 2657 cf.

133 2671 225 2715 An.
257 2671 298 2722 2,
322 2669 393 2713 52.
429 2677 569 2725 atque
598 2671 671 2712 hic
698 2697 757 2706 —-
793 2671 1022 2712 bellorum

134 2742 308 2782 expers
350 2729 623 2771 habebatur.
703 2727 775 2771 Ad
818 2728 1030 2771 universi

133 2794 294 2831 vo'cem
333 2783 531 2842 intellige
571 2797 678 2838 nos,
733 2785 856 2842 quod
890 2800 914 2828 e
949 2801 1022 2828 se-

134 2843 286 2903 quenti
307 2844 439 2885 nobis
462 2840 764 2901 supplendum
790 2850 874 2886 est.

182 2955 421 3012 proelium
444 2962 584 3010 atque
604 2968 760 2997 arma.
811 2954 1020 3014 Synony-

133 3028 222 3057 ma.
280 3012 341 3055 cf.
364 3010 494 3053 Roth.
519 3010 550 3054 l.
576 3010 608 3055 l.
635 3027 682 3068 p.
705 3014 770 3056 10.
832 3014 908 3056 Sic
933 3015 1021 3054 bel·

133 3074 230 3112 lum
269 3078 312 3112 et
346 3083 485 3110 orma
519 3068 763 3113 coniuncta
792 3071 1021 3127 reperiun-

133 3137 207 3171 tur
238 3126 351 3169 Hist.
386 3127 427 3178 Ξ,
460 3127 733 3179 1.7αᾰεναηι
765 3130 846 3183 qui
881 3143 1022 3169 arma

136 3185 318 3227 Vitellii
369 3185 630 3237 bellumque
684 3185 1023 3240 adfirmarent;

132 3241 260 3300 Virg.
291 3241 407 3285 Aen.
446 3240 486 3288 7,
512 3240 610 3284 235.
651 3254 733 3282 seu
765 3246 866 3297 quis
899 3243 1018 3284 bello

132 3307 200 3341 est
224 3307 448 3351 expertus
483 3304 529 3339 et
554 3299 724 3348 armis,·
764 3299 861 3346 Liv.
884 3297 926 3347 3,
947 3299 1019 3343 69.

133 3370 273 3398 arma
295 3363 341 3398 et
361 3358 529 3398 bellum
553 3357 804 3409 spectabat.
830 3369 834 3373 ’

187 3467 371 3520 priores
386 3481 589 3522 pugnae.
646 3466 826 3510 Frustra
841 3468 1015 3512 Freins-

133 3524 304 3567 hemius
354 3526 567 3581 probante
615 3523 871 3567 Boxhornio
925 3541 1015 3580 pu-

132 3595 255 3635 gnae
279 3579 449 3624 volebat
480 3580 631 3623 deleri.
694 3581 769 3624 Est
798 3582 914 3626 enim
941 3599 1018 3640 per

1426 1435 1536 1471 nos
1592 1425 1882 1474 terrarum
1928 1419 2023 1475 ac

1097 1668 1397 1732 uefmvvptav
1439 1665 1612 1710 dictum
1654 1683 1740 1726 pro
1783 1667 1864 1718 iis,
1917 1669 1995 1729 qui

1099 1739 1269 1780 priores
1296 1739 1465 1781 pugnas
1494 1735 1828 1783 'pugnaverunt-

1154 1839 1431 1881 nobilissimi
1451 1864 1511 1874 --
1543 1839 1591 1880 in
1623 1841 1736 1893 ipsis
1761 1851 1993 1897 penetra-

1098 1898 1217 1938 libus
1247 1897 1338 1938 siti.
1409 1895 1470 1940 cf.
1514 1895 1642 1940 Caes.
1676 1899 1728 1942 Β.
1764 1899 1823 1944 G.
1855 1901 1896 1948 5,
1926 1902 1994 1946 12.

1099 1954 1297 1996 interior
1313 1966 1432 2007 pars
1461 1957 1522 1995 ab
1555 1955 1615 1997 iis
1647 1958 1833 2006 colitur,
1879 1973 1998 2014 quos

1097 2021 1244 2053 natos
1297 2013 1345 2052 in
1393 2013 1550 2058 insula
1589 2015 1694 2068 apsa
1733 2018 1996 2059 memoriae

1093 2071 1330 2124 proditur.
1392 2068 1692 2126 Aboriginum
1724 2072 1860 2128 igitur
1891 2072 1995 2132 glo-

1097 2126 1206 2168 riam
1246 2125 1329 2168 sibi
1365 2125 1608 2170 vindicant.
1683 2130 1854 2172 Mirum
1888 2147 1996 2175 sane

1097 2183 1298 2234 videtur,
1339 2182 1596 2227 Ernestium
1625 2183 1790 2229 borum
1822 2190 1995 2233 verbo-

1096 2256 1200 2283 rum
1242 2241 1509 2283 sententiam
1551 2258 1646 2285 non
1702 2254 1992 2304 assequutum

1097 2299 1325 2355 corrigere
1367 2299 1561 2342 voluisse
1605 2302 1851 2347 novissimi
1889 2304 1919 2347 i.
1951 2319 1992 2348 e.

1097 2356 1258 2399 ultimi.
1322 2355 1372 2397 ln
1398 2358 1700 2413 penetralibus
1728 2374 1840 2403 vero
1865 2376 1992 2418 prae-

1096 2412 1366 2455 stantissima
1394 2428 1596 2471 quaeque
1627 2412 1873 2474 (κειμήλιοι)
1901 2434 1990 2474 po-

1098 2469 1178 2511 sita
1201 2485 1308 2518 esse,
1335 2468 1381 2512 in
1401 2470 1561 2527 vulgus
1585 2479 1650 2514 est
1679 2483 1853 2518 notum.
1898 2475 1991 2519 Pro

1097 2525 1241 2568 totius
1273 2527 1320 2569 in
1357 2527 1426 2581 ed.
1462 2527 1565 2571 Put,
1594 2528 1710 2574 Ven.
1747 2539 1882 2576 exstat
1913 2541 1990 2576 tu-

1096 2585 1203 2627 tius.

1152 2717 1183 2742 a
1207 2706 1438 2744 contactu.
1496 2701 1572 2746 Sic
1593 2703 1829 2762 legendum
1854 2708 1991 2751 suasit

1093 2757 1361 2808 Rhenanus,
1421 2775 1554 2816 quem
1610 2778 1768 2806 omnes
1810 2766 1988 2824 sequuti

1094 2823 1223 2865 sunt3
1277 2814 1396 2858 idem
1430 2817 1477 2860 in
1513 2819 1581 2860 ed.
1615 2818 1790 2865 Puteol.
1833 2839 1900 2882 pr.
1945 2833 1987 2868 et

1096 2872 1228 2915 codd.
1264 2870 1438 2918 Vaticc.
1474 2892 1590 2928 esse,
1631 2878 1751 2920 unde
1787 2881 1986 2925 rescive-

1095 2929 1185 2972 rint
1209 2929 1441 2975 Dronkius
1467 2942 1509 2975 et
1536 2932 1785 2988 Beckerus,
1814 2940 1987 2982 neseio.

1096 3012 1146 3020 —
1173 2994 1413 3030 contractu
1445 2990 1544 3033 edd.
1579 3001 1688 3036 vett.
1717 3003 1818 3037 ante
1842 2995 1984 3038 Rhen.

1094 3045 1274 3101 Tropus
1309 3059 1330 3083 a
1353 3049 1522 3091 morbis
1545 3049 1721 3093 ductus.
1783 3051 1843 3096 cf.
1870 3053 1986 3097 Bot-

1095 3100 1250 3145 ticher.
1279 3100 1380 3146 Lex.
1405 3103 1546 3148 Tacit.
1571 3123 1614 3165 p.
1639 3107 1737 3150 126.

1151 3230 1449 3273 habebamus.
1520 3231 1632 3274 Edd.
1670 3233 1851 3294 Bipont.
1886 3237 1984 3281 En-

1091 3285 1176 3341 gel.
1203 3287 1448 3343 habemus,
1484 3289 1655 3333 vitiose.

1148 3411 1387 3455 terrarum
1404 3430 1459 3457 ac
1479 3417 1707 3459 libertatis
1729 3427 1982 3469 extremos.

1091 3468 1133 3511 h.
1158 3485 1196 3512 e.
1221 3469 1298 3526 qui
1323 3471 1368 3514 in
1394 3474 1598 3516 extremis
1630 3475 1757 3518 terris
1784 3474 1983 3524 habitant

1092 3534 1134 3567 et
1159 3541 1340 3576 eorum,
1372 3530 1448 3585 qui
1475 3529 1721 3575 libertatern
1744 3547 1980 3584 servarunt

1092 3583 1335 3641 integram,
1365 3585 1550 3630 ultimi.'
