2150 4022
496 233 619 293 DE
675 229 1202 320 GERMANIA
1268 230 1466 294 CAP.
1503 234 1606 295 31.

1895 237 1977 296 73

122 367 390 426 omnium
418 382 599 442 penes
633 358 743 418 hos
773 361 947 419 initia
982 380 1330 436 pugnarum.
1418 358 1570 421 haec‘
1593 363 1786 439 prima
1821 385 1977 423 sem-

120 473 228 529 per
246 455 251 459 ’
266 450 417 508 acies
430 494 448 520 ‚
501 449 637 506 visu
676 466 851 507 nova.

934 444 1091 504 Nam
1127 465 1203 500 ne
1242 446 1307 504 in
1345 467 1486 521 pace
1528 449 1769 525 quidem
1804 454 1976 509 vultu

119 537 352 594 mitiore
374 542 808 591 mansuescunt.
882 531 1050 588 ‘nulli
1087 531 1298 586 domus
1332 544 1435 589 aut
1470 552 1606 607 ager
1642 545 1744 591 aut
1778 536 1978 613 aliqua

120 642 284 679 cura:
327 631 507 696 prout
527 619 603 676 ad
628 636 919 695 quemque
942 634 1183 684 venere,
1213 615 1477 673 aluntur:
1521 619 1758 694 prodigi
1777 621 1977 693 alieni,

119 716 506 764 contemtores
555 702 676 772 sui;
748 702 937 760 donec
983 699 1291 774 exsanguis
1327 714 1591 761 senectus
1638 715 1759 763 tam
1794 707 1977 765 durae

116 790 325 848 virtuti
348 790 600 866 impares
623 786 816 845 faciat.

119 1015 230 1059 mihi
243 1047 256 1065 ‚
283 1029 479 1072 namque
498 1010 733 1069 vulgatum
757 1007 901 1053 multo
920 1007 1013 1051 effi-

121 1073 272 1118 cacius
295 1080 377 1116 est.
433 1068 668 1114 Heinsiusz
696 1069 881 1124 iamque
906 1066 1019 1109 cani

119 1138 173 1172 ut
192 1132 418 1186 insignes,
448 1135 493 1171 et
511 1126 717 1170 hostibus
735 1126 878 1168 simul
897 1125 1014 1167 suis-

120 1203 211 1244 que
240 1186 518 1231 monstmri.
576 1182 835 1227 Broterius=
870 1196 1006 1224 nam-

120 1260 208 1301 que
241 1251 410 1288 canent
434 1250 518 1287 etc.
574 1239 838 1298 Bipontini:
873 1238 1013 1281 Iam-

122 1317 209 1357 que
241 1303 395 1345 calent
426 1327 589 1346 .....
625 1297 911 1341 monstrari.
953 1322 1012 1333 --

120 1360 230 1406 Edd.
284 1357 472 1402 Monac.
521 1354 686 1398 Vienn.
736 1353 879 1413 Rhag.
929 1369 1008 1397 ea-

121 1425 228 1461 uent
260 1449 271 1460 .
295 1446 308 1459 .
330 1445 344 1460 .
367 1445 383 1460 .
413 1413 687 1457 monstrari.
755 1410 840 1456 Ed.
865 1410 1011 1455 Paris.

121 1480 284 1518 cavent
304 1505 316 1518 .
328 1473 343 1518 Ἰ.
360 1503 373 1517 .
388 1503 400 1516 .
418 1470 684 1515 monstrati.

177 1546 276 1587 visu
294 1556 439 1586 nova.
493 1538 627 1583 Ratio
648 1537 820 1583 adiecta
841 1537 1015 1583 verbisz

122 1617 237 1645 num
256 1632 269 1645 .
286 1631 298 1644 .
316 1630 328 1642 .
345 1629 360 1643 .
380 1603 708 1641 mansuescunt
738 1596 775 1639 Ι.
796 1595 873 1640 Fr.
897 1594 1015 1638 Gro-

121 1659 265 1702 novio
308 1656 544 1702 videbatur
583 1651 735 1722 posci:
788 1654 884 1695 visu
915 1665 1014 1695 non

121 1731 259 1758 nova.
316 1711 652 1757 Freinshemlus
691 1709 884 1754 malebat
914 1711 1016 1753 visu

122 1780 266 1824 notem
312 1767 559 1814 Heinsius:¹
578 1769 683 1810 visu
705 1768 867 1818 obvia;
911 1765 1015 1810 Hil-

121 1829 268 1874 terus:
289 1831 387 1872 visu
404 1840 548 1870 saeva
560 1841 577 1876 ;
602 1823 889 1883 Sprengelius
909 1839 1015 1867 cum

121 1889 223 1933 viro
266 1887 402 1930 docto
440 1883 487 1926 in
524 1881 764 1940 Ephemer.
811 1880 878 1924 lit.
921 1881 1017 1924 len.

124 1945 251 1990 1818.
280 1944 396 1999 Aug.
429 1943 543 1983 haec
571 1940 851 1989 novissima3
887 1938 1015 1994 ⁴Ber-

121 2014 367 2060 neggerus:
408 1997 512 2041 visu
535 2004 697 2045 torva,
764 1997 854 2039 uod
877 1996 922 2039 in
945 1996 1017 2039 lo-

122 2076 228 2105 cum
252 2063 517 2116 receperunt
531 2054 711 2113 Bipont.
777 2053 887 2097 herl.
904 2053 1015 2096 Bek-

121 2117 219 2162 ker.
239 2116 329 2160 alii.
388 2113 594 2157 Veterem
620 2111 886 2170 scripturam
911 2111 1015 2155 reti·

121 2180 322 2219 nuerunt
346 2172 525 2215 Passov.
552 2169 675 2213 Hess.
707 2169 796 2213 alli.
855 2172 914 2212 At
939 2186 1017 2212 ra-

116 2234 290 2276 tionem
341 2245 437 2271 non
483 2228 710 2278 reddunt,
779 2227 1014 2284 quomodo

121 2291 262 2335 verba
284 2287 386 2330 visu
405 2300 531 2328 nova
547 2284 814 2328 cohaereant
829 2300 931 2327 cum
951 2301 1014 2327 se-

123 2345 277 2404 quenti
307 2342 470 2389 vocula
500 2356 644 2383 nam:
686 2358 735 2384 ea
760 2342 878 2384 enim
906 2343 1016 2387 viris

60 2447 66 2454 ,
123 2404 265 2448 doctis
291 2401 377 2444 fuit
400 2415 531 2443 causa
555 2399 773 2441 mutandi.
832 2398 888 2442 Et
903 2400 1017 2442 Bro-

123 2461 238 2505 terio
276 2458 455 2518 quidem
488 2472 601 2498 nam
633 2455 812 2500 videtur
843 2458 1013 2500 redun-

123 2519 254 2565 dare:
309 2514 551 2558 facillimus
599 2529 703 2556 sane
747 2529 841 2556 rem
891 2529 1014 2570 expe·

122 2574 274 2619 diendi
295 2571 473 2616 modus.
534 2569 705 2613 Verum
728 2586 821 2613 non
844 2572 1016 2614 redun-

125 2634 223 2677 dat:
269 2644 415 2689 neque
452 2637 600 2672 tamen
642 2628 825 2685 explicat
856 2645 1011 2672 vocem

123 2705 270 2741 nova,
308 2686 386 2731 sed
419 2695 564 2729 totum
597 2685 767 2729 locum.
834 2685 1012 2728 Etenim

123 2747 236 2792 ratio
261 2752 354 2789 erat
384 2743 632 2794 reddenda,
677 2744 910 2798 quomodo
940 2744 1013 2786 fie-

122 2813 214 2856 ret,
263 2811 313 2846 ut
353 2802 557 2844 omnium
602 2816 735 2858 penes
772 2800 852 2844 hos
889 2801 1013 2843 initia

121 2876 398 2921 pugnarum,
439 2858 547 2901 haec
574 2858 714 2915 prima
752 2875 928 2916 semper
950 2874 1011 2901 es·

124 2928 189 2962 set
211 2918 340 2961 acies.
398 2916 626 2959 Nimirum
650 2914 753 2973 quia
778 2915 1011 2959 fortissimi

124 2976 191 3019 illi
230 2975 351 3033 pacis
385 2973 551 3017 artibus
584 2987 767 3030 prorsus
799 2973 1012 3031 neglectis

125 3041 244 3077 totos
282 3048 327 3074 se
365 3030 486 3074 bello
529 3037 695 3076 vovent
734 3038 777 3072 et
820 3031 866 3073 in
905 3047 1013 3089 pace

124 3091 260 3134 etiam
289 3087 546 3131 bellicosam
580 3087 775 3130 retinent
808 3090 1015 3146 speciem.

125 3151 242 3205 Apte
275 3146 410 3204 igitur
443 3145 664 3203 pergitur:
715 3159 830 3188 nam
869 3161 927 3188 ne
962 3147 1012 3187 in

121 3220 238 3261 pace
259 3206 439 3260 quidem
463 3211 570 3254 etc„
598 3211 647 3245 ut
668 3202 727 3245 ita
749 3218 771 3244 e
792 3203 1010 3262 particula

125 3277 239 3304 nam
273 3259 494 3318 pendeant
524 3260 750 3317 sequentia
784 3275 925 3318 usque
957 3261 1010 3302 ad

114 3320 281 3376 saciat.
341 3315 546 3361 Ceterum
572 3333 676 3359 usus
698 3319 879 3361 voculae
897 3333 1011 3359 nam

122 3376 242 3434 opud
265 3374 478 3417 Nostrum
505 3374 606 3416 satis
634 3374 753 3416 laxus
786 3382 872 3418 est:
916 3390 1007 3417 non

126 3448 300 3490 semper
331 3430 638 3488 praecedentis
670 3433 911 3475 sententiae
945 3449 1011 3474 ra-

126 3489 319 3537 tionem,
363 3503 475 3545 quae
502 3488 690 3538 dicitur,
729 3493 880 3532 stricte
904 3489 1007 3531 red-

128 3545 218 3595 div,
255 3561 381 3602 saepe
405 3545 639 3588 intercedit
661 3545 802 3589 hiatus
827 3546 1006 3604 quidam

1047 2505 1049 2511 '
1085 2500 1398 2547 instrumenti,

1083 1006 1347 1052 sententiae.
1410 1006 1471 1051 cf.
1503 1016 1599 1053 not.
1627 1008 1683 1052 ad
1701 1009 1794 1055 An.
1818 1011 1886 1062 16,
1909 1012 1981 1060 18.

1083 1068 1143 1108 de
1170 1064 1217 1109 C.
1242 1065 1460 1108 Petronio
1483 1079 1632 1121 supra
1659 1080 1815 1120 pauca
1843 1083 1980 1127 repe-

1084 1126 1233 1165 tenda
1263 1131 1394 1167 sunt.
1454 1137 1571 1166 nam
1593 1124 1670 1166 illi
1687 1131 1797 1177 etc„
1828 1135 1871 1169 et
1890 1130 1982 1174 An.

1087 1179 1154 1228 14,
1173 1179 1244 1226 44.
1272 1208 1332 1218 -
1390 1180 1442 1223 V
1435 1183 1507 1223 isu
1528 1195 1652 1224 nova
1673 1196 1768 1225 non
1792 1185 1980 1230 omnino

1082 1246 1187 1282 sunt
1202 1268 1214 1286 ,
1247 1253 1359 1295 quae
1382 1245 1483 1281 ante
1503 1253 1733 1296 nunquam
1751 1249 1857 1284 sunt
1875 1243 1983 1296 visa,

1081 1296 1158 1340 sed
1183 1311 1299 1352 quae
1317 1294 1484 1338 videnti
1506 1303 1736 1353 stuporem
1759 1296 1983 1345 iniiciunt.

1079 1353 1137 1396 Et
1172 1352 1420 1403 Romanis,
1470 1353 1632 1411 quibus
1661 1351 1827 1398 Noster
1860 1355 1984 1403 hunc

1083 1410 1286 1453 libellum
1309 1410 1513 1476 scripsit,
1551 1424 1676 1453 nova
1704 1409 1822 1456 haud
1847 1413 1983 1459 dubie

1083 1467 1306 1511 eiusmodi
1352 1482 1467 1510 acies
1510 1467 1664 1510 debuit
1700 1468 1860 1514 videri.
1918 1472 1980 1519 cf.

1083 1525 1196 1568 Hist.
1238 1527 1276 1574 l,
1307 1523 1382 1567 75.
1422 1526 1635 1567 novitate
1667 1528 1829 1570 vulcus
1861 1559 1872 1571 .
1893 1559 1908 1573 .
1950 1534 1955 1539 ‘

1079 1584 1418 1638 prodebantur.
1499 1584 1590 1626 An.
1627 1584 1667 1631 1,
1699 1582 1770 1628 26.
1806 1601 1982 1632 novum

1086 1640 1136 1682 id
1153 1642 1311 1695 plane.

1144 1755 1275 1795 vultu
1297 1753 1502 1800 mitiore.
1560 1754 1664 1800 MS.
1688 1757 1798 1802 Tur.
1833 1756 1982 1809 voltu.

1085 1810 1224 1854 MSS.
1262 1811 1443 1855 Arund.
1486 1812 1604 1856 Stutt
1639 1846 1650 1857 .
1692 1815 1796 1859 edd.
1837 1816 1980 1866 Paris.

1086 1867 1251 1911 Vienn.
1276 1871 1415 1919 cultu,
1436 1869 1560 1926 quod
1586 1876 1614 1929 p
1635 1880 1732 1916 acet
1743 1872 1982 1932 Pichenag,

1084 1925 1329 1974 Passovio,
1368 1925 1549 1980 Hessio;
1586 1944 1680 1972 non
1709 1930 1817 1974 item
1841 1932 1979 1979 Orel-

1086 1982 1163 2035 lio,
1190 1982 1266 2040 qui
1283 1993 1525 2040 praeeunte
1540 1984 1748 2030 Ernestio
1771 1989 1982 2038 observat

1086 2057 1251 2088 vocem
1283 2042 1407 2082 cultu
1435 2042 1503 2084 vix
1524 2042 1725 2100 recipere
1753 2047 1982 2104 epitheton

1088 2099 1301 2148 mitiore,
1342 2099 1466 2156 quod
1487 2100 1542 2144 ad
1568 2101 1704 2146 animi
1727 2119 1907 2150 sensum
1931 2108 1980 2151 in

1088 2155 1213 2198 vultu
1254 2155 1509 2199 elucentem
1554 2159 1705 2224 potius
1748 2164 1978 2218 pertineat.

1087 2212 1174 2256 Sed
1208 2215 1294 2257 An.
1318 2211 1360 2262 3,
1387 2214 1452 2256 19.
1486 2214 1676 2273 leglmus
1709 2219 1815 2260 miti
1841 2223 1983 2274 obitu,

1087 2280 1131 2314 et
1152 2273 1306 2314 mitior
1327 2274 1475 2313 cultus
1497 2280 1642 2330 potest
1664 2274 1798 2318 etiam
1823 2279 1983 2323 referri

1085 2329 1140 2371 ad
1181 2329 1318 2371 animi
1358 2345 1511 2371 sensus
1545 2330 1836 2378 intuentium.
1905 2337 1986 2383 Est

1086 2393 1234 2428 tamen
1259 2386 1361 2429 satis
1385 2385 1589 2443 ambigua
1612 2387 1720 2433 haec
1740 2389 1826 2434 res.
1884 2394 1982 2438 Ab·

1086 2442 1248 2487 lativus
1287 2447 1419 2485 vultu
1455 2446 1638 2488 mitiore
1668 2456 1731 2490 est
1761 2448 1981 2497 ablativus

1454 2501 1513 2544 ita
1554 2508 1604 2543 ut
1640 2504 1793 2548 vultus
1827 2510 1981 2555 mitior

1086 2558 1156 2600 sit.
1215 2557 1450 2600 Ernestius
1469 2557 1770 2605 coniectabat:
1806 2565 1855 2607 in
1885 2573 1981 2611 vul-

1085 2621 1185 2655 tum
1217 2617 1452 2657 mitiorem
1482 2623 1831 2666 mansuescunt.
1887 2625 1979 2670 Pro

1085 2673 1270 2714 mitiore
1287 2672 1388 2716 MS.
1411 2672 1574 2731 stuttg.
1600 2672 1688 2718 fert
1709 2679 1901 2728 mitiori.

1141 2811 1226 2845 aut
1254 2818 1378 2859 ager.
1437 2803 1558 2847 Haec
1589 2803 1635 2847 in
1668 2808 1768 2852 edd.
1795 2811 1899 2861 Put.
1926 2816 1981 2865 V.

1084 2861 1291 2904 Beroald.
1320 2860 1467 2905 Viteb.
1491 2877 1585 2905 non
1607 2863 1830 2922 leguntur.

1139 2983 1224 3018 aut
1253 2977 1413 3032 aliqua
1435 2992 1568 3023 cura.
1629 2979 1836 3028 Heinsius
1860 3002 1974 3033 con-

1082 3034 1282 3076 iiciebat:
1320 3042 1407 3077 aut
1435 3036 1538 3078 alia
1573 3052 1703 3082 cura.
1771 3043 1976 3092 Herelius

1085 3092 1114 3134 l.
1128 3092 1158 3134 l.
1189 3099 1271 3133 aut
1292 3094 1496 3135 thalami
1515 3109 1643 3137 cura.
1704 3098 1872 3143 Verum
1893 3107 1977 3148 ali.

1085 3165 1179 3205 qua
1213 3150 1398 3206 ponitur
1426 3166 1509 3208 pro
1554 3154 1652 3194 alia
1693 3172 1971 3214 quaequam.

1083 3206 1143 3306 cbf.
1175 3205 1264 3250 An.
1296 3209 1336 3255 1,
1364 3207 1407 3249 4.
1439 3209 1617 3264 aliquid
1651 3227 1806 3268 quam.
1868 3218 1973 3263 vid.

1081 3279 1095 3306 ι
1130 3295 1141 3306 .
1163 3271 1267 3307 not.

1141 3380 1419 3447 exsanguis:
1473 3382 1549 3425 Sic
1565 3382 1666 3427 edd.
1681 3384 1796 3441 Lips.
1809 3403 1904 3446 sqq.
1916 3413 1975 3425 —-

1082 3451 1316 3490 exanguis
1334 3438 1438 3481 Mb.
1457 3438 1568 3481 Tur.
1594 3440 1693 3484 edd.
1711 3443 1828 3501 Spir.
1842 3446 1971 3493 Kath.

1079 3492 1216 3536 Put.s
1253 3509 1295 3550 q.
1331 3494 1385 3538 ad
1417 3495 1633 3553 Lipsium.
1694 3498 1751 3543 cf.
1787 3512 1882 3548 not.
1913 3506 1968 3550 ad

1078 3549 1189 3594 Hist.
1256 3585 1266 3595 .
1290 3553 1359 3598 22.
1388 3552 1429 3604 8,
1451 3554 1524 3596 45.
1799 3565 1801 3572 ’
