2150 4022
1482 79 1513 122 ’ἰ

210 237 333 300 190
494 233 738 296 lumi
782 230 1106 313 Aemo.
1151 230 1391 292 vrrA
1443 232 1640 300 c‘AP.
1671 236 1772 300 35.

210 371 324 426 dor
343 365 674 440 ¹eminebat,
730 374 789 422 et
811 363 989 420 finem
1017 363 1303 420 orationis
1330 362 1538 438 ingens
1561 365 1832 425 alacritas
1859 388 2064 427 conse-

210 465 393 532 quuta
437 462 555 518 est,
618 450 934 526 statimque
975 450 1047 505 ad
1087 469 1251 505 arma
1297 449 1646 513 discursum.
1745 450 2065 521 Instinctos

206 550 562 612 ruentesque
582 534 666 592 ita
692 534 1011 609 disposuit,
1059 533 1419 608 utpeditum
1446 537 1660 592 auxilia
1683 582 1699 606 ,
1753 558 1902 616 quae
1931 552 2063 616 octo

206 625 373 682 milia
405 632 601 690 erant,
645 621 901 676 mediam
929 620 1112 676 aciem
1138 620 1469 690 firmarent,
1513 622 1777 698 equitum
1803 623 1916 682 tria
1945 625 2064 681 mi-

206 713 286 767 lia
327 707 608 765 cornibus
643 698 1127 762 adfunderentur.
1212 704 1472 777 legiones
1507 727 1615 781 pro
1644 708 1801 765 vallo
1835 721 2066 781 stetere,

207 797 416 868 ingens
453 791 734 848 victoriae
776 793 951 847 decus
992 790 1137 846 citra
1174 787 1515 846 Romanum
1559 793 1904 866 sanguinem
1939 796 2068 853 bel-

206 880 403 948 landi,
448 889 504 933 et
531 876 817 933 auxilium
835 922 850 946 ‚
896 876 946 932 si
970 875 1349 950 pellerentur.
1435 873 1865 934 Britannorum
1894 881 2063 951 acieS,

207 967 273 1022 in
304 962 552 1040 speciem
585 962 762 1019 simul
786 983 851 1017 ac
874 974 1192 1028 terrorem,
1238 960 1587 1018 editioribus
1615 963 1759 1019 locis
1784 966 2064 1023 constite-

206 1063 300 1109 rat
322 1051 403 1107 ita
423 1060 490 1105 ut
511 1048 776 1123 primum
797 1066 1006 1121 agmen
1028 1065 1213 1121 aequo
1230 1091 1246 1115 ‚
1282 1046 1460 1102 ceteri
1487 1067 1594 1122 per
1617 1049 1833 1106 acclive
1857 1050 2062 1124 iugum

205 1134 457 1195 connexi
493 1134 656 1192 velut
691 1131 1092 1206 insurgerent3
1161 1130 1355 1186 media
1399 1133 1589 1207 campi
1632 1133 1968 1192 covinarius
2009 1147 2069 1192 et

203 1241 380 1302 eques
404 1219 652 1294 strepitu
676 1239 741 1276 ac
768 1218 1038 1276 discursu
1065 1214 1413 1292 complebat.
1499 1229 1626 1274 tum
1657 1213 1931 1292 Agricola
1967 1240 2068 1279 su-

203 1452 295 1497 An.
322 1449 387 1500 13,
411 1447 479 1490 16.
506 1454 557 1488 at
573 1447 860 1501 Agrippinae
883 1447 923 1489 is
939 1461 1107 1502 pavor,
1177 1445 1310 1489 etiam
1342 1445 1485 1505 praef.
1507 1463 1550 1504 p.
1566 1448 1620 1489 X.
1643 1449 1850 1490 bellandi
1877 1447 2069 1492 mendo·

205 1526 262 1554 ea
299 1506 614 1551 consternatio
653 1506 823 1547 mentis
859 1536 870 1547 .
898 1533 910 1546 .
935 1535 945 1547 .
983 1506 1103 1547 emi-—
1175 1505 1400 1547 sissi-mum
1443 1521 1536 1547 esse
1575 1504 1899 1562 pronuntiavit.
1971 1505 2067 1563 Ego

201 1567 321 1622 cuit,
364 1563 442 1608 sed
477 1562 587 1605 eius*
607 1561 697 1605 loci
723 1562 1003 1619 comparatio
1030 1563 1103 1605 ni-

204 1626 267 1670 hil
321 1622 430 1667 facit
483 1620 536 1663 ad
590 1620 710 1663 hunc
763 1619 1101 1678 corrigendum,

235 1699 346 1726 uum
371 1677 487 1722 nolit
509 1678 705 1735 scriptor
729 1677 995 1719 subitarium
1028 1679 1100 1720 in-

203 1701 355 1786 :iicare
387 1732 582 1779 militum
617 1735 851 1783 ardorem,
883 1735 957 1778 sed
991 1751 1102 1778 con-

200 1807 412 1844 stantem.
499 1792 590 1849 Qui
635 1792 839 1836 vocabuli
884 1792 1103 1851 significa-

200 1868 273 1903 tus
298 1854 550 1898 illustratur
574 1850 669 1894 Cic.
701 1867 780 1907 pro
797 1849 930 1894 Rose.
949 1853 1102 1894 Amer.

200 1912 273 1966 41,
303 1914 405 1955 121.
453 1911 578 1965 quod
615 1924 705 1964 quo
746 1910 1000 1951 studiosius
1043 1912 1104 1951 ab

199 1972 313 2030 ipsis
333 1969 610 2026 opprimitur
631 1972 675 2007 et
697 1966 1022 2021 absconditur,
1051 1982 1102 2008 eo

202 2030 354 2083 magis
385 2026 556 2069 eminet
575 2031 619 2065 et
643 2032 841 2077 apparet
850 2039 865 2074 ,·
908 2023 1035 2067 Curt.
1061 2027 1102 2076 4,

203 2093 243 2139 1,
269 2085 341 2129 24.
375 2084 582 2127 aliorum
613 2081 848 2136 studium,
892 2082 1099 2124 aliorum

199 2143 463 2199 indignatio
487 2141 733 2182 eminebat.

214 2240 215 2243 ’
259 2229 499 2272 mstinctos
521 2229 815 2278 ruentesque.
874 2222 1026 2281 Lipsio
1053 2221 1097 2265 in

202 2287 404 2332 animum
449 2290 637 2326 venerat
682 2283 960 2330 instructos,
1020 2282 1096 2323 sed

201 2351 326 2390 reete
367 2341 414 2385 id
457 2339 714 2383 reiecerunt
765 2354 936 2380 ornnes.
1024 2337 1102 2380 Sic

202 2401 326 2446 enim
370 2398 574 2456 loquitur
614 2393 797 2438 Tacitus
829 2397 920 2439 An.
954 2397 995 2446 Ξ,
1027 2395 1100 2437 46.

199 2461 270 2504 his
322 2460 503 2501 vocibus
557 2453 806 2496 instinctos
859 2455 1099 2495 exercitus

196 2517 425 2574 propriae
460 2525 634 2570 quoque
672 2525 840 2554 causae
872 2513 1096 2553 stimula-

201 2578 316 2618 bant
328 2591 344 2625 ,·
385 2571 501 2616 Hist.
524 2570 566 2619 4,
588 2570 658 2611 24.
691 2571 761 2610 his
791 2571 916 2611 inter
936 2584 988 2612 se
1014 2583 1096 2609 υο-

201 2635 326 2675 cibus
354 2630 594 2673 instinctos
612 2627 932 2684 flammavere
962 2629 1096 2669 insu-

198 2704 285 2746 per
307 2691 499 2731 adlatae
523 2702 554 2727 a
572 2681 861 2737 Vespasiano
885 2687 1072 2726 litterae
1085 2699 1099 2735 ‚·

201 2746 312 2790 ibid.
350 2750 390 2794 1.
425 2746 495 2787 70.
535 2744 760 2785 instinctu
795 2743 1097 2785 decurionum

203 2836 215 2848 .
290 2832 304 2845 .
346 2795 666 2856 transierejn
697 2810 895 2852 partes;
944 2799 1096 2857 Agric.

199 2879 244 2907 c.
282 2861 352 2904 16.
396 2862 467 2903 his
510 2866 652 2914 atque
692 2858 866 2900 talibus
903 2859 1100 2900 invicem

200 2919 419 2964 instincti.
654 2936 658 2943 ·
852 2972 854 2975 Ι

259 2998 361 3036 octo
410 2991 560 3034 milia.
647 2986 747 3031 MS.
780 2986 923 3030 Vane.
968 2985 1096 3029 3429.

203 3052 340 3107 (testt.
356 3045 534 3090 Broter.
551 3046 753 3099 Dronk.)
769 3054 870 3088 neto
886 3045 1099 3093 millium,

239 3107 327 3151 uod
369 3111 598 3162 receptum
645 3111 708 3146 est
752 3119 775 3146 a
809 3102 1010 3146 Beckero
1056 3110 1098 3145 et

202 3167 226 3210 l‘
247 3163 420 3209 ertelio.

259 3232 479 3278 bellandi.
550 3229 626 3272 Sic
660 3227 761 3271 MS.
793 3227 936 3272 Vane.
967 3227 1095 3271 3429.

204 3293 305 3339 edd.
340 3290 445 3334 Put.
481 3305 550 3347 pr.
587 3287 709 3328 Med·
740 3285 853 3329 Ven.
892 3285 1097 3329 Beroald.

204 3351 309 3395 Ale.
337 3358 379 3392 et
407 3362 549 3405 nuper
573 3342 749 3386 Dronk.
774 3343 956 3387 Becker.
984 3345 1100 3386 llei-

203 3410 279 3453 tel.
360 3403 560 3448 Rhenani
599 3418 708 3445 vero
746 3401 883 3443 editio
922 3401 1098 3443 exhibet

202 3466 417 3518 bellanti,
452 3461 572 3520 quod
599 3474 756 3500 omnes
779 3458 989 3515 deinceps
1009 3459 1096 3501 edi·

202 3533 324 3567 toz-cs
357 3519 715 3575 comprobarunt
751 3522 793 3555 et
828 3515 991 3559 acriter
1015 3517 1097 3559 de-

203 3578 349 3623 fendit
372 3593 476 3623 cum
501 3573 705 3618 Ernestio
725 3568 994 3621 Vvalchius.
1056 3574 1098 3615 ls

1174 1574 1308 1605 servo
1354 1570 1560 1605 velerum
1603 1561 1824 1605 librorum
1867 1562 2066 1622 scriptu-

1175 1634 1296 1669 ram,
1335 1628 1376 1662 el
1398 1620 1667 1676 gerundium
1689 1620 1861 1677 explico
1886 1635 1969 1678 pro
1991 1620 2068 1664 in-

1173 1675 1351 1721 finilivo
1378 1677 1600 1734 positum,
1638 1684 1687 1719 ut
1708 1677 1799 1720 An.
1820 1675 1862 1727 8,
1893 1678 1966 1720 64.
1984 1682 2069 1722 sed

1176 1738 1326 1775 cultus
1345 1738 1590 1776 numinum
1617 1735 1828 1790 utrisque
1852 1735 2067 1779 Dianam

1175 1800 1259 1833 aut
1283 1794 1550 1845 Apollinem
1582 1796 1859 1844 venenandi,-
1899 1792 1966 1847 13,
1994 1794 2067 1838 26.

1172 1865 1254 1891 nec
1285 1864 1431 1903 grave
1465 1865 1611 1892 manu
1640 1851 1805 1893 missis
1826 1866 1912 1905 per
1943 1853 2067 1893 idem

1173 1909 1441 1961 obsequium
1498 1909 1737 1949 retinendi
1778 1910 2039 1951 libertatem
2051 1925 2069 1960 ,·

1177 1964 1243 2018 15,
1279 1967 1351 2007 21.
1389 1969 1763 2019 decernaturque
1795 1973 1840 2008 et
1868 1973 2069 2008 maneat

1166 2023 1529 2075 provincialibus
1595 2023 1861 2075 potentiam
1927 2037 2066 2066 suam

1173 2081 1262 2120 tali
1291 2083 1431 2121 modo
1456 2079 1737 2121 ostentandi.
1802 2079 1864 2124 cf.
1885 2089 1983 2124 not.
2010 2079 2066 2125 ad

1171 2138 1261 2180 An.
1285 2138 1326 2185 Ξ,
1352 2138 1423 2179 47.
1455 2139 1536 2179 sub
1566 2153 1638 2180 vv.
1675 2139 1722 2178 in
1755 2145 1923 2194 aperta
1948 2153 2067 2192 pro-

1169 2195 1432 2248 rumpendi.
1493 2194 1610 2236 Nolo
1635 2204 1740 2237 vero
1766 2211 1953 2252 negare,
1977 2198 2066 2238 bel-

1173 2255 1299 2294 lanti
1317 2268 1496 2310 quoque
1518 2251 1626 2294 ferri
1652 2267 1808 2309 posse,
1841 2253 1915 2296 sed
1943 2269 2066 2310 prae-

1174 2316 1257 2352 stat
1300 2310 1425 2353 libris
1468 2309 1661 2366 antiquis
1699 2308 1832 2353 fidem
1881 2309 2062 2365 habere,

1173 2383 1306 2424 quam
1370 2367 1656 2410 felicissimae
1705 2366 1926 2424 ingeniosi
1977 2369 2065 2415 viri

1171 2426 1472 2468 coniecturae.

1224 2485 1534 2536 pellerentur.
1607 2480 1837 2526 Gesnerus
1872 2483 2067 2527 coniecit

1165 2543 1442 2595 pelleretur.
1505 2541 1701 2583 Frustra.
1927 2572 1931 2577 .

1228 2615 1515 2655 constiterat.
1585 2611 1661 2654 Sic
1695 2627 1745 2652 ex
1782 2610 1883 2655 MS.
1915 2611 2061 2658 vatic.

1169 2670 1299 2713 3429.
1338 2669 1570 2721 Broterius
1603 2678 1646 2711 et
1682 2675 1872 2711 recenti.
1911 2669 2059 2713 edito-

1171 2744 1239 2770 res
1269 2742 1443 2769 omnes.
1507 2725 1618 2768 Edd.
1649 2724 2060 2781 priores‘eonstite·

1169 2792 1282 2827 rant
1303 2783 1397 2826 sive
1422 2784 1706 2826 constiterat.

1223 2858 1432 2910 primum
1460 2871 1633 2909 agmen
1660 2871 1827 2912 aequo.
1888 2857 2063 2903 Certis-

1170 2914 1278 2970 sima
1313 2913 1514 2955 Rhenani
1558 2914 1813 2957 emendatio
1860 2920 1944 2973 pr'o
1985 2917 2062 2960 de·

1171 2979 1349 3030 pravata
1374 2969 1478 3014 cod.
1505 2970 1604 3015 Val.
1630 2970 1761 3015 3429.
1789 2981 1834 3015 et
1857 2973 1956 3016 edd.
1985 2990 2062 3020 an-

1169 3030 1395 3086 tiquarum
1447 3029 1669 3086 scriptura
1720 3032 1905 3084 agmine
1954 3047 2063 3088 quo.

1172 3085 1304 3143 Apud
1341 3083 1619 3128 Walchium
1661 3095 1703 3130 et
1740 3084 1775 3130 l.
1805 3086 2059 3133 Bekkerum

1169 3147 1216 3187 in
1240 3159 1417 3199 σεεμ-υ,-
1454 3143 1789 3211 praepositione
1814 3161 1909 3188 non
1930 3161 2059 3204 opus.

1228 3216 1446 3259 connexi.
1510 3213 1609 3257 MS.
1648 3212 1748 3257 Vat.
1780 3214 1908 3259 8429.
1944 3231 2057 3259 con·

1172 3274 1316 3325 vexi,
1395 3271 1518 3327 quod
1574 3271 1730 3314 vitium
1778 3273 2062 3332 repetierunt

1174 3328 1358 3372 Becker.
1390 3338 1431 3371 et
1459 3329 1696 3372 Hertelius.

1228 3401 1493 3442 covinarius
1529 3408 1573 3443 et
1607 3413 1760 3455 eques.
1820 3400 1896 3445 Sic
1924 3417 1973 3444 ex
1995 3410 2061 3446 ta·

1171 3457 1256 3501 cita
1318 3458 1634 3501 emendatione
1691 3456 1894 3501 Rhenani
1959 3459 2061 3504 edd.

1171 3514 1382 3571 deinceps
1404 3532 1576 3564 omnes,
1603 3524 1901 3573 uno-excepto
1921 3517 2061 3560 vval-

1172 3573 1295 3623 chio,
1338 3573 1413 3627 qui
1450 3573 1505 3616 ad
1527 3571 1628 3619 edd.
1649 3572 1931 3628 antiquarum
1958 3582 2062 3616 ante
