2150 4022
378 234 626 303 IU'LII
670 239 992 300 AGRI'C.
1036 238 1277 298 VITA
1321 237 1767 300 CAP.26.27.

144 372 435 434 universis
486 371 663 427 adiici
715 370 1050 426 clamorem.

436 457 516 512 ita
551 455 797 530 ‘ancipiti
838 455 996 510 malo
1032 454 1224 510 territi
1258 453 1559 511 Britanni:
1611 466 1667 511 et
1703 452 1993 512 Romanis

145 462 327 534 sig-na.

1148 380 1204 425 et
1242 371 1576 446 propinqua
1613 370 1743 426 luce
1778 369 1994 427 fulsere

143 545 295 602 redit
324 542 583 610 animUS,
624 552 688 596 'ac
720 541 909 596 securi
948 560 1057 614 pro
1101 539 1286 594 salute
1328 542 1400 595 de
1450 540 1637 614 gloria
1674 541 1992 602 certabant.

140 631 297 688 ultro
335 628 483 704 quin
521 627 696 683 etiam
734 646 1003 700 erupere:
1062 635 1118 679 et
1157 625 1270 680 fuit
1306 636 1469 681 atrox
1506 626 1570 680 in
1616 623 1755 700 ipsis
1791 636 1993 700 porta-

140 732 273 771 rum
321 712 603 785 angustiis
659 711 980 786 proelium,
1037 710 1223 765 donec
1261 710 1419 783 pulsi
1458 705 1680 780 hostes3
1741 722 1994 787 utroque

141 798 395 856 exercitu
420 807 705 865 certante,
750 792 870 861 his,
914 807 981 851 ut
1002 794 1204 851 tulisse
1231 815 1431 870 opem,
1476 794 1625 863 illis,
1666 815 1741 851 ne
1771 797 1993 869 eguisse

139 884 363 959 auxilior
386 883 747 940 viderentur.

835 883 993 956 quod
1024 879 1141 934 nisi
1169 881 1412 953 paludes
1446 890 1502 935 et
1543 880 1723 936 silvae
1761 880 1994 956 fugien-

138 981 226 1027 tes
253 969 558 1036 texissent,
603 967 960 1024 debellatum
987 965 1089 1020 illa
1114 964 1358 1022 victoria
1392 965 1560 1025 foret.

310 1051 565 1112 XXVII.
652 1049 835 1108 Cuius
882 1049 1209 1108 constantia
1265 1072 1331 1108 ac
1378 1051 1535 1106 fama
1570 1051 1735 1106 ferox
1776 1054 1994 1109 exerci-
2059 1062 2061 1064 ’

195 1274 348 1319 securi
373 1290 462 1329 pro
494 1276 648 1318 salute
667 1277 724 1315 de
753 1272 903 1328 gloria
928 1286 1031 1314 cer-

140 1336 324 1378 tabam.
391 1332 468 1376 Sic
502 1332 638 1375 MSS.
673 1340 714 1373 et
750 1331 851 1374 edd.
875 1330 929 1372 ad
953 1330 1030 1371 Er-

138 1390 330 1434 nestium
387 1405 549 1445 usque,
611 1388 685 1444 qui
739 1405 762 1431 e
816 1390 1030 1430 sententia

135 1447 327 1491 Acidalii
402 1447 645 1489 dubitantis
717 1446 772 1488 de
828 1454 1027 1488 structu-

135 1521 211 1549 rae
242 1503 456 1547 latinitate
490 1503 629 1546 edidit
664 1505 821 1546 securi
853 1506 911 1544 de
945 1516 1026 1543 sa-

136 1566 232 1605 lute
261 1577 351 1616 pro
383 1563 539 1614 gloria
583 1568 693 1603 cert.
782 1561 845 1603 lta
883 1559 1028 1602 Lalle-

135 1621 286 1662 mand.
337 1618 544 1662 Oberlin.
607 1617 784 1660 Dronk.
836 1616 1027 1658 Bekker.

135 1678 335 1720 Frustra.
396 1675 456 1720 cf.
487 1675 597 1718 Hist.
620 1676 660 1725 4,
684 1675 751 1717 58.
787 1689 1027 1729 nunquam

135 1737 265 1787 apud
290 1748 367 1775 vos
387 1735 527 1774 verba
548 1733 650 1788 feci
674 1741 755 1774 aut
779 1747 870 1785 pro
900 1731 1026 1772 vobis

135 1791 375 1833 sollicitior
419 1798 503 1831 aut
543 1804 631 1843 pro
674 1805 749 1831 me
795 1791 1028 1838 securior,-

137 1848 276 1892 Ovid.
311 1849 422 1890 Met.
460 1854 496 1898 1,
526 1848 624 1890 182.
667 1862 760 1888 non
809 1861 891 1900 ego
936 1860 1025 1900 pro

136 1906 303 1947 mundi
339 1920 481 1958 regno
529 1905 682 1959 magis
723 1906 899 1946 anxius
942 1903 1026 1943 illa

135 1967 414 2015 tempestate
452 1962 550 2017 fui.
599 1985 656 1993 —-
746 1961 821 2002 De
874 1960 1027 2013 gloria

136 2021 399 2073 certabant,
435 2034 526 2060 non
551 2033 640 2071 pro
661 2020 810 2073 gloria
843 2017 873 2060 i.
901 2034 939 2060 e.
972 2015 1027 2059 ad

135 2076 324 2135 gloriam
365 2076 633 2134 parandam,
686 2090 779 2118 non
813 2084 1026 2132 ut'para·

135 2143 227 2177 tam
281 2141 530 2181 tuerentur.
629 2134 707 2177 Sic
754 2133 869 2191 apud
921 2132 1028 2175 Sue-

134 2199 234 2234 ton.
250 2190 432 2249 Vespas.
457 2207 498 2234 c.
520 2190 560 2234 5.
586 2191 766 2233 Othone
789 2198 928 2245 atque
945 2190 1027 2230 Vi-

135 2250 260 2291 tellio
300 2252 358 2290 de
398 2249 670 2302 principatu
720 2247 1030 2298 certantibus3

134 2307 296 2362 Nepot.
321 2305 534 2348 Themist.
559 2307 598 2355 5,
621 2307 663 2349 3.
689 2309 746 2347 de
766 2306 1028 2358 principatu

134 2365 220 2406 sibi
237 2378 338 2404 cum
365 2365 434 2404 his
459 2370 698 2405 certamen
710 2363 825 2418 fore
837 2381 852 2413 ,·
886 2361 1027 2407 Tacit.

134 2424 223 2465 An.
252 2423 321 2469 12,
341 2420 412 2462 22.
446 2424 566 2475 quod
591 2434 746 2462 secum
769 2423 827 2463 de
852 2418 1028 2463 matri-

134 2478 292 2521 monio
312 2479 532 2533 principis
558 2477 842 2520 cenavisset.

135 2571 137 2574 Α
193 2549 406 2589 erupere.
468 2534 606 2590 Quod
625 2533 854 2577 Acidalius
877 2531 1027 2575 conie-

137 2602 282 2642 cerat,
310 2608 435 2636 nunc.
457 2591 684 2635 firmatum
709 2588 1028 2634 estMS.Vatic.

134 2649 264 2694 3429.
287 2649 549 2696 testimonio
577 2658 618 2692 et
638 2649 743 2691 inde
762 2646 1025 2691 translatum

134 2708 182 2751 in
235 2706 338 2752 edd.
380 2706 555 2750 Ernest.
599 2705 792 2749 Bekker.
840 2702 1023 2747 Becker.

134 2764 303 2809 Hertel.
340 2788 394 2798 -
452 2763 565 2808 Edd.
594 2771 696 2807 vett.
721 2771 763 2805 et
785 2778 930 2819 nuper
955 2761 1026 2803 Bi-

134 2831 264 2880 pont.
300 2820 476 2865 Dronk.
507 2831 550 2864 et
572 2819 768 2865 Walch.
800 2822 1025 2870 irrupere.

134 2881 395 2938 Perperam.
444 2894 550 2922 nam
573 2895 667 2922 non
692 2886 934 2934 utrumque
949 2877 1028 2919 bo-

135 2948 248 2979 num
292 2951 473 2979 sensum
518 2936 652 2989 facit,
698 2943 748 2978 ut
779 2936 928 2980 visum
964 2942 1028 2979 est

137 2993 377 3038 Oberlino.
436 2993 674 3048 Irrupisse
697 3009 789 3041 eos,
821 3008 914 3035 non
933 2999 1027 3036 erat

137 3051 405 3098 dicendum,
432 3060 668 3108 postquam
705 3050 920 3093 traditum
949 3056 1028 3099 est,

135 3108 316 3151 territos
341 3107 584 3151 Britannos
617 3115 658 3150 et
688 3107 921 3151 Romanos
957 3106 1030 3148 de·

135 3165 347 3209 fendendi
367 3167 622 3210 necessitate
636 3164 808 3208 solutos
825 3165 1030 3220 (securos

131 3231 220 3277 p'ro
263 3223 429 3278 salute)
480 3222 526 3265 in
581 3221 756 3267 hostem
809 3222 1029 3279 impetum

137 3278 309 3325 fecisse.
353 3279 401 3321 Id
418 3295 523 3332 vero
546 3279 820 3337 significatur
833 3292 1029 3334 erupere

137 3337 303 3393 verbo,
350 3336 475 3394 quod
506 3337 649 3379 nolim
690 3338 782 3380 acci
819 3337 831 3378 i
866 3337 921 3378 de
955 3352 1026 3380 ca—

139 3391 242 3436 stris
269 3394 415 3440 statim
444 3393 641 3445 relictis,
676 3394 753 3437 sed
812 3410 834 3435 e
862 3400 1029 3437 conatu

139 3449 286 3508 potius
310 3450 588 3508 erumpendi,
615 3451 736 3508 quod
755 3459 873 3509 patet
894 3466 917 3492 e
932 3466 1027 3507 sqq.

141 3514 187 3548 et
195 3506 291 3561 fuit
312 3516 457 3550 atrox
479 3511 527 3552 in
550 3511 659 3562 ipsi-5
675 3516 927 3563 portarum
944 3523 1027 3551 an·

139 3566 296 3618 gumfa
323 3566 569 3620 proelium.

1159 1272 1234 1314 his
1265 1278 1315 1313 ut
1339 1272 1511 1314 tulisse.
1572 1269 1674 1315 MS.
1701 1270 1846 1316 Vatic.
1866 1271 1994 1319 3429.

1102 1337 1202 1374 test.
1224 1327 1402 1372 Dronk.
1429 1330 1500 1372 his
1521 1329 1733 1372 intulisse
1754 1329 1874 1387 (sic).

1161 1444 1274 1488 CAP.
1310 1445 1384 1488 27.
1459 1445 1598 1488 Cuius
1638 1446 1905 1489 constantia
1942 1463 1998 1491 ac

1090 1502 1255 1558 fama.
1346 1502 1398 1544 In
1442 1502 1524 1546 hac
1563 1503 1846 1559 antiquarum
1893 1505 1997 1549 edd.

1102 1561 1325 1616 scriptura
1348 1559 1607 1618 explicanda
1623 1561 1745 1603 varia
1769 1569 1998 1606 tentarunt

1099 1618 1380 1677 interpretes.
1441 1617 1628 1659 Huetius
1653 1618 1769 1675 apud
1787 1619 1991 1663 Broter.:

1099 1674 1265 1732 „quod
1310 1689 1390 1731 per
1424 1691 1646 1717 summam
1691 1677 1994 1720 constantiam

1099 1731 1316 1775 exereitus
1360 1732 1478 1775 hanc
1513 1732 1752 1776 victoriam
1795 1734 1995 1791 peperis-

1097 1789 1209 1833 set.”
1285 1788 1347 1831 At
1381 1805 1489 1834 vero
1525 1798 1623 1831 tum
1659 1805 1746 1832 sua
1776 1799 1996 1834 constan·

1097 1851 1192 1901 tia,
1225 1858 1318 1888 non
1350 1848 1570 1889 victoriae
1603 1846 1848 1890 dicendum
1883 1857 1993 1892 erat.

1098 1901 1346 1947 Oberlinus
1370 1905 1533 1961 aliique
1558 1919 1661 1946 eum
1689 1905 1865 1962 sequuti
1885 1922 1995 1950 con·

1098 1960 1312 2005 stantiam
1337 1969 1611 2005 censuerunt
1645 1961 1694 2004 in
1727 1978 1774 2006 ea
1807 1979 1900 2007 esse
1927 1964 1994 2007 vi-
2066 1988 2069 1994 ,

1100 2017 1266 2069 ctoria‚
1299 2034 1411 2076 quae
1441 2018 1565 2061 nulla
1597 2018 1890 2063 adversarum
1920 2038 1996 2064 re-

1098 2092 1203 2118 rum
1253 2075 1563 2119 vicissitudine
1624 2076 1683 2118 sit
1734 2078 1996 2136 interrupta,

1102 2132 1226 2176 nulla
1250 2134 1376 2176 clade
1401 2133 1589 2191 polluta.
1650 2133 1739 2179 Sed
1765 2137 1995 2192 quomodo

1101 2191 1281 2233 tandem
1309 2191 1525 2235 victoriae
1552 2207 1711 2235 reeens
1743 2203 1996 2250 reportatae

1101 2249 1375 2299 constantia,
1421 2265 1555 2306 quam
1588 2250 1794 2292 nondum
1830 2252 1996 2308 experti

1100 2313 1250 2356 erant,
1295 2305 1471 2349 feroces
1511 2322 1603 2349 esse
1635 2315 1840 2363 poterant
1871 2308 1994 2350 mili-

1099 2364 1198 2405 tes?
1266 2362 1518 2406 Walchius
1569 2364 1751 2420 agnovit
1809 2364 1859 2407 ἓν
1916 2365 1995 2410 διὰ

1100 2420 1257 2474 δυοῖν,
1315 2429 1364 2463 ut
1398 2421 1454 2462 sit
1486 2421 1603 2462 fama
1636 2429 1850 2465 constans
1894 2424 1998 2477 (der

1097 2480 1337 2519 dauernde
1350 2510 1363 2528 ,
1397 2477 1804 2534 gleichbleibende,
1856 2483 1995 2526 iiber-

1098 2537 1171 2576 all
1189 2536 1266 2576 lein
1297 2535 1567 2577 ver-breitete
1580 2534 1716 2591 Rus),
1746 2537 1836 2588 sed,
1870 2537 1996 2594 quid-

1100 2592 1208 2648 quid
1241 2590 1306 2632 vir
1338 2591 1624 2635 doctissimus
1658 2603 1828 2651 pugnat
1852 2610 1996 2638 exem·

1100 2648 1208 2707 plis,
1269 2664 1382 2705 quae
1436 2664 1491 2690 ne
1551 2649 1750 2707 adposita
1811 2653 1996 2711 quidem

1099 2715 1203 2749 sunt
1255 2706 1309 2748 ad
1350 2721 1446 2748 rem
1498 2707 1800 2763 probandam,
1858 2710 1996 2754 scribi

1099 2763 1278 2806 debuit:
1331 2765 1459 2805 cuius
1498 2765 1643 2818 sama
1687 2773 1731 2806 et
1775 2775 1997 2810 constan-

1099 2823 1181 2863 tia.
1262 2820 1486 2864 Errarunt
1531 2820 1829 2881 interpretes,
1872 2826 1997 2883 quod

1098 2880 1224 2921 cuius
1255 2892 1514 2944 pronomen
1550 2878 1604 2921 ad
1646 2882 1890 2926 victorium
1934 2885 1998 2925 il-

1097 2939 1198 2978 lam
1240 2943 1381 2994 capite
1425 2935 1704 2980 antecedenti
1741 2947 1854 2984 extr.
1893 2957 1997 2984 me—

1099 3001 1316 3036 moratam
1349 2991 1520 3035 reserre
1546 2995 1826 3049 maluerunt,
1859 3014 1995 3056 quam

1100 3050 1148 3092 in
1204 3049 1464 3093 universum
1528 3049 1776 3108 intelligere
1833 3070 1995 3112 quam*-

1102 3121 1280 3163 cunque
1313 3107 1574 3156 victoriam,
1612 3111 1738 3154 cuius
1771 3121 1995 3156 constan-

1101 3166 1170 3229 tz'q
1226 3162 1274 3208 in
1327 3179 1381 3207 eo
1426 3166 1680 3222 quaerenda
1719 3176 1808 3217 est,
1870 3169 1997 3229 quod

1101 3229 1331 3264 etiamtum
1388 3221 1574 3264 victoria
1648 3225 1852 3268 nondum
1918 3241 1996 3270 re-

1102 3278 1284 3322 cesserit
1306 3293 1330 3324 a
1350 3276 1559 3322 Romano
1585 3281 1794 3324 exercitu.
1867 3280 1996 3347 Quid

1101 3344 1198 3378 tum
1229 3334 1421 3387 mirum,
1447 3336 1483 3379 si
1519 3336 1708 3388 milites,
1741 3339 1817 3396 qui
1851 3341 1999 3386 adhuc

1101 3406 1277 3449 semper
1297 3392 1491 3437 victores.
1512 3393 1792 3438 decesserant
1816 3411 1838 3439 e
1865 3414 1996 3455 proe-

1101 3448 1197 3500 liis,
1228 3449 1439 3494 victoriae
1466 3466 1610 3508 nuper
1636 3460 1887 3510 reportatae
1922 3454 1998 3500 fa-

1100 3522 1172 3549 ma
1197 3505 1370 3551 feroces
1393 3507 1660 3551 redduntur.
1722 3508 1806 3554 Vel
1829 3510 1866 3554 si
1895 3528 1997 3558 ma-

1100 3563 1194 3615 vis,
1248 3564 1414 3624 explica
1462 3581 1542 3625 per
1584 3564 1880 3626 Hendiadyn‚
1936 3570 1998 3616 ita

1219 3673 1255 3681 vm

1873 240 1992 298 169
2052 276 2058 281 ·
