2150 4022
304 318 595 382 iuml
641 268 965 380 Aonio.
1007 312 1242 376 VITA
1284 314 1610 382 CAR-37.
1787 316 1908 378 195
1970 325 1974 331 ³

220 448 533 515 XXXVII.
617 447 699 506 Et
727 446 1036 514 Britanni,
1080 446 1184 521 qui
1213 443 1407 506 adhuc
1442 467 1675 524 pugnae
1701 468 1908 523 exper-

50 553 136 599 tes
164 557 394 596 summa
422 535 666 592 collium
703 530 1042 590 insederant
1083 542 1139 587 et
1174 533 1529 606 paucitatem
1565 545 1907 591 nostrorum

49 622 222 682 vacui
259 621 645 698 spernebant,
690 617 930 692 degredi
969 615 1256 691 paulatim
1298 629 1354 675 et
1394 619 1703 676 circumire
1743 629 1908 692 terga

47 708 414 766 vincentium
456 706 802 781 coeperant:
870 703 937 759 ni
978 702 1042 757 id
1103 700 1301 775 ipsum
1352 704 1577 761 veritus
1626 700 1906 779 Agricola

48 806 302 871 quatuor
327 791 593 868 equitum
621 791 775 859 alaS,
820 790 894 845 ad
928 786 1120 843 subita
1153 786 1299 842 belli
1326 798 1614 859 retentas«,
1655 789 1906 846 venien-

45 881 205 937 tibus
230 877 612 954 opposuisset,
655 887 993 952 quantoque
1020 872 1273 928 ferocius
1301 886 1692 942 accurrerant,
1738 885 1902 931 tanto

30 965 240 1022 'acrius
266 963 468 1039 pulsos
493 962 558 1016 in
585 963 786 1034 fugam
809 957 1144 1017 disiecisset.
1230 957 1313 1014 ita
1341 958 1651 1014 consilium
1665 957 1907 1016 Britan-

47 1070 267 1107 norum
291 1049 358 1104 in
384 1048 544 1122 ipsos
571 1066 832 1103 versum:
878 1053 1357 1119 transvectaeque
1392 1055 1702 1118 praecepto
1740 1045 1907 1107 ducis

49 1157 82 1192 a
105 1135 300 1192 fronte
335 1132 729 1208 pugnantium
768 1132 893 1188 alae
921 1146 1186 1185 aversam
1222 1123 1484 1185 hostium
1520 1129 1704 1185 aciem
1737 1129 1907 1185 inva-

50 1241 193 1279 sere.
309 1230 437 1275 tum
508 1238 649 1273 vero
728 1214 1064 1292 patentibus
1138 1212 1282 1268 locis
1341 1214 1563 1287 grande
1621 1225 1679 1270 et
1741 1226 1907 1270 atrox

50 1303 475 1381 spectaculum:
530 1303 730 1378 sequi,
776 1301 1121 1368 vulnerare,
1165 1317 1403 1373 capere,
1446 1310 1622 1375 atque
1669 1301 1908 1355 eosdem

49 1390 262 1447 oblatis
291 1388 422 1445 aliis
456 1388 768 1446 trucidare.
855 1386 976 1441 iam
1011 1379 1305 1452 hostium,
1341 1395 1519 1458 prout
1558 1384 1768 1461 cuique
1810 1385 1907 1439 in·-

49 1475 289 1550 genium
344 1483 497 1542 erat,
573 1484 835 1529 catervae
892 1466 1254 1526 armatorum
1310 1469 1689 1543 paucioribus
1747 1466 1906 1542 terga

45 1571 373 1637 praestare,
417 1558 659 1634 quidam
698 1558 954 1613 inermes
984 1555 1138 1610 ultro
1179 1573 1349 1609 ruere
1390 1574 1455 1609 ac
1498 1573 1558 1609 se
1594 1555 1775 1611 morti
1815 1555 1906 1610 of-

47 1646 220 1705 ferre.
304 1644 521 1719 passim
553 1663 713 1700 arma
746 1653 803 1699 et
832 1660 1080 1716 corpora
1106 1649 1162 1695 et
1187 1638 1365 1695 laceri
1393 1649 1553 1696 artus
1586 1651 1642 1697 et
1665 1650 1906 1696 cruenta

1012 1868 1052 1920 2,
1069 1867 1133 1911 19.
1147 1869 1213 1909 ad
1213 1866 1402 1923 flumen
1418 1869 1795 1911 decucurrerunt.
1816 1865 1906 1910 Sed

1012 1924 1188 1970 variant
1205 1923 1250 1967 in
1263 1923 1346 1967 hac
1370 1939 1418 1966 re
1443 1933 1630 1971 veteres,
1661 1940 1764 1967 nam
1786 1924 1905 1982 apud

1014 1983 1164 2027 Cicer.
1188 1981 1242 2024 de
1265 1989 1377 2024 orat.
1406 1983 1441 2030 1,
1460 1980 1529 2032 50,
1546 1982 1646 2024 218.
1666 1990 1731 2023 est
1754 1984 1905 2036 legen-

1011 2043 1072 2082 do
1089 2039 1402 2094 percurrisse,
1421 2038 1530 2081 ibid.
1550 2038 1590 2087 3,
1611 2039 1676 2088 14,
1691 2038 1762 2083 52.
1788 2052 1906 2094 quas

1011 2101 1153 2140 modo
1181 2097 1460 2151 percucurri.
1530 2096 1604 2140 Ad
1644 2113 1741 2140 rem
1785 2096 1909 2139 diiu-v

1010 2153 1247 2198 dicandam
1265 2151 1416 2196 facere
1430 2153 1605 2196 videtur
1617 2152 1909 2212 praepositio·

1010 2228 1138 2263 num,
1161 2210 1432 2268 quibuscum
1454 2225 1589 2253 curro
1604 2212 1794 2255 verbum
1809 2211 1906 2253 iun·

1011 2279 1136 2314 ctum
1159 2276 1237 2319 est,
1265 2267 1333 2313 vis
1353 2284 1406 2311 ac
1429 2276 1601 2320 natura,
1627 2268 1686 2311 ita
1707 2269 1904 2327 quidem,

1012 2337 1062 2370 ut
1091 2342 1140 2368 ea
1161 2325 1327 2376 verba,
1358 2325 1404 2367 in
1439 2325 1600 2382 quibus
1632 2325 1903 2383 praepositio

108 1874 312 1920 CAP.S7.
361 1886 554 1915 summa
577 1873 781 1913 collium.
839 1869 941 1913 MS.

50 1933 196 1977 Vatic.
237 1929 366 1974 3429.
405 1937 515 1972 teste
556 1927 764 1973 Broterio
807 1942 937 1970 sum-

48 2006 196 2034 mam.

106 2057 313 2116 degredi.
399 2055 477 2100 Sic
532 2071 581 2098 ex
627 2054 942 2100 emendatione

48 2118 270 2162 Pichenae
302 2113 403 2158 edd.
430 2129 527 2170 sqq·
555 2113 650 2156 sere
680 2128 853 2157 omnes.
883 2137 940 2146 -

49 2176 231 2231 digredi
270 2172 371 2215 edd.
417 2174 704 2227 antiquarum
740 2172 936 2229 scriptu-

48 2250 147 2276 ram
180 2228 412 2275 Dronki'us
445 2236 488 2272 et
520 2228 749 2271 Hertelius
791 2245 940 2273 serva-

48 2298 181 2338 runt,
226 2288 352 2346 quia,
395 2294 447 2330 ut
475 2285 548 2330 hic
579 2285 709 2337 dicit,
751 2286 799 2328 in
832 2285 940 2329 duas

48 2357 196 2407 partes
231 2345 386 2394 divisi,
444 2343 673 2399 utrimque
711 2343 941 2385 Romanos

50 2402 312 2462 amplexuri‚
343 2399 635 2443 descendunt.
693 2400 781 2443 Sed
811 2416 859 2442 ea
888 2400 943 2442 de

51 2462 273 2508 divisione
299 2459 349 2500 in
373 2455 520 2501 Taciti
552 2456 697 2499 verbis
730 2455 842 2498 nihil
876 2455 942 2499 in-

51 2528 134 2563 est.
211 2517 421 2560 Ceterum
453 2513 515 2558 cf.
551 2521 649 2557 not.
688 2513 743 2556 ad
773 2515 868 2557 An.
902 2515 945 2565 4,

53 2577 125 2621 69.

107 2685 174 2727 ad
201 2681 350 2725 subita
383 2679 503 2720 belli.

53 2749 162 2786 extr.
194 2737 406 2796 fortuita
451 2737 561 2778 belli
598 2735 947 2789 sperabantur;

53 2798 161 2842 ibid.
199 2797 239 2850 5,
270 2794 332 2838 13.
367 2794 522 2837 subita
553 2793 683 2843 belli;
725 2799 768 2833 et
806 2807 847 2834 c.
874 2790 944 2833 16.

53 2859 155 2899 dux
177 2855 268 2898 sibi
284 2854 482 2895 delectos
493 2852 752 2893 retinuerat
774 2852 840 2890 ad
861 2850 943 2891 im·

50 2913 259 2969 provisa.

576 2676 648 2721 Cf.
670 2675 784 2719 Hist.
809 2675 850 2727 4,
871 2674 942 2719 23.

184 2988 191 3005 1

111 3015 433 3054 accurrerant.
510 3006 612 3051 MS.
639 3006 780 3050 Vatic.
812 3006 944 3050 3429.

56 3069 142 3114 scri
178 3077 327 3111 turam
371 3073 728 3108 accucurrerunt
761 3062 942 3107 Dronk.

55 3085 239 3171 Becfler.
270 3121 440 3166 Hertel.
487 3129 768 3188 receperunt.
854 3121 942 3163 Sed

31 3227 34 3236 ,
55 3193 176 3228 recte
198 3180 454 3226 observavit
474 3179 659 3222 Vossius
688 3178 742 3221 de
767 3179 943 3234 analog.

35 3240 138 3284 '111.
170 3256 210 3284 c.
246 3240 314 3282 19.
349 3237 397 3282 in
436 3235 699 3294 compositis
731 3250 942 3289 accurro,

19 3331 31 3339 .
58 3310 388 3349 circumcurro,
451 3294 686 3347 discurro,
762 3294 946 3335 incurro

59 3354 239 3412 aliisque
295 3349 530 3396 nonnullis
590 3349 945 3406 reduplicatione

58 3425 154 3453 non
187 3427 290 3453 usos
320 3409 456 3452 fuisse
494 3406 757 3464 scriptores,
799 3406 941 3451 inter-

61 3467 167 3510 dum
197 3466 243 3508 in
272 3469 491 3516 decurro,
521 3478 720 3507 excurro
744 3471 828 3508 etc.
887 3464 946 3506 cf.

62 3523 150 3567 An.
169 3524 265 3572 27.
285 3523 568 3571 decucurrit,
600 3520 676 3563 ubi
696 3521 947 3565 necessario

62 3595 113 3623 ea
133 3579 277 3624 forma
299 3578 555 3637 requiritur,
587 3583 637 3619 tlt
658 3578 949 3636 praeteritum

33 3643 35 3646 ⁴
64 3637 487 3694 tempusindicetur,
510 3643 552 3678 et
565 3633 691 3678 Caes.
706 3632 949 3680 Bell.Gall.

1013 2392 1078 2427 est
1121 2382 1450 2440 inseparabilis,
1502 2382 1905 2440 reduplicationem

1014 2440 1243 2490 omittant,
1275 2439 1320 2482 in
1345 2438 1398 2481 iis
1422 2454 1552 2490 vero,
1584 2439 1746 2495 quibus
1770 2455 1905 2498 prae-

1012 2497 1238 2555 positione
1261 2495 1409 2538 addita
1431 2495 1514 2538 alia
1535 2495 1745 2540 adiicitur
1763 2497 1906 2548 notio.

1014 2553 1232 2611 simplicis
1256 2553 1385 2598 verbi
1407 2552 1668 2597 adhibeatur
1683 2553 1847 2598 forma.

1073 2643 1173 2678 tum
1203 2650 1313 2678 vero
1343 2666 1356 2679 .
1385 2667 1397 2679 .
1423 2666 1435 2678 .
1466 2639 1648 2689 grande
1680 2645 1725 2680 et
1756 2645 1908 2682 atrox

1016 2695 1350 2746 spectaculum.
1389 2693 1507 2751 Apte
1529 2694 1906 2755 contulitLipsius

1015 2751 1196 2794 Sallust.
1217 2748 1418 2808 Ingurth.
1444 2766 1481 2794 c.
1507 2752 1627 2794 101.=
1661 2759 1762 2794 tum
1795 2768 1915 2810 spe«⁴

1014 2811 1244 2851 ctaculum
1277 2809 1507 2850 horribile<
1533 2809 1584 2851 in
1617 2811 1790 2863 campis
1808 2827 1903 2867 pa-

1015 2867 1242 2908 tentibus.-
1295 2866 1449 2920 sequi,
1494 2865 1688 2922 sugere,
1740 2869 1903 2925 occidi,

1015 2925 1145 2977 capi,-
1194 2923 1300 2979 equi
1330 2930 1468 2975 atque
1499 2925 1590 2966 viri
1611 2924 1789 2980 adflicti
1795 2943 1810 2977 ;
1850 2942 1905 2970 ac
1986 2940 1990 2946 ¹

1015 2981 1156 3022 multi
1203 2981 1459 3023 volneribus
1508 2983 1707 3034 acceptis
1757 2998 1905 3040 neque

1002 3040 1178 3094 sugere
1205 3051 1346 3091 posse
1370 3051 1514 3094 neque
1544 3040 1746 3094 quietem
1775 3043 1905 3094 pati;

1014 3095 1106 3136 niti
1151 3098 1291 3137 modo
1338 3110 1396 3135 ac
1435 3097 1599 3138 statim
1641 3099 1906 3141 concidere:

1011 3158 1252 3207 postremo
1287 3154 1470 3206 omnia,
1507 3168 1602 3208 quu
1633 3155 1753 3196 visus
1782 3162 1901 3210 erat,

1017 3215 1260 3252 constrata
1290 3210 1413 3260 telis,
1452 3212 1632 3262 armis,
1661 3214 1905 3254 cadaveri-

1016 3269 1124 3316 bus;
1180 3273 1226 3307 et
1273 3266 1395 3307 inter
1431 3281 1488 3309 ea
1527 3269 1698 3311 humus
1734 3269 1905 3323 infecta

1015 3323 1254 3375 sanguine.
1289 3322 1360 3366 De
1371 3322 1510 3367 humo
1527 3326 1739 3382 sanguine
1755 3326 1907 3384 pingui

1017 3380 1075 3422 cf.
1099 3378 1341 3479 prnlten.
1379 3380 1528 3425 dictat.
1555 3382 1692 3426 ovid.
1722 3383 1908 3427 Heroid-

1022 3453 1121 3494 pag·
1172 3467 1184 3480 ο
1841 3475 1844 3478 -

1078 3520 1247 3561 oblatis
1266 3521 1385 3565 aliis.
1444 3521 1507 3563 Ex
1524 3521 1727 3565 Rhenani
1751 3538 1909 3566 emen-

1020 3576 1200 3642 datione
1235 3577 1336 3620 edd.
1372 3594 1473 3637 sqq.
1504 3605 1561 3613 -—
1610 3580 1779 3623 ablotis
1804 3580 1907 3625 edd.

1022 3640 1245 3690 antiquae.

1174 3694 1308 3753 ΝΞ
