2150 4022
381 260 624 324 IULII
672 258 997 322 AGRIC.
1042 258 1279 319 VITA
1315 256 1510 321 CAP.
1549 257 1651 321 36.

1823 228 1954 319 193ss
2019 230 2029 237 ’

1940 339 1973 350 υ.

89 398 270 473 igitur
300 406 368 453 ut
406 391 620 451 Batavi
659 392 902 450 miscere
944 390 1129 460 ictuS‚
1172 391 1348 446 ferire
1392 388 1791 459 umbonibus,
1834 410 1938 469 ora

87 483 352 550 foedare,
409 489 467 536 et
506 478 701 537 stratis
739 478 843 555 qui
879 477 944 533 in
980 495 1168 553 aequo
1210 475 1561 533 obstiterant
1603 474 1825 548 erigere
1873 475 1939 532 in

89 567 266 626 colles
308 563 494 622 aciem
541 583 812 638 coepere,
867 571 1101 619 ceterae*
1131 555 1401 617 cohortes
1443 560 1838 619 aemulatione
1886 557 1943 619 et

90 654 314 729 impetu
340 649 687 707 commixtae
709 647 1007 724 proximos
1036 664 1300 723 quosque
1328 648 1584 707 caedere.

1672 666 1738 703 ac
1759 645 1944 721 pleri-

89 757 202 815 que
252 734 568 793 semineces
607 746 709 792 aut
748 733 962 807 integri
1013 730 1389 789 festinatione
1433 731 1713 789 victoriae
1758 731 1943 787 relin-

88 822 440 900 quebantur.
527 819 767 878 interim
808 819 1072 897 equitum
1115 827 1343 874 turmae
1386 817 1615 890 fugere,
1658 816 1947 877 covinarii

90 1079 218 1129 pont.
282 1068 442 1112 Oberl.
507 1066 704 1110 Seebod.
764 1064 982 1109 Doederl.

90 1126 267 1172 Dronk.
307 1125 495 1170 Becker.
541 1123 710 1168 Hertel.
782 1121 984 1180 Explica·

89 1193 199 1230 runt
223 1185 269 1227 id
294 1184 475 1242 Bipont.
499 1182 554 1224 de
580 1197 729 1240 pugna
751 1180 798 1223 in
828 1196 985 1238 aequ0,

89 1243 138 1286 in
194 1241 376 1301 planitie
426 1241 669 1285 commissa
688 1270 702 1287 ,
762 1238 984 1296 probante

91 1299 340 1350 Oba-lino,
386 1297 466 1341 sed
501 1297 555 1341 de
585 1297 668 1341 hac
699 1311 751 1338 re
795 1295 983 1338 omnino

89 1373 241 1402 sermo
276 1363 341 1398 est
372 1354 549 1405 nullus;
589 1352 820 1396 Dronkius
852 1368 984 1396 com-

90 1414 258 1484 paravit
282 1413 395 1456 latus
430 1411 726 1470 gladiatorum
762 1418 985 1468 apertum,

90 1482 150 1517 ita
177 1480 227 1514 ut
247 1469 482 1526 cogitanda
505 1469 560 1512 sit
583 1484 756 1527 pugna,
799 1467 876 1511 ubi
912 1484 986 1526 pa·

91 1537 180 1574 teat
193 1544 356 1586 corpus
372 1527 527 1586 gladiis
542 1543 628 1571 nec
651 1544 676 1570 a
700 1526 798 1570 telis
826 1525 986 1569 defen-

92 1588 246 1638 datur3
272 1586 349 1629 sed
374 1584 472 1643 quis
487 1594 551 1628 est
571 1600 710 1627 nexus
731 1584 850 1627 inter
875 1583 987 1626 latus

90 1652 295 1704 apertum
319 1650 574 1742 etpugnam
595 1642 643 1684 in
664 1641 850 1699 aperto?
880 1640 987 1684 Tale

93 1702 202 1761 quid
243 1716 338 1743 non
389 1701 565 1742 ‘erentes
603 1699 676 1741 alii
711 1698 986 1742 coniecturis

92 1762 247 1804 locum
291 1757 531 1800 emendare
578 1756 809 1805 volebant,
869 1756 987 1798 velut

91 1816 296 1862 Schelius
319 1814 374 1858 ad
397 1813 560 1871 Hygin.
588 1829 631 1871 p.
650 1813 744 1856 140.
769 1823 810 1857 et
831 1812 987 1856 Schef-

92 1875 217 1918 ferus
241 1874 288 1916 in
316 1872 441 1930 epist.
466 1871 518 1914 ad
547 1870 644 1915 Nic.
671 1871 904 1914 Heinsiurn
937 1871 987 1911 in

91 1939 287 1985 aperta,
344 1929 464 1986 quod
507 1928 760 1971 contortius
807 1929 987 1972 videtur

92 1988 290 2039 dictum3
330 1985 506 2044 Lipsius
540 1986 590 2028 in
622 1994 807 2040 opertos
838 1985 903 2027 vel
937 1986 986 2027 in

92 2054 255 2102 operta
265 2063 281 2098 ;
310 2043 530 2087 Bleterius
555 2044 781 2097 inoperti;
810 2042 987 2086 Becke-

91 2119 195 2148 rus:
226 2104 524 2156 complexum
549 2115 793 2144 armorum
815 2116 910 2144 non
936 2108 990 2142 ut

92 2164 140 2205 in
170 2170 336 2216 aperto
367 2173 578 2214 pugnam
613 2161 878 2202 tolerabant
901 2174 986 2217 pro

92 2221 412 2275 minus‘quam
439 2224 527 2259 etc.
568 2244 627 2252 —
685 2216 776 2259 Pro
804 2219 984 2259 tolera-

93 2279 206 2320 bant
218 2277 427 2320 Muretus
450 2283 492 2319 et
503 2273 733 2319 Acidalius
758 2275 984 2318 malebant

95 2336 316 2377 tolerant.

153 2462 238 2490 ora
265 2447 494 2502 foedare,
546 2455 591 2490 et
622 2451 788 2490 stratis·
829 2449 913 2502 qui
936 2449 985 2489 in

96 2521 244 2562 aequo
273 2505 570 2548 obstiterant.
629 2506 682 2547 In
714 2504 812 2548 MS.
843 2505 985 2548 Vatic.

95 2563 226 2608 3429.
251 2562 394 2618 foede
431 2563 567 2612 recti,
610 2562 729 2604 unde
759 2560 986 2604 Gesnerus

97 2629 141 2665 et
162 2620 387 2665 Beckerus
410 2618 651 2677 legendum.
688 2619 987 2662 coniiciebant

83 2679 277 2737 fodere,
321 2676 417 2720 sine
447 2693 576 2720 causa
618 2676 802 2726 idonea,
845 2692 982 2732 quum

84 2738 292 2793 foedare
321 2750 502 2793 quoque
535 2735 590 2777 de
628 2734 825 2776 cruentis
859 2732 984 2776 dica-

97 2803 171 2837 tur
195 2792 484 2843 vulneribus,
527 2799 574 2834 ut
605 2791 721 2849 apud
750 2791 983 2848 Virgilium

96 2852 214 2895 Aen.
244 2851 286 2898 2,
312 2850 417 2893 286.
452 2864 571 2904 quae
614 2863 760 2891 eausa
797 2849 988 2903 indigna

97 2922 288 2953 serenos
304 2908 520 2963 foedauit
544 2908 718 2950 vultus.
748 2929 798 2940 —
850 2905 986 2948 Dein·

100 2968 154 3009 de
186 2965 231 3008 in
255 2964 390 3008 MSS.
419 2963 590 3007 Vaticc.
618 2962 747 3007 3429.
783 2971 826 3006 et
853 2963 986 3006 4498.

97 3021 307 3067 Broterio
337 3029 447 3064 teste
472 3029 695 3064 exaratum
725 3029 788 3065 est
813 3028 858 3063 et
883 3028 987 3063 tra-

99 3082 186 3135 tis,
229 3077 480 3122 accuratius
510 3093 621 3121 vero
644 3077 877 3122 Dronkius
910 3077 989 3119 in-

100 3135 287 3187 dicavit,
340 3136 387 3179 in
424 3136 564 3179 altero
613 3143 787 3179 tantum
829 3135 985 3180 codice

96 3194 225 3246 4498.
250 3191 336 3250 legi
367 3200 413 3235 et
446 3193 609 3242 tratis,
638 3192 828 3236 alterum
855 3192 984 3236 3429.

99 3252 146 3296 in
179 3258 293 3295 textu
326 3249 530 3293 exhibere
564 3252 752 3305 tractis,
797 3251 844 3294 in
871 3267 985 3294 mar·

100 3310 203 3367 gine
250 3309 432 3359 „tratis
470 3307 537 3350 vel
580 3307 786 3350 traces.''
826 3333 881 3342 -—
942 3314 987 3348 et

101 3366 260 3409 tractate
302 3363 402 3407 edd.
438 3365 667 3421 antiquae,
710 3365 831 3422 Lips.
867 3365 985 3407 Gro-

103 3438 210 3467 nov.
235 3422 317 3472 al.,
349 3423 470 3478 quod
485 3421 715 3471 Muretus,
742 3423 984 3467 Acidalius‚

103 3479 328 3522 Gesnerus
352 3480 582 3522 mutabant
613 3477 870 3533 infractis,
908 3478 984 3522 sed

104 3534 265 3582 rectius
285 3543 328 3577 et
357 3536 407 3577 ad
434 3545 636 3579 veterum
661 3535 879 3580 librorum
909 3536 988 3578 du-

103 3604 198 3639 etus
243 3591 384 3634 verius
426 3594 480 3636 ab
524 3593 730 3636 Ernestio
769 3595 1010 3654 scripturn

188 3658 430 3707 TAcn'rs
484 3658 578 3709 IV.

1057 1072 1124 1108 est
1157 1063 1353 1116 stratis,
1405 1070 1636 1117 receptum
1672 1061 1783 1105 illud
1818 1080 1842 1107 a
1875 1065 1948 1109 Bi-

1058 1127 1183 1177 pont.
1207 1119 1417 1163 Oberlin.
1433 1118 1629 1163 Seebod.
1655 1119 1834 1166 Dronk.
1859 1124 1946 1168 Be-

1058 1178 1178 1222 cker.
1214 1176 1384 1220 Hertel.
1424 1175 1621 1220 Walch.
1667 1178 1699 1223 I.
1725 1178 1948 1228 Bekkero.

1058 1236 1136 1280 Sic
1159 1235 1271 1278 Hist.
1302 1234 1342 1286 3,
1368 1235 1438 1278 77.
1471 1241 1691 1278 sternant
1722 1235 1947 1285 inermes.

1055 1294 1214 1351 Neque
1249 1307 1364 1350 opus
1384 1292 1579 1335 Broterii
1614 1295 1874 1340 coniectura
1905 1307 1951 1342 et

1049 1351 1330 1405 prostratis,
1416 1350 1486 1392 uia
1530 1350 1718 1397 verbum
1761 1354 1950 1413 simplex

1054 1408 1240 1452 sufficit.
1272 1432 1330 1440 —
1382 1366 1496 1450 qPro
1537 1411 1821 1455 obstiterant
1846 1417 1951 1461 MS.

1056 1465 1159 1510 Vat.
1181 1465 1308 1509 3429.
1333 1466 1652 1518 adstiterunt,
1683 1471 1804 1528 quod
1833 1486 1950 1532 quo..

1056 1524 1195 1567 modo
1229 1540 1323 1566 non
1366 1523 1605 1581 displicere
1645 1531 1845 1585 potuerit
1874 1532 1951 1578 Er-

1056 1581 1203 1625 nestio
1238 1581 1304 1622 vix
1327 1581 1562 1639 intelligo,·
1592 1599 1695 1627 nam
1729 1587 1952 1646 scriptura

1058 1638 1234 1696 vulgata
1270 1654 1364 1682 non
1398 1640 1547 1682 solum
1579 1642 1726 1700 aptior
1760 1653 1848 1694 est,
1900 1656 1951 1692 ut

1059 1695 1286 1740 Oberlino
1340 1696 1577 1743 videbatur
1596 1732 1609 1755 ‚
1678 1701 1758 1744 sed
1817 1704 1952 1751 unice

1060 1770 1184 1800 vera.
1373 1773 1376 1775 ·

1117 1846 1320 1881 ceterae.
1379 1837 1495 1882 Edd.
1521 1839 1702 1885 Puteol.
1732 1859 1802 1901 pr.
1824 1845 1954 1894 Med.

1061 1895 1174 1939 Ven.
1213 1888 1420 1939 Beroa‘ld.
1455 1896 1622 1942 Alciat.
1661 1909 1860 1946 caetere.
1894 1928 1954 1942 .-

1059 1952 1174 1998 Edd.
1199 1953 1299 1997 Riv.
1316 1951 1463 1998 Rhen.
1487 1964 1720 2001 caeterae.

1117 2055 1420 2098 commixtae.
1502 2055 1602 2101 MS.
1636 2055 1785 2104 Vatic.
1822 2060 1952 2108 3429.
1997 2048 2000 2057 ¹

1060 2118 1181 2169 (test.
1218 2111 1419 2170 Dronk.)
1453 2115 1706 2159 connistae.
1798 2118 1954 2176 Quam

1059 2172 1192 2228 vulgo
1250 2171 1586 2228 exprimendam
1641 2184 1801 2219 curant
1850 2178 1951 2222 forss

1057 2245 1204 2281 marn,
1247 2244 1299 2270 ea
1334 2228 1623 2287 antiquarum
1657 2232 1758 2276 edd.
1793 2234 1953 2280 nititur

1057 2286 1349 2345 auctoritate,
1394 2286 1430 2328 si
1462 2302 1548 2354 qua
1585 2295 1675 2340 est3
1726 2307 1810 2334 nos
1843 2309 1950 2337 cum

1058 2342 1286 2387 Walchio
1331 2344 1596 2401 scripsimus
1645 2350 1949 2395 commixtae.

1058 2401 1117 2446 cf.
1147 2409 1243 2443 not.
1271 2400 1327 2444 ad
1351 2400 1508 2458 Agric.
1537 2417 1574 2447 c.
1597 2402 1641 2448 4.

1116 2501 1326 2556 equitum
1364 2508 1554 2544 turmae
1579 2502 1770 2559 sugere.
1832 2505 1952 2552 Ver-

1058 2560 1113 2602 ba
1134 2557 1242 2602 haec
1268 2557 1545 2602 exhibuimus
1578 2560 1661 2613 ita,
1690 2571 1740 2607 ut
1772 2564 1821 2608 in
1851 2565 1954 2614 εδδ»

1058 2615 1251 2672 antiquis
1287 2615 1495 2659 omnibus
1533 2625 1714 2663 exstant.
1773 2615 1953 2669 Primus

1060 2672 1200 2740 dejis
1242 2673 1466 2730 corruptis
1511 2675 1733 2732 cogitabat
1762 2678 1952 2739 Lipsius,

1059 2744 1304 2796 qul-quufn
1335 2738 1673 2799 coepta-pugna
1705 2737 1875 2795 equites
1907 2749 1952 2784 et

1058 2803 1318 2832 covmarlos
1339 2803 1516 2831 miscer1
1539 2802 1816 2846 opinaretur,
1848 2811 1950 2841 cor·

1058 2845 1252 2903 rigebat:
1283 2845 1492 2900 equitum
1528 2853 1720 2893 turmae
1746 2853 1951 2907 effudere

1060 2910 1108 2945 et
1142 2902 1367 2945 covinarii
1397 2910 1507 2954 etc„
1550 2903 1624 2948 vel
1660 2908 1808 2964 potius
1844 2918 1951 2956 tur-

1060 2974 1167 3003 mae
1219 2959 1396 3014 effusae
1445 2968 1490 3003 et
1535 2964 1771 3014 covz‘ttart‘z'.
1861 2969 1952 3013 Er-

1060 3017 1230 3061 nestius
1252 3016 1442 3060 malebat
1464 3034 1659 3074 erupere
1691 3039 1755 3068 sc.
1781 3025 1836 3069 ad
1860 3027 1950 3070 im-

1059 3083 1213 3133 petum
1246 3072 1536 3119 faciendum:
1578 3077 1670 3122 Alii
1694 3080 1777 3125 alia
1804 3091 1949 3127 tenta-

1058 3140 1191 3184 runt,
1248 3146 1359 3188 quae
1425 3132 1520 3176 vide
1580 3137 1697 3194 apud
1750 3138 1951 3187 Waleh.

1059 3209 1103 3250 p.
1126 3188 1413 3233 439.-446.
1479 3191 1539 3235 At
1574 3194 1949 3242 veroWalchius

1058 3247 1159 3293 satis
1182 3248 1315 3304 longa
1337 3245 1636 3305 disputatione
1658 3251 1948 3309 deploratum

1059 3321 1150 3350 esse
1199 3303 1319 3346 hunc
1368 3303 1519 3348 locum
1564 3316 1606 3350 et
1652 3308 1946 3356 dilaceratum

1059 3360 1289 3406 contendit
1313 3376 1506 3419 eumque
1529 3364 1595 3407 sic
1617 3381 1849 3422 persanare
1874 3386 1949 3414 co·

1058 3428 1211 3469 natur,
1242 3424 1290 3460 ut
1317 3420 1702 3465 emendationibus
1733 3439 1756 3466 a
1775 3440 1822 3467 se
1846 3442 1947 3485 pro·

1062 3475 1239 3535 positis:
1285 3475 1473 3519 interim
1506 3479 1746 3523 covinarii
1757 3482 1947 3538 fugere,

1059 3535 1264 3590 equitum
1306 3540 1497 3577 turmae
1527 3539 1736 3587 peditum
1766 3543 1950 3592 proelio

1058 3606 1110 3635 se
1133 3591 1257 3636 misc.
1294 3590 1389 3634 vel:
1423 3594 1622 3648 equitum
1659 3602 1849 3641 turmae
1860 3599 1949 3654 su-

1279 3651 1333 3709 N
