2150 4022
583 251 1108 317 DIALOGUS.
1193 250 1395 317 CAP.
1425 254 1494 317 ¹9.

1828 251 1959 313 ‘255

108 401 184 448 --et
198 407 350 467 quae
374 387 590 442 deinde
617 385 881 442 dicturus
910 402 1037 439 sum
1055 429 1070 451 ‚
1114 403 1287 439 aures
1313 395 1479 454 tuae,
1515 381 1786 441 Materne
1805 427 1822 452 ‚
1864 402 1960 438 re·-

106 483 366 550 .sp.uant,
409 472 505 528 cui
532 472 692 526 bono
722 482 836 538 est,
881 469 928 524 si
957 468 1114 542 apud
1140 480 1196 524 te
1224 466 1634 540 Agamemnon
1658 479 1758 524 aut
1785 466 1959 523 Iason

108 559 338 623 diserte
362 556 679 632 loquitur-P-
706 555 838 631 quis
866 555 998 609 ideo
1027 554 1272 608 domum
1297 555 1567 608 defensus
1592 565 1648 609 et
1672 554 1782 610 tibi
1806 553 1962 608 obli-

109 655 288 716 gatus
312 641 504 698 redit?

590 641 720 716 quis
745 639 1006 696 Saleium
1042 649 1340 706 nostrum,
1385 639 1678 711 egregium
1708 650 1961 713 poetam,

118 728 248 796 vel,
294 728 343 782 si
371 723 482 782 hoc
511 721 1000 781 honorificentius
1030 734 1143 790 est,
1200 723 1729 796 praeclarissimum
1770 734 1963 779 vatem

123 812 362 869 deducit
392 821 494 867 aut
532 812 745 867 salutat
777 822 878 867 aut
911 807 1322 884 prosequitur?
1372 827 1608 882 nempe,
1664 808 1713 862 si
1746 808 1967 864 amicus

127 898 294 966 eim,
383 896 433 951 si
487 896 894 971 propinqum,

122 981 423 1056 negotium
491 981 808 1051 inciderit,

123 1173 365 1230 scriptores
386 1179 438 1215 'et
462 1171 606 1229 graeci
630 1179 673 1216 et
695 1171 839 1216 latini.
901 1171 1010 1215 Uti-

124 1235 280 1274 litotes
309 1245 404 1272 non
425 1230 571 1272 solum
595 1231 711 1288 apud
738 1230 1007 1273 Ciceronem

122 1298 164 1332 et
182 1287 513 1343 Quintilianum
538 1296 688 1338 exstat,
709 1302 820 1343 quos
831 1284 1010 1330 Dronk.

123 1346 308 1396 adtulit,
356 1344 433 1386 sed
478 1344 596 1401 apud
627 1344 836 1388 Tacitum
876 1345 1010 1388 etiam

122 1404 214 1447 An.
236 1406 276 1456 1,
299 1403 368 1445 10.
395 1401 466 1445 59.
494 1401 552 1445 al.

180 1502 365 1547 deinde.
433 1500 538 1545 MS.
573 1502 675 1548 Vat.
714 1503 839 1548 1862.
874 1504 1008 1546 dein-

118 1575 251 1617 ceps.

180 1661 410 1704 Materne.
479 1659 595 1705 Edd.
626 1661 862 1718 pleraeque
895 1660 1011 1704 exhi-

122 1720 230 1763 bent
255 1734 283 1759 o
307 1719 544 1772 Materne,
583 1720 731 1775 quod,
773 1734 795 1761 a
821 1718 1010 1774 Bipont.

122 1775 304 1821 Schulz.
340 1773 495 1817 Oberl.
538 1777 779 1828 omissum,
831 1791 1009 1819 revoca·

120 1841 227 1879 runt
250 1831 440 1875 Seebod.
469 1830 644 1875 Dronk.
669 1833 840 1877 Osann.
864 1832 1006 1876 Orell.

119 1893 378 1949 [Rupert.];
434 1889 570 1931 malui
616 1891 846 1939 omittere,
903 1888 1006 1947 quia

120 1965 216 1992 non
240 1955 372 1991 exstat
395 1946 648 1990 exclamatio
674 1948 719 1990 in
746 1949 845 1991 MS.
863 1947 1006 2004 Neap-

121 2022 268 2062 neque
302 2020 401 2047 eam
434 2010 484 2046 ut
514 2019 733 2061 ponamus
767 2013 898 2063 cogat
931 2021 1008 2047 ne-

120 2064 299 2108 cessitas
334 2062 498 2119 aliqua.
561 2061 694 2111 [Item
730 2079 824 2107 om.
858 2063 1006 2105 Boett-

121 2128 166 2163 et
190 2119 226 2164 l.
250 2118 412 2171 Bekk„
452 2117 528 2176 qui
560 2135 583 2162 e
607 2119 747 2165 Farn.
769 2120 872 2165 cod.
896 2136 1007 2163 ma-

121 2187 283 2222 ternae
312 2177 495 2229 adfert.]

177 2279 252 2320 eui
269 2279 391 2319 bono
414 2285 507 2332 ese,
539 2279 595 2320 si.
637 2277 1007 2322 SicMSS.Farn.

121 2339 244 2391 (test.
269 2335 408 2391 Lips.)
443 2343 487 2376 et
507 2334 643 2392 Neap.
678 2343 722 2377 et
753 2336 855 2378 edd.
889 2353 913 2379 a
934 2335 1006 2379 Li·

121 2392 219 2451 psio
259 2407 432 2435 omnes.
484 2415 542 2424 —
614 2392 782 2434 Crebro
824 2401 894 2434 est
906 2425 919 2444 ,
969 2394 1014 2435 si

122 2447 225 2492 edd.
260 2447 380 2505 Spir.
417 2448 523 2493 Put.
552 2447 654 2491 Ber.
688 2449 787 2492 Riv.
814 2449 917 2493 Ale.
949 2474 1007 2483 -

125 2506 297 2548 Crebro
331 2506 419 2549 etsi
454 2506 553 2550 edd.
587 2505 792 2549 Rhenan.
831 2514 875 2549 et
908 2506 1009 2550 See-

121 2563 231 2608 bod.
257 2562 349 2619 (ed.
374 2565 490 2620 pn),
528 2563 604 2621 qui
627 2563 783 2606 eodem
809 2563 1008 2621 implici-

122 2628 194 2664 tus
227 2628 405 2662 tenetur
428 2636 606 2675 errore,
652 2636 744 2677 quo
771 2620 944 2664 Osann.
968 2629 1010 2666 et

119 2676 326 2732 Dronk.,
368 2676 620 2736 Lipsianam
647 2678 1010 2722 emendationem

122 2752 148 2780 e
176 2735 434 2778 coniectura
467 2743 610 2777 ortam
643 2751 761 2786 esse;
803 2751 887 2792 qua
917 2738 1010 2793 opi·

122 2793 257 2836 nione
285 2791 459 2836 Osann.
493 2792 703 2848 deceptus
735 2802 798 2835 est
831 2794 918 2841 sic,
959 2801 1010 2835 ut

124 2850 284 2892 eodem
321 2849 417 2890 iure
442 2851 519 2891 eui
537 2854 753 2904 prodest,
796 2851 841 2892 sl
860 2852 1007 2893 corri-

125 2908 320 2964 gendum
346 2905 543 2951 suadeat.
602 2906 672 2949 Tu
704 2907 808 2951 vide
830 2906 1008 2951 Cicero-

125 2978 232 3004 nem
262 2978 343 3018 pro
366 2963 530 3008 Milon.
554 2980 595 3008 c.
625 2966 719 3007 122
758 2966 915 3020 itaque
946 2965 1006 3006 il-

124 3021 208 3062 lud
234 3019 540 3068 Cassianum,
578 3023 676 3064 cui
702 3022 1006 3078 bonosae-

124 3078 202 3118 rit
218 3107 231 3124 ,
273 3077 320 3116 in
353 3078 423 3118 his
456 3082 660 3129 personis
692 3082 874 3121 valeat:
924 3078 1011 3122 etsi

123 3134 236 3174 boni
257 3135 386 3173 nullo
414 3137 727 3177 emolumento
761 3138 1011 3184 impellun-

125 3197 203 3241 tur
237 3192 285 3232 in
319 3190 573 3246 fraudem,
625 3194 830 3246 improbi
871 3209 1012 3247 saepe

120 3262 284 3346 plurim,
308 3255 350 3290 et
372 3246 443 3290 adi
465 3247 649 3306 interpr.
671 3250 726 3292 ad
741 3250 1010 3309 Cic.Agrar.

84 3344 87 3353 ,κ
167 3335 182 3356 2
235 3335 249 3349 ο

181 3403 399 3459 defensus
430 3411 476 3448 et
507 3406 594 3448 tibi
613 3406 859 3461 obligatum
921 3408 1007 3452 Co·

127 3460 276 3556 gulam
298 3469 340 3502 et
360 3470 460 3506 ante
481 3465 564 3505 tibi
585 3466 698 3506 male
718 3465 1007 3523 neglexerunt

168 3516 306 3616 ipont.
329 3516 504 3564 Schulz.
528 3519 686 3563 Oberl.
713 3521 1006 3571 Liinemann„

129 3589 173 3615 se
228 3583 345 3619 recte
370 3590 466 3619 eam
490 3578 613 3621 libris
637 3586 680 3621 et
698 3594 833 3622 manu
861 3595 1004 3624 exara-

985 893 1034 948 si
1093 892 1347 967 denique
1409 893 1532 967 ipse
1597 892 1660 946 in
1723 893 1966 969 aliquod

913 979 988 1035 ad
1059 973 1219 1036 hunc
1280 976 1622 1035 Secundum
1688 989 1966 1048 recurret,

1079 1167 1136 1212 tis
1177 1174 1221 1210 et
1257 1165 1481 1226 impressis
1513 1166 1753 1210 stabilitam
1786 1184 1969 1213 revoca·

1080 1233 1188 1269 runt
1217 1225 1507 1269 recentiores.
1568 1225 1626 1268 cf.
1652 1223 1771 1268 Plin.
1800 1226 1969 1284 Paneg.

1081 1283 1203 1332 028,
1217 1282 1261 1325 2.
1279 1286 1567 1338 populusque
1589 1284 1835 1326 Romanus
1855 1286 1968 1327 obti-

1079 1349 1218 1395 gaeus
1234 1356 1266 1381 a
1290 1342 1519 1384 tribunali
1536 1349 1644 1396 tuo,
1675 1356 1769 1384 non
1792 1355 1971 1384 exora-

1081 1406 1156 1441 tus
1179 1400 1386 1441 recessit.

1138 1499 1344 1542 Saleium
1406 1507 1624 1542 nostrum
1646 1533 1659 1556 ,
1736 1503 1971 1557 egregium

1077 1565 1290 1615 poetam.
1355 1555 1434 1599 Sic
1467 1558 1552 1614 leg.
1584 1574 1666 1615 pro
1699 1559 1850 1616 inepto
1881 1561 1966 1603 isto

1082 1631 1161 1675 per
1177 1622 1241 1657 tot
1255 1613 1392 1656 libros
1405 1613 1603 1672 vulgate,
1616 1617 1680 1664 S..
1691 1625 1970 1660 nostrorum

1081 1673 1316 1727 egregium
1342 1679 1551 1726 poetam.
1603 1674 1658 1716 F.
1691 1676 1749 1717 A.
1788 1673 1890 1716 W'o
1903 1676 1968 1730 lfi

1080 1728 1358 1774 Vermischte
1388 1727 1567 1772 Schrist.
1598 1746 1640 1787 p.
1674 1731 1769 1776 163.
1829 1731 1967 1774 Scili-

1080 1795 1151 1831 cet
1185 1795 1273 1829 tres
1309 1786 1410 1828 edd.
1445 1785 1622 1829 Ernest.
1653 1788 1830 1832 Schulz.
1863 1790 1969 1848 Rip.

1079 1845 1284 1887 vitiosam
1322 1843 1448 1893 illam
1486 1842 1728 1889 lectionem
1765 1847 1969 1891 exhibue-

1078 1910 1195 1944 rant.

1135 1991 1182 2031 si
1209 1988 1390 2030 amicus
1415 1988 1514 2029 eius
1535 2018 1653 2035 .....
1697 1990 1744 2031 si
1771 1993 1969 2047 denique

1077 2047 1174 2098 ipse
1199 2046 1248 2087 in
1271 2047 1463 2100 aliquod
1487 2052 1573 2087 etc.
1631 2045 1904 2107 Discrepant
1923 2050 1970 2095 in

1079 2105 1166 2148 hoc
1193 2104 1296 2146 loco
1322 2102 1423 2145 edd.
1450 2102 1687 2158 antiquae,
1720 2106 1879 2161 quibus
1903 2109 1967 2151 ni-

1078 2163 1216 2204 miam
1250 2160 1382 2202 fidem
1417 2159 1671 2202 tribuerunt
1696 2164 1969 2210 recentiores

1078 2216 1303 2262 nonnulli.
1340 2216 1454 2259 Edd.
1476 2227 1575 2260 ante
1587 2218 1786 2275 Lipsium
1811 2237 1969 2266 omnes

1080 2276 1333 2319 omiserunt
1383 2275 1508 2325 elus,
1568 2277 1690 2332 quod
1737 2294 1787 2319 ex
1832 2278 1969 2324 Fam.

1078 2333 1208 2383 cod.,
1235 2332 1306 2373 cui
1331 2331 1576 2374 adsentitur
1590 2333 1870 2392 MS.Neap.,
1893 2337 1967 2379 ina-

1080 2389 1203 2433 duxit
1243 2387 1419 2445 Lipsius
1465 2397 1507 2431 et
1552 2390 1763 2448 deinceps
1810 2408 1968 2437 omnes

1078 2454 1255 2504 praeter
1288 2445 1478 2488 Seebod.
1523 2447 1615 2501 (ed.
1653 2451 1740 2504 pr.)
1782 2449 1965 2496 Dronk.

1081 2505 1345 2551 Osannum,
1384 2504 1546 2560 quibus
1568 2504 1636 2546 vix
1664 2507 1967 2552 necessarium

1080 2561 1324 2604 videbatur.
1382 2562 1436 2604 ln
1459 2578 1559 2619 sqq.
1594 2560 1667 2605 ed.
1691 2562 1810 2620 Spir.
1843 2581 1966 2622 prae-

1080 2621 1155 2662 bet
1176 2619 1222 2659 si
1234 2617 1431 2672 denique
1450 2620 1497 2660 in
1517 2621 1717 2675 aliquod,
1745 2622 1845 2666 edd.
1862 2622 1965 2667 Put.

1081 2676 1183 2719 Riv.
1213 2675 1313 2717 Ber.
1337 2674 1437 2718 Ale.
1461 2675 1605 2718 Rhen.
1628 2677 1732 2721 Ald.
1762 2681 1808 2721 si
1833 2683 1965 2724 deni·

1081 2732 1354 2790 que-aliquis·
1379 2733 1429 2772 in
1451 2736 1665 2787 aliquod,
1697 2751 1808 2792 quae
1833 2738 1966 2783 codd.

1080 2789 1387 2834 auctoritatem
1411 2799 1623 2847 sequutus
1641 2790 1813 2850 Lipsius
1835 2795 1966 2837 refin-

1079 2848 1140 2890 xit
1172 2848 1218 2889 in
1252 2846 1324 2894 id,
1378 2848 1498 2903 quod
1534 2857 1686 2906 postea
1729 2849 1966 2908 vulgarunt

1080 2920 1236 2948 omnes
1277 2911 1320 2946 et
1360 2904 1480 2961 quod
1525 2921 1608 2948 nos
1653 2907 1963 2965 recipiendum

1079 2962 1298 3006 duximus.
1378 2961 1536 3018 Cogita
1576 2977 1703 3015 eum,
1764 2965 1841 3023 qui
1880 2982 1964 3023 pro

1078 3019 1251 3068 amico,
1278 3019 1557 3076 propinquo,
1587 3020 1780 3079 denique
1805 3039 1888 3080 pro
1918 3040 1965 3066 se

1076 3078 1174 3134 ipso
1202 3076 1248 3118 in
1274 3076 1416 3118 causis
1439 3076 1619 3133 agendis
1643 3080 1837 3122 consulit
1865 3096 1964 3123 ora·

1075 3144 1222 3178 torem
1290 3133 1474 3190 eiusque
1537 3150 1668 3191 opem
1734 3137 1962 3193 implorat.

1076 3189 1414 3234 Sehurzsseiseh.
1463 3192 1637 3235 volebat
1685 3194 1732 3236 si
1770 3197 1964 3250 denique

1076 3249 1220 3298 alius,
1250 3247 1325 3289 sed
1347 3247 1508 3292 fortius
1529 3257 1616 3300 est,
1641 3250 1762 3309 quod
1787 3251 1962 3309 vulgata

1080 3305 1324 3349 indicatur.

1134 3412 1360 3448 recurret.
1429 3405 1505 3449 Sic
1541 3406 1643 3449 libri
1684 3423 1867 3460 omnes,
1918 3418 1977 3453 et¹

1079 3461 1258 3520 quidem
1284 3471 1417 3506 recte.
1450 3464 1510 3507 cl'.
1527 3465 1686 3519 Quint.
1706 3465 1810 3508 lust.
1835 3482 1905 3510 or.
1923 3469 1965 3512 1.

1077 3531 1144 3578 pr'.
1172 3521 1214 3575 §.
1242 3519 1306 3563 17.
1331 3535 1454 3564 nunc
1477 3536 1658 3563 necesse
1688 3530 1756 3565 est
1788 3527 1854 3566 ad
1881 3540 1963 3568 eos·

1076 3579 1330 3631 aliquando
1349 3586 1559 3621 auctores
1578 3593 1844 3633 recurrere;
1862 3582 1962 3624 Sul-
