2150 4022
609 211 1135 348 nlALoGUS.
1182 232 1518 321 ‘cAqu
1848 258 1974 320 245

307 386 443 448 VII.
495 385 823 466 Equidem,
889 398 958 444 ut
993 388 1064 443 de
1104 407 1198 443 me
1234 387 1360 464 ipso
1399 390 1614 458 fatear,
1675 408 1799 444 non
1838 407 1984 444 eum

141 477 296 532 diem
329 474 631 531 laetiorem
668 472 815 547 egi‚·
846 493 964 548 quo
1001 467 1152 527 mihi
1183 473 1332 529 latus
1363 473 1559 530 clavus
1596 473 1829 530 oblatus
1869 484 1974 541 est,

139 562 230 616 vel
254 581 368 636 quo
397 556 575 614 homo
606 578 795 614 novus
827 570 882 615 et
906 558 969 612 in
999 556 1231 613 civitate
1259 558 1503 614 minime
1531 558 1841 614 favorabili
1865 578 1974 613 na-

135 658 230 702 tus
270 655 640 721 quaesturam
684 654 783 699 aut
827 643 1192 698 tribunatum
1233 653 1331 698 aut
1372 656 1705 716 praeturam
1750 642 1973 717 accepi:

137 750 314 807 quam
352 748 478 796 eOS,
534 728 749 804 quihus
777 723 925 782 mihi
949 747 1057 802 pro
1087 727 1487 800 mediocritate
1510 724 1689 783 huius
1718 734 1975 804 qnantu-

138 816 478 890 laecumque
504 813 568 868 in
611 813 862 868 dicendo
896 811 1187 868 facultatis
1223 823 1324 868 aut
1360 832 1528 868 reum
1560 818 1836 887 prospere
1870 813 1974 867 de-

134 900 373 956 fendere
399 910 500 955 aut
528 899 683 972 apud
710 896 1125 953 Centumv-iros
1155 916 1388 953 causam
1427 897 1685 973 aliquam
1723 897 1972 953 feliciter

137 1004 303 1041 orare
341 994 441 1039 aut
466 985 621 1056 apud
648 982 975 1058 principem
999 981 1155 1055 ipsos
1180 981 1314 1038 illos
1339 981 1584 1040 libertos
1611 992 1666 1037 et
1693 1002 1972 1056 procura-

136 1082 289 1126 tores
315 1067 829 1143 principum'tueri
855 1078 912 1124 et
939 1067 1250 1123 defendere
1273 1068 1463 1125 datur.
1549 1079 1674 1123 tum
1701 1062 1852 1121 mihi
1878 1086 1976 1122 su-

136 1174 242 1229 pra
275 1154 608 1210 tribunatus
638 1163 694 1209 et
720 1164 1022 1227 praeturas
1049 1163 1104 1209 et
1133 1151 1468 1208 consulatus
1500 1152 1852 1207 adscendere
1882 1151 1973 1205 vi-

139 1240 283 1295 deor
297 1283 314 1308 ,

194 1456 305 1502 CAP.
327 1457 371 1501 7.
430 1464 482 1500 ut
516 1461 575 1502 de
606 1474 682 1502 me
715 1459 819 1512 ipso
841 1455 1026 1512 fatear.

137 1514 213 1558 Sic
248 1514 382 1558 MSS.
421 1516 625 1570 [Farnes.
660 1524 694 1559 t.
730 1514 936 1568 Bekken]
983 1519 1028 1554 et

136 1571 306 1615 Vaticc.
331 1571 434 1614 edd.
451 1571 1026 1631 Rhen.A1d.Lips.Pith0e.

136 1628 394 1673 Heumann.
417 1631 610 1674 Seebod.
643 1630 805 1678 altera,
848 1626 1025 1671 Dronk.

138 1685 462 1732 Osaanrelt.
487 1690 547 1743 [et
567 1687 883 1741 Boetticher.].
940 1685 1024 1727 Ra-

137 1745 260 1787 tione
314 1741 361 1785 id
416 1745 667 1802 postulatur
724 1742 1027 1802 grammatica,

139 1800 241 1858 quia
264 1800 362 1855 ipse
387 1803 546 1844 eodem
569 1818 673 1846 casu
698 1809 828 1859 atque
851 1815 1022 1858 prono·

138 1874 239 1900 men
268 1858 504 1915 personale
530 1859 739 1916 ponitur,
775 1858 812 1901 si
843 1857 1020 1915 praedi-

137 1923 289 1958 catum
331 1915 390 1959 ita
432 1917 486 1958 ad
531 1916 746 1959 enuntiati
796 1915 1025 1958 obiectum

136 1972 356 2031 pertinet,
393 1982 440 2014 ut
471 1972 518 2016 id
549 1972 687 2016 cuivis
720 1972 794 2015 alii
829 1986 1027 2028 oppona-

136 2039 227 2073 tur.
286 2027 354 2072 Cf.
374 2030 519 2073 Beier.
543 2030 598 2073 ad
624 2029 721 2073 Cic.
757 2030 810 2071 de
840 2028 960 2071 offic.
987 2029 1026 2075 1,

137 2086 207 2137 58,
252 2085 348 2130 137.
410 2087 552 2130 Kritz.
601 2088 655 2130 ad
701 2085 881 2130 Sallust.
926 2084 1025 2128 Cat.

139 2160 179 2190 o.
209 2147 281 2196 20,
312 2144 355 2188 6.
388 2153 431 2187 et
463 2143 669 2202 inprimis
700 2143 947 2187 Hofmann.
977 2141 1025 2184 in

138 2202 261 2247 lahn.
296 2200 460 2244 Annal.
502 2201 659 2260 philol.
703 2209 746 2244 et
781 2201 1025 2260 paedagotv.

138 2275 182 2302 a.-
215 2258 339 2302 1828.
380 2257 478 2306 Vll,
514 2268 553 2300 t.
625 2291 636 2301 .
668 2258 742 2302 33.
812 2258 979 2314 Exemp
1002 2272 1026 2298 a

140 2316 300 2360 similia
324 2315 425 2358 vide
447 2316 565 2372 apud
618 2315 742 2359 ic.de
766 2315 838 2358 off.
856 2314 886 2356 Ι.
904 2315 931 2356 Ι.
949 2317 1026 2355 de·

127 2375 298 2431 forme
321 2378 387 2414 est
410 2374 553 2415 ctiam
577 2377 634 2414 de
654 2388 701 2415 se
724 2374 825 2426 ipso
844 2371 1025 2426 praedi-

142 2447 267 2479 care,
280 2429 341 2473 id.
357 2429 452 2472 Cat.
469 2429 571 2473 mai.
586 2444 626 2472 c.
641 2430 712 2483 23,
730 2431 800 2471 82.
816 2437 864 2470 uc
879 2432 937 2470 de
951 2442 1028 2468 me

142 2492 241 2543 ipso
271 2489 447 2541 aliquid
477 2501 609 2529 more
639 2501 806 2528 senum
834 2485 1026 2539 glorier,

142 2546 250 2592 ibid.
277 2561 318 2588 c.
342 2545 384 2592 9,
405 2544 475 2587 30.
505 2546 626 2586 nihil
653 2556 840 2586 necesse
874 2543 1028 2584 est-de

143 2618 220 2648 me
252 2604 351 2656 ipso
378 2602 545 2644 dicere.
615 2601 705 2644 Sed
736 2608 785 2643 ut
818 2598 1029 2642 omnibus

143 2661 231 2704 illis
259 2658 370 2702 iocis
404 2658 701 2716 discrepantia
738 2664 802 2700 est
831 2657 1031 2714 scriptu-

145 2731 247 2769 rae,
285 2716 344 2759 ita
379 2714 421 2757 h.
449 2714 480 2757 l.
508 2716 610 2759 edd.
647 2715 851 2772 antiquae
887 2721 927 2756 et
950 2712 1031 2754 Pi·-

146 2775 275 2819 chen.
328 2773 546 2830 Bel-negg.
597 2769 799 2816 Gronov.
845 2769 1028 2813 Schulz.

145 2829 352 2876 Oberlin.
388 2829 581 2873 Seebod.
627 2845 697 2886 pr.
732 2827 928 2872 Walcb.
975 2827 1029 2869 ad

148 2887 298 2944 Agr-ic.
328 2903 376 2945 P.
398 2885 495 2929 357.
534 2887 590 2939 [l.
613 2885 800 2929 Bekker.
828 2893 870 2928 et
891 2883 1030 2942 Rup.]

149 2945 351 2987 exhibent
374 2945 493 2998 ipse,
537 2944 661 3003 quod
688 2944 735 2987 in
758 2944 861 2988 MS.
889 2942 1033 3000 Neap.

147 3009 316 3045 exstare
339 3000 530 3049 videtur.

206 3117 255 3158 in
297 3115 478 3157 ciuitate
528 3115 716 3157 minime
756 3110 1033 3170 favorabili.

150 3169 732 3227 Adiectivumsavorabilis
752 3173 868 3214 bene
895 3170 1034 3228 expli·

151 3231 242 3274 cuit
266 3226 470 3272 Dronk.:
507 3229 580 3272 cui
606 3229 806 3284 favetur,
883 3227 926 3269 ui
954 3228 1037 3269 ha-

60 3286 69 3305 *
151 3287 227 3331 bet
271 3287 470 3328 favorem
525 3285 778 3328 hominum.
849 3244 1036 3326 (iiodem

152 3351 392 3401 usurpatur
428 3342 676 3400 significatu
721 3341 836 3400 apud
872 3342 1035 3397 Quint.

153 3401 263 3444 lust.
287 3417 355 3443 or.
375 3402 443 3448 11,
462 3402 584 3454 1‚42.
618 3401 743 3450 124,
759 3399 829 3442 74.
854 3407 897 3441 et
920 3397 1037 3455 apud

153 3456 265 3501 alios
315 3473 493 3516 quoque
546 3456 765 3500 citerioris
814 3455 1039 3499 latinitatis

155 3513 416 3574 scriptores,
451 3513 568 3557 velut
591 3514 708 3570 apud
730 3512 888 3558 Vellei.
906 3514 948 3563 2,
967 3509 1040 3553 34.

154 3571 230 3616 40.
289 3570 402 3616 vide
421 3572 652 3631 Spalding.
677 3570 732 3615 ad
753 3571 915 3628 Quint.
935 3569 1042 3613 inst.

401 1249 527 1295 tum
580 1233 797 1294 habere
811 1283 829 1307 ‚
898 1237 1058 1314 quod
1073 1281 1089 1306 ‚

1163 1230 1261 1292 *si
1315 1256 1441 1293 non
1496 1236 1561 1293 in
1618 1235 1735 1293 alio
1791 1235 1981 1293 oritur

1097 1472 1166 1502 or.
1184 1458 1280 1508 4,1,
1296 1457 1391 1510 ΞΟ.;
1420 1455 1463 1512 4,
1486 1454 1528 1507 3,
1553 1459 1591 1500 1.
1649 1455 1904 1501 Frotscher.
1929 1456 1983 1499 ad

1097 1515 1241 1560 eiusd.
1277 1514 1355 1558 lib.
1385 1514 1547 1558 decim.
1572 1530 1616 1572 p.
1641 1515 1737 1557 190.
1798 1514 1850 1557 In
1878 1514 1983 1556 uni-

1096 1590 1279 1618 versum
1308 1572 1589 1618 monendum
1616 1580 1704 1624 est,
1741 1569 1982 1614 Goerenzii

1096 1631 1151 1675 ad
1168 1631 1261 1675 Cic.
1276 1630 1492 1672 Academ.
1507 1631 1546 1677 1,
1563 1632 1627 1680 11,
1639 1630 1709 1672 41.
1724 1628 1982 1686 disputatio·

1097 1704 1200 1730 nem
1225 1687 1278 1730 de
1300 1686 1505 1732 adiectiv.
1529 1686 1574 1729 in
1597 1687 1699 1730 bilis
1722 1685 1983 1728 exeuntibus

1097 1761 1189 1788 non
1213 1743 1482 1788 satisfacere.
1511 1767 1570 1776 —
1608 1744 1813 1787 Fuerunt
1834 1750 1985 1784 autem

1097 1800 1183 1847 Iul.
1207 1801 1442 1845 Secundus
1467 1809 1509 1844 et
1526 1801 1594 1844 M.
1617 1802 1739 1859 Aper
1760 1808 1803 1843 et
1825 1797 1985 1843 Curia-

1098 1860 1186 1902 tius
1221 1859 1453 1901 Maternus
1486 1857 1604 1901 Galli
1640 1856 1726 1912 (cf.
1756 1872 1855 1914 cap.
1882 1858 1988 1911 lo),

1100 1932 1212 1973 quos
1236 1915 1450 1958 Romanis
1482 1915 1653 1962 invisos
1681 1914 1820 1957 fuisse
1853 1913 1987 1973 docet

1096 1973 1241 2018 Tacit.
1266 1968 1361 2020 An(
1381 1974 1447 2024 11,
1470 1972 1543 2016 23.

1153 2064 1310 2100 natus.
1369 2054 1734 2114 Edd.,Spir.Put.
1755 2053 1858 2098 Riv.
1880 2053 1984 2097 Ber.

1098 2114 1200 2158 Alc.
1243 2113 1385 2158 Rhen.
1424 2111 1532 2157 Ald.
1578 2113 1738 2160 vitiose
1783 2111 2002 2155 exhibent.

1096 2181 1275 2216 nactus.

1915 2251 1989 2295 De

1156 2258 1344 2299 libertos
1394 2262 1439 2297 et
1486 2259 1830 2309 procuratores.

1099 2311 1468 2414 pgocxuratlcgilggs
1491 2311 1589 2355 vide
1608 2318 1840 2358 auctores,
1872 2324 1989 2407 que-s

1101 2390 1110 2396 -
1232 2387 1276 2412 n.
1360 2402 1371 2418 ‚
1451 2401 1461 2411 .
1497 2386 1542 2411 se
1576 2377 1710 2411 uutus
1739 2382 1856 2409 sum.
1953 2383 1987 2408 ι·

1099 2390 1277 2471 liertum
1305 2435 1345 2468 et
1370 2385 1711 2483 procur-altorem
1733 2423 1867 2466 habes
1889 2423 1988 2466 Ma·

1099 2486 1266 2527 ximum
1307 2483 1426 2540 apud
1460 2483 1577 2525 Ptin.
1614 2481 1754 2538 Epist.
1797 2484 1863 2536 10,
1891 2481 1996 2533 36.;

1099 2538 1298 2598 exempla
1355 2556 1511 2583 eorum
1567 2538 1684 2596 apud
1732 2536 1986 2595 principem

1100 2599 1388 2641 defensorum
1444 2597 1616 2641 exhibet
1669 2595 1790 2639 idem
1843 2594 1987 2654 Epist.

1099 2658 1141 2705 6,
1165 2656 1237 2699 Sl.
1265 2662 1307 2698 et
1331 2658 1399 2706 10,
1416 2655 1458 2697 7.

1159 2738 1282 2781 tueri
1309 2745 1354 2779 et
1383 2737 1649 2794 defendere.
1709 2736 1740 2780 S
1774 2732 1988 2794 nonyrna,

1101 2804 1151 2839 ut
1175 2795 1292 2853 apud
1314 2793 1411 2838 Cic.
1437 2794 1489 2837 ad
1514 2793 1618 2837 fam.
1644 2793 1711 2846 13,
1762 2794 1802 2845 4,
1827 2795 1866 2836 1.
1891 2795 1986 2848 Ny-

1100 2867 1259 2907 saeos,
1301 2866 1414 2907 quos
1435 2854 1562 2894 Nero
1587 2854 1634 2893 in
1654 2853 1821 2906 primis
1849 2853 1990 2893 habet

1101 2911 1385 2954 neaessar1·0s
1418 2910 1849 2965 diligentissimeque
1885 2914 1991 2950 tue-

1104 2977 1183 3011 tur
1204 2982 1260 3009 ac.
1281 2965 1486 3022 defendit
1497 2983 1513 3018 ς
1551 2966 1606 3008 de
1632 2975 1744 3010 orat.
1761 2965 1989 3017 1,38‚172.

1099 3039 1235 3082 posse
1265 3039 1317 3066 se
1335 3023 1481 3079 facile
1509 3025 1674 3066 ceteris
1698 3024 1852 3066 armis
1867 3037 1990 3077 pru-

1105 3083 1292 3125 dentiae
1343 3081 1465 3124 tueri
1517 3087 1660 3137 atque
1715 3080 1993 3136 defendere,-

1106 3138 1248 3183 Tacit.
1273 3138 1327 3180 de
1351 3136 1508 3181 Germ.
1534 3154 1574 3182 c.
1590 3140 1657 3181 14.
1681 3138 1813 3179 illum
1832 3135 1990 3191 defen·
2012 3159 2026 3167 ν’

1106 3201 1219 3239 dere
1233 3228 1244 3245 ,
1273 3196 1396 3238 tueri
1415 3225 1427 3238 .
1504 3196 1808 3250 praecipuum
1829 3207 1990 3237 sacra-

1107 3260 1319 3295 mentum
1359 3259 1456 3308 est,
1504 3268 1618 3310 quos
1650 3251 1776 3296 locos
1812 3249 1993 3307 collegit

1107 3308 1450 3366 Wopkeusius.

1165 3400 1267 3435 tum
1292 3394 1464 3437 habere
1478 3427 1491 3450 ,
1533 3395 1683 3448 quod,
1723 3391 1807 3434 *si
1827 3405 1920 3433 non
1942 3391 1991 3432 in

1108 3452 1203 3494 alio
1243 3452 1407 3495 oritur.
1485 3451 1632 3494 Locus
1673 3448 1992 3498 vexatissimus.

1109 3507 1359 3551 multorum
1380 3508 1585 3555 virorum
1605 3508 1846 3549 doctorum
1878 3521 1994 3548 con-

1110 3564 1293 3611 tectoria
1351 3565 1586 3611 mendatus
1650 3562 1801 3623 potius
1859 3577 1993 3620 quam
