2150 4022
591 311 1124 376 n1ALoGUs.
1207 294 1403 381 cA'P.
1436 316 1499 379 σ.
1840 319 1968 379 243

124 451 449 523 adfectum,
493 445 904 523 quemcunque
932 455 1133 501 orator
1160 444 1454 503 induerit!
1499 444 1732 520 vulgat-a
1763 447 1966 505 dicen-

126 536 276 592 tium
296 531 514 606 ’gaudia
542 541 599 587 et
624 531 1033 605 imperitorum
1060 549 1294 604 qnoque
1325 530 1512 587 oculis
1543 531 1800 607 exposita
1832 554 1969 608 per-

128 638 352 676 censeo,
442 615 552 673 Illa
588 615 899 671 secretiora
940 625 998 671 et
1035 624 1266 669 tantum
1310 614 1450 688 ipsis
1486 617 1793 674 orantibus
1830 631 1973 678 nota

120 703 351 774 *maiora
417 711 572 759 sunt.
683 700 805 755 sive
863 710 1189 755 accuratam
1241 700 1696 776 meditatamque
1749 704 1975 777 profert

56 824 58 826 >
127 787 487 856 orationem,
543 796 627 842 est
656 785 954 861 quoddam
981 784 1130 839 sicut
1158 783 1340 857 ipsius
1368 785 1643 842 dictionis
1668 786 1747 843 ita
1770 789 1973 860 gaudii

126 874 360 948 pondus
399 883 456 928 et
496 870 849 927 constantia:
916 869 1038 925 sive
1086 888 1301 924 novam
1343 880 1400 927 et
1433 881 1728 927 recentem
1769 893 1971 930 curam

125 1066 325 1114 duntur,
363 1062 475 1107 ibid.
513 1062 578 1110 12,
613 1062 685 1105 27.
723 1063 801 1104 vel
830 1059 1022 1113 dilapsis

125 1120 879 1175 improvisicircumfunderentur.
901 1115 1019 1159 Plin.

125 1177 270 1236 Epist.
286 1178 333 1228 7,
357 1177 425 1228 17,
447 1178 491 1225 9,
518 1192 688 1221 corona
710 1176 932 1230 diffusior.
958 1195 1018 1206 —

125 1235 214 1279 Ed.
246 1234 364 1292 Spir.
408 1237 560 1277 cohire
595 1237 751 1288 popul.
798 1241 842 1277 et
881 1231 1016 1290 paulo

128 1301 231 1352 post
251 1292 405 1346 accipe
431 1308 513 1350 pro
538 1294 762 1345 accipere.

187 1390 500 1431 quemcunque
565 1382 732 1417 orator
797 1374 1014 1416 induerit.

127 1433 206 1477 Sic
258 1431 394 1476 MSS.
446 1433 583 1476 Farn.
636 1440 680 1474 et
733 1431 920 1489 Neapol.
975 1437 1018 1473 et

127 1490 326 1548 Lipsius,
376 1504 511 1546 quem
554 1499 804 1547 sequuntur
841 1487 1017 1531 Pithoe.

125 1548 346 1603 Bernegg.
392 1555 435 1589 et
479 1563 577 1605 sqq.
634 1562 790 1588 omnes
843 1553 1017 1604 praeter

130 1605 318 1649 Seebod.
341 1603 518 1647 Dronk.
543 1614 584 1646 et
611 1603 808 1654 Osann.,
840 1602 915 1660 qui
939 1617 1016 1645 an·

128 1662 353 1720 tiquarum
400 1661 500 1704 edd.
544 1661 815 1718 scripturam
859 1675 1018 1703 corru—

129 1729 253 1778 ptam
283 1733 551 1774 quacunque
575 1718 781 1772 (Seebod.
814 1731 1020 1772 quocun..

131 1779 235 1833 que)
257 1783 424 1817 orator
442 1776 684 1817 induxerit
707 1775 1020 1818 restituerunt.

132 1834 221 1879 Sed
244 1831 351 1876 nihil
370 1840 435 1875 est
457 1832 578 1890 quod
599 1833 646 1875 in
667 1831 801 1875 codd.
827 1830 1020 1874 lectione

132 1907 218 1934 nos
264 1889 492 1942 offendat3
589 1905 718 1946 saepe
767 1889 889 1931 enim
948 1889 1020 1928 in-

131 1952 278 1991 duere
303 1946 468 1990 dicitur
501 1946 555 1989 de
585 1945 857 1994 adfectibus,
898 1945 1022 1989 velut

130 2006 243 2049 Hist.
271 2004 312 2054 4,
339 2003 410 2047 38.
435 2004 598 2059 salsos
623 2017 830 2057 pavores
865 2004 1021 2044 indue-

131 2070 239 2115 rat;
289 2060 450 2116 Quint.
485 2061 589 2104 lnst.
630 2076 698 2102 or.
738 2060 808 2110 12,
848 2061 915 2111 11,
950 2062 1020 2104 11.

133 2135 277 2177 quam
311 2117 425 2172 (scil.
456 2118 752 2170 voluntatem)
797 2117 877 2173 qui
908 2131 1022 2160 vera

121 2179 224 2236 fide
267 2174 484 2219 induerit.
563 2174 700 2218 Recte
742 2175 877 2232 igitur
915 2190 1022 2218 eum

135 2233 433 2290 Oudendorp.
475 2231 530 2274 ad
568 2231 702 2289 Apul.
738 2233 926 2277 Metam.
962 2231 1022 2274 ll.

169 2324 180 2336 .
204 2291 301 2334 168.
334 2289 442 2332 illud
476 2288 776 2332 defenderunt
800 2288 944 2334 Orell.
982 2295 1024 2331 et

131 2309 377 2395 generas.
406 2344 569 2389 Aliena
586 2347 639 2388 ad
656 2347 880 2404 vulgatam
899 2355 1024 2389 tuen-

135 2407 240 2451 dam
274 2401 463 2461 protulit
484 2401 542 2445 G.
567 2403 714 2446 lacob.
751 2404 797 2445 in
820 2402 1026 2445 Addend.

137 2464 209 2509 ed.
242 2459 418 2504 Dronk.
455 2476 500 2518 p.
533 2458 635 2502 244.
708 2458 940 2502 Vocabula
976 2474 1026 2501 ea

137 2518 312 2578 saepius
349 2516 537 2560 confusa
572 2532 666 2559 esse
708 2515 862 2559 docuit
893 2515 1023 2572 Spal-

138 2578 263 2635 ding.
298 2575 352 2618 ad
391 2573 549 2630 Quint.
580 2573 687 2615 lnst.
721 2590 790 2615 or.
822 2573 863 2620 5,
886 2574 927 2623 7,
956 2575 1023 2615 11.

137 2642 234 2679 not.
277 2631 376 2675 crit.
461 2630 593 2675 Levis
646 2638 710 2672 est
762 2629 1023 2673 coniectura

139 2687 481 2738 Schurzfleisch.
512 2688 807 2742 respexerit,
848 2688 923 2743 qui
961 2688 1025 2728 in·

138 2749 339 2806 telligere
349 2745 555 2788 Tacitum
575 2746 784 2803 opinatur
800 2745 1026 2788 adfectum

139 2804 297 2867 populi
382 2810 424 2846 et
505 2802 849 2846 acclamationes
926 2810 1027 2844 tum

142 2863 374 2911 solennes,
419 2859 581 2919 quibus
619 2873 711 2910 „os
739 2860 906 2914 populi
933 2873 1028 2900 me·

142 2922 389 2967 rebantur,
449 2925 501 2961 ut
552 2917 614 2960 ait
653 2915 860 2969 Persius,
924 2931 1027 2960 ora-

145 2976 330 3021 tores-'⁹

199 3061 394 3114 vulgata
424 3057 675 3099 dicentium
709 3057 884 3111 gaudia
907 3087 919 3099 .
946 3089 955 3099 .
980 3087 991 3100 .
1016 3085 1030 3098 .

139 3130 402 3176 percenseo,
459 3112 536 3158 Sic
568 3111 701 3158 MSS.
725 3114 862 3170 Neap.
890 3114 1030 3156 Farn-

145 3175 249 3220 edd.
284 3172 400 3230 Spir.
432 3170 536 3214 Put.
573 3171 689 3228 Isips.
728 3187 923 3228 eumque
967 3186 1030 3212 se-

147 3238 346 3290 quentes.
403 3227 480 3271 Sic
516 3227 678 3283 Quint.
710 3227 829 3274 Inst.
853 3243 922 3270 or.
965 3229 1032 3277 10,

144 3291 187 3341 2,
210 3290 252 3332 8.
274 3303 329 3330 ac
351 3285 395 3329 si
422 3285 584 3327 omnia
609 3299 880 3339 percenseas
893 3302 927 3336 ,ν
948 3284 987 3325 T
989 3300 1030 3326 a-

147 3347 221 3392 cit.
241 3346 332 3389 An.
349 3344 392 3392 4,
414 3342 458 3384 4.
483 3345 830 3397 percensuitque
857 3344 1032 3384 cursim

145 3416 396 3447 numerum
426 3401 656 3454 legionum
689 3406 734 3441 et
770 3414 888 3453 quas
913 3414 1034 3454 pro-

148 3460 318 3502 va'ncius
360 3464 648 3498 tutarentur.
727 3455 799 3499 Ad
836 3471 932 3498 rem
971 3455 1032 3499 cf.

149 3516 268 3558 Ptin.
306 3513 444 3572 Epist.
467 3514 505 3564 3,
531 3514 572 3561 3,
593 3513 636 3555 6.
671 3521 899 3568 quantum
932 3516 1031 3555 elo-

149 3571 342 3629 quentia
375 3573 553 3626 valeut,
599 3570 816 3625 pluribus
850 3574 1031 3612 credere

145 3637 281 3686 potes
307 3643 321 3670 .·
401 3642 518 3670 nam
586 3628 768 3671 dicendi
817 3628 1032 3683 facultas

1091 1064 1257 1111 operta
1276 1063 1322 1098 et
1343 1053 1559 1111 exposita
1575 1059 1735 1101 statim
1756 1063 1976 1107 cernitur.

1090 1113 1346 1166 Sententia,
1383 1122 1434 1156 ut
1455 1109 1618 1154 Orellii
1643 1117 1774 1159 verba
1800 1118 1976 1162 adscri-

1088 1172 1207 1220 bam,
1229 1171 1336 1214 haec
1353 1180 1441 1214 est:
1464 1176 1718 1225 togatorum
1739 1176 1976 1220 comitatus

1088 1236 1132 1271 et
1165 1244 1390 1287 egressus,
1428 1228 1476 1271 in
1509 1226 1684 1272 iudiciis
1719 1232 1978 1276 veneratio-

1086 1302 1194 1328 nem
1211 1319 1224 1338 ,
1285 1285 1443 1344 populi
1485 1282 1696 1328 laetitiam
1736 1288 1977 1348 variosque

1089 1344 1269 1386 affectus
1291 1358 1429 1400 quum
1453 1356 1684 1393 memoro,
1715 1345 1891 1403 vulgata
1914 1347 1978 1391 di-

1090 1401 1291 1443 centium
1346 1398 1504 1457 gaudia
1563 1409 1606 1442 et
1664 1402 1980 1460 imperitorum

1090 1473 1270 1515 quoque
1310 1457 1453 1501 oculis
1490 1458 1682 1514 exposita
1714 1475 1980 1515 percenseo,

1088 1515 1134 1559 id
1163 1524 1253 1565 est,
1281 1529 1522 1558 enumero:
1553 1515 1630 1558 sed
1653 1517 1786 1574 longe
1807 1520 1980 1564 maiora

1088 1580 1193 1615 sunt
1224 1580 1309 1616 etc.
1371 1572 1421 1613 ln
1454 1571 1531 1614 tali
1564 1574 1808 1616 verborum
1843 1584 1885 1618 et
1911 1594 1982 1621 re·

1089 1645 1192 1672 rum
1233 1628 1547 1687 perspicuitate
1590 1632 1823 1687 quomodo
1866 1634 1979 1678 See-

1089 1687 1197 1730 hod.
1214 1685 1388 1729 Dronk.
1405 1686 1575 1730 Osann.
1588 1720 1600 1738 ,
1630 1687 1881 1746 Tyrwhitto
1903 1691 1980 1735 ad-

1090 1744 1334 1790 sentiente,
1377 1743 1431 1786 ad
1468 1743 1569 1788 edd.
1602 1745 1705 1789 Ber.
1736 1746 1839 1791 Ale.
1872 1748 1981 1793 Ald.

1090 1800 1237 1844 Rhen.
1284 1800 1588 1858 corruptelam
1621 1817 1776 1858 parva
1820 1820 1982 1849 censeo

1091 1874 1324 1901 recurrere
1338 1857 1383 1900 in
1396 1874 1534 1916 eaque
1546 1859 1802 1918 exquisitius
1814 1862 1983 1919 aliquid

1092 1914 1438 1964 etreeonditius
1465 1932 1707 1974 agnoscere
1769 1919 1984 1971 otuerint,

1093 1971 1300 2030 equidem
1317 1987 1410 2014 non
1433 1973 1669 2031 adsequor.
1712 1934 1867 2032 §eque
1889 1992 1982 2019 ma-

1093 2031 1157 2088 gis
1180 2029 1424 2073 audiendus
1443 2032 1690 2076 estAcidal.
1705 2064 1717 2082 ,
1751 2034 1826 2090 qui
1849 2034 1986 2078 verba

1092 2102 1189 2144 sqq.
1204 2089 1387 2127 maiora
1402 2096 1510 2129 sunt
1531 2089 1719 2132 delenda
1742 2099 1907 2135 censet.
1927 2114 1986 2124 —-

1093 2145 1323 2200 Frequens
1346 2154 1408 2187 est
1430 2144 1476 2187 in
1496 2145 1584 2190 hoc
1606 2146 1756 2190 libello
1777 2148 1934 2205 partici
1972 2179 1987 2192 .

1093 2217 1237 2302 praes.
1268 2217 1371 2244 usus
1395 2218 1476 2259 pro
1503 2204 1817 2258 substantivis,
1846 2204 1913 2250 sic
1938 2163 1985 2249 E.

1115 2291 1126 2302 .
1161 2260 1335 2313 orans,
1380 2275 1419 2303 c.
1443 2259 1509 2303 13.
1533 2262 1799 2314 imperans,
1843 2278 1884 2306 c.
1906 2261 1984 2308 20.

1095 2316 1328 2370 iudicans,
1365 2332 1404 2359 c.
1415 2317 1482 2359 28.
1502 2320 1821 2374 praec-spiens,
1858 2319 1985 2364 c.30.

1089 2375 1317 2428 audiens,
1366 2389 1405 2416 c.
1427 2373 1499 2418 41.
1530 2389 1702 2428 regens
1737 2383 1781 2418 et
1814 2392 1987 2431 cogno-

1098 2444 1266 2497 scens&
1310 2429 1472 2485 Quint.
1509 2432 1618 2476 Inst.
1652 2449 1722 2477 or.
1761 2438 1801 2484 1,
1835 2435 1878 2485 2,
1911 2433 1984 2479 31.

1095 2495 1286 2529 orantzs
1309 2501 1420 2530 vox.

1148 2568 1331 2623 profert
1353 2571 1633 2616 orationem.
1694 2570 1773 2616 Sic
1784 2571 1886 2617 MS.
1899 2574 1986 2619 Va-

1093 2626 1171 2669 tic.
1198 2627 1321 2669 1862.
1342 2627 1442 2670 edd.
1460 2628 1636 2671 Dronk.
1654 2628 1825 2672 Osann.
1841 2630 1986 2676 Orell.

1100 2682 1258 2739 [ssekk.
1296 2692 1337 2725 et
1364 2685 1608 2738 Boettich.]
1653 2710 1708 2720 -
1736 2717 1740 2721 -
1763 2688 1986 2743 proferre

1099 2747 1223 2783 orat.
1261 2741 1358 2784 MS.
1391 2741 1492 2785 Vat.
1526 2743 1650 2787 1518.
1693 2767 1750 2777 --
1805 2748 1986 2802 perfert

1098 2813 1166 2839 or.
1193 2798 1326 2841 MSS.
1349 2797 1492 2856 Neap.
1517 2802 1583 2850 [et
1604 2798 1764 2858 Far'n.]
1798 2826 1849 2835 -·
1893 2807 1984 2846 ad—

1086 2856 1190 2913 sere
1241 2869 1313 2898 or.
1366 2856 1469 2899 libri
1517 2873 1658 2915 usque
1709 2861 1763 2902 ad
1807 2859 1990 2905 Dronk.

1100 2929 1254 2956 omnes
1275 2936 1331 2944 —
1348 2913 1451 2967 fert
1472 2929 1542 2957 or.
1558 2914 1660 2958 MS.
1675 2915 1774 2960 Vat.
1790 2917 1988 2960 4498.-

1098 2970 1190 3012 Pro
1238 2973 1474 3024 quoddam
1522 2972 1592 3017 ed.
1639 2973 1757 3032 Spir.
1801 2974 1987 3033 praebet

1100 3029 1307 3083 quidum.

1155 3111 1252 3152 sive
1273 3126 1444 3154 novom
1472 3122 1515 3156 el
1539 3123 1771 3158 recentem
1802 3129 1987 3157 curam.

1103 3167 1227 3210 Cura
1250 3184 1332 3225 pro
1358 3171 1512 3226 quovis
1538 3172 1707 3230 scripto
1735 3172 1987 3228 imprimis·

1101 3241 1188 3323 w
1210 3226 1263 3268 de
1286 3227 1488 3270 oratione
1513 3228 1688 3271 dicitur.
1746 3228 1858 3271 Vide
1874 3229 1918 3272 F.
1934 3229 1990 3272 A.

1189 3282 1267 3324 olf.
1290 3283 1344 3325 ad
1369 3282 1464 3329 Cic.
1488 3284 1621 3329 Tu‘sc.
1646 3286 1759 3343 disp.
1785 3285 1822 3326 5.
1859 3286 1987 3340 §.69.

1103 3338 1246 3382 Tacit.
1272 3341 1355 3383 An.
1375 3341 1417 3389 4,
1437 3343 1477 3384 2.
1513 3358 1709 3397 quorum
1740 3344 1788 3383 in
1819 3354 2002 3385 manus»

1104 3410 1216 3439 cura
1247 3405 1413 3440 nostru
1446 3401 1650 3450 venerit,
1690 3399 1750 3441 ib.
1777 3398 1817 3446 3,
1843 3399 1912 3441 24.
1946 3399 1993 3441 si

1098 3456 1258 3508 plures
1279 3457 1346 3495 ad
1367 3471 1503 3499 curas
1533 3458 1677 3498 'vitam
1703 3459 1991 3507 produxero.

1102 3509 1320 3553 Sollicitat
1376 3512 1492 3557 hanc
1538 3529 1696 3558 vocem
1746 3512 1989 3564 Acidalius,

1102 3583 1207 3611 cum
1238 3568 1340 3626 quia
1377 3586 1425 3613 ex
1460 3569 1826 3627 praecedentibus
1858 3568 1990 3613 facile

1101 3622 1360 3682 suppleatur
1380 3632 1560 3679 oratio,
1602 3636 1697 3670 tum
1723 3629 1823 3684 quia
1850 3640 1992 3670 curae

1262 3688 1397 3760 (22
