2150 4022
638 262 1157 340 DIALOGUS.
1244 266 1442 328 CAP.
1481 270 1538 326 s.

1885 270 2009 326 2239

170 397 256 453 tui
283 394 478 451 ames?
533 414 611 450 an
637 393 769 451 ideo
799 393 1020 450 librum
1053 393 1231 450 istum
1259 393 1735 471 adprehendisti,
1778 408 1845 453 ut
1869 399 2009 465 dili-

167 479 397 554 gentius
429 490 797 548 retractareS,
851 491 906 536 et
935 479 1207 549 sublatiS,
1260 482 1309 536 si
1339 503 1454 558 qua
1479 502 1692 557 pravae
1716 481 2007 557 interpre-

165 565 375 623 tationi
436 566 743 621 materiam
806 565 1131 634 dederunt,
1207 566 1502 623 emitteres
1544 564 1828 624 Catonem
1882 587 2005 624 non
2085 622 2093 639 ⁸

166 649 405 727 quidem
426 650 759 718 meliorem,
795 651 897 706 sed
924 660 1121 706 tamen
1149 651 1542 707 securiorem?

335 784 494 842 Tum
536 785 666 853 ille,
721 782 904 857 Leges
943 784 1084 861 quid
1110 783 1420 842 Maternus
1453 785 1568 842 sihi
1596 787 1897 862 debuerit,
1956 801 2009 844 et

220 1002 580 1056 adprehendisti.
638 999 715 1043 Sic
737 1016 761 1042 e
783 999 917 1043 MSS.
943 998 1053 1042 Nea·

166 1061 256 1117 pol.
289 1069 332 1103 et
357 1059 542 1102 Fax-nes.
576 1060 706 1112 (teste
737 1057 910 1114 Lipsio)
945 1056 1052 1100 scri·

164 1117 366 1160 bendum
403 1132 496 1159 esse
533 1125 664 1174 put0,
704 1115 753 1158 in
783 1114 905 1157 idem
940 1113 1049 1157 inci·

164 1175 292 1219 derat
314 1173 553 1230 aliquando
571 1173 814 1216 Rhenanus
829 1205 841 1222 ,
870 1187 1050 1228 recepe·

164 1241 270 1276 runt
298 1231 498 1289 Lipsius,
539 1231 810 1329 Bernegfier.
846 1227 1052 1272 Gronov.

162 1291 339 1333 Broter.
352 1290 528 1332 Ernest.
546 1288 704 1332 Oberl.
757 1287 896 1344 ipont.
910 1284 1052 1329 Orell.

164 1349 270 1400 [lm.
286 1346 425 1391 Bekk.
438 1346 582 1389 Boett.
620 1369 674 1378 —
695 1344 1048 1399 deprehendisti,

163 1404 284 1463 quod
307 1403 513 1447 exhibent
536 1420 559 1446 e
594 1404 636 1446 d.
661 1403 871 1459 antiquae
897 1409 940 1444 et
962 1417 1051 1444 nu·-

163 1478 242 1520 per
266 1460 460 1504 Seebod.
487 1459 666 1504 Dronk.
701 1469 743 1503 et
765 1459 938 1503 Osann.
971 1459 1052 1501 nii-

162 1535 247 1563 nus
270 1519 440 1577 placet,
469 1526 566 1561 tum
591 1518 694 1576 quia
715 1517 836 1561 idem
861 1516 1051 1559 verbum

161 1576 249 1621 alio
272 1575 520 1633 significatu
540 1575 802 1632 praecessit,
825 1582 925 1616 tum
950 1574 1053 1629 quia

163 1635 310 1677 rarior
339 1634 431 1676 eius
463 1649 569 1676 usus
606 1638 676 1675 est‘
703 1648 787 1689 pro
823 1631 1054 1686 arripere,

163 1692 527 1747 adprehendere.
598 1689 799 1733 Eandem
840 1688 898 1731 ob
942 1704 1052 1732 cau-

163 1765 258 1791 sam
282 1748 520 1805 improbo,
565 1747 687 1805 quod
709 1745 909 1804 Lipsius,
939 1746 1053 1788 Mo-

163 1805 262 1848 dius
273 1804 519 1862 Novantiq.
534 1805 635 1848 lect.
652 1805 812 1863 ep.15.‚
824 1803 1053 1852 Pithoeus,

163 1861 397 1906 Schulzius
441 1865 504 1918 [et
539 1862 682 1920 Rup.]
726 1860 1052 1920 praetulerunt,

162 1920 525 1975 reprehendisti,
575 1920 748 1962 etiamsi
780 1919 827 1961 id
858 1919 1049 1964 verbum

162 1985 428 2035 usurpatum
473 1993 568 2021 esse
616 1981 640 2019 a
690 1976 914 2020 veteribus
962 1991 1048 2032 pro

134 2036 138 2040 ’
160 2050 321 2094 graeco
343 2032 592 2091 ἀναλάβειν
609 2049 703 2077 non
727 2048 908 2090 negem.
956 2033 1049 2077 Ad-

161 2100 399 2136 seruerunt
412 2093 457 2135 id
470 2092 655 2150 interpr.
667 2091 848 2135 Terent.
859 2089 1050 2148 Adelph.

159 2154 201 2202 4,
219 2149 262 2199 4,
291 2150 360 2194 14.
416 2149 572 2194 Heius.
603 2149 658 2193 ad
693 2148 828 2193 Ovid.
857 2148 1048 2191 Metam.

161 2210 203 2260 5,
234 2206 332 2252 525.
377 2207 446 2256 13,
478 2208 578 2251 235.
646 2207 751 2250 Non
790 2222 903 2264 opus
942 2221 1047 2247 vero

162 2264 435 2310 coniecturis
447 2265 699 2314 Heumann.
711 2281 723 2308 ι
733 2265 1051 2319 perlustrasti,

163 2321 536 2367 Schurzfleisch.:
598 2325 826 2368 isthancce
874 2321 1049 2363 librum

161 2382 463 2434 prehendisti.

218 2494 263 2537 si
310 2510 404 2551 qua
447 2508 628 2547 pravae
680 2492 1058 2547 interpretationi

162 2554 418 2596 materiam
445 2555 690 2594 ‹tc-derunt.
751 2550 847 2594 Hac
879 2550 1052 2608 egregia

163 2608 267 2653 MS.
291 2609 478 2668 Neapol.
508 2607 731 2666 scriptura
759 2606 860 2651 tolli
889 2622 1050 2651 omnes

161 2666 205 2710 h.
221 2667 253 2710 l.
275 2667 554 2712 difficultates
576 2666 788 2709 audacter
808 2665 1054 2715 contendo,

162 2740 301 2784 quare
323 2741 421 2768 eam
440 2723 487 2766 in
506 2732 675 2767 textum
697 2722 866 2779 recepi.
901 2721 1050 2775 [Idem

155 2784 249 2827 fide
263 2783 398 2826 Farn.
424 2781 528 2825 cod.
553 2783 607 2825 ab
627 2779 816 2826 LBekk.
843 2787 887 2822 et
901 2779 1051 2824 Boett-

162 2840 331 2889 factum
362 2843 464 2893 est.]
525 2837 751 2896 Corrupta
775 2846 925 2881 autem
946 2844 1050 2881 sunt

163 2898 272 2942 haec
301 2898 436 2942 verba
466 2897 515 2941 in
548 2897 649 2940 edd.
683 2895 779 2938 fere
809 2893 1047 2938 omnibus:

161 2956 204 2999 si
226 2969 343 3011 quae
362 2969 566 3010 pravam
587 2953 934 3008 interpretandi
950 2968 1049 2994 ma-

164 3012 334 3056 teriam
355 3015 485 3067 ded.,
523 3027 636 3068 quae
657 3010 887 3069 hypallage
907 3010 1049 3066 pede-

162 3069 245 3118 stri
281 3069 475 3113 orationi
507 3068 606 3112 fere
641 3067 817 3112 insolita
851 3067 1050 3112 reddidit

163 3135 394 3184 suspecta,
430 3127 490 3170 ita
522 3135 571 3169 ut
597 3127 685 3169 iam
711 3124 978 3183 Wopkens.
1001 3126 1048 3168 in

164 3184 298 3228 Misc.
331 3182 553 3231 Observv.
578 3184 680 3236 Vll,
701 3181 743 3226 3.
786 3198 833 3241 p.
864 3182 965 3226 381.
999 3182 1048 3224 in

164 3241 368 3298 margine
417 3241 677 3299 exemplaris
727 3241 796 3283 sui
844 3248 1047 3284 notatam

163 3298 268 3362 MS.
288 3298 580 3357 scripturam:
609 3300 653 3342 si
670 3313 790 3355 quae
810 3311 960 3354 prave
980 3298 1048 3338 in·

165 3363 306 3414 terpr.
358 3365 535 3400 mater.
584 3359 748 3400 deder.
807 3355 1051 3413 praeferret

167 3429 354 3472 eamque
386 3430 537 3458 veram
571 3430 665 3457 esse
696 3421 740 3456 et
759 3411 969 3456 Dronkio
1004 3412 1052 3454 in

168 3469 1054 3573 aaasustentantes&

168 3585 199 3630 l.
212 3582 242 3629 l.
258 3586 554 3644 persuaderet.
582 3586 671 3631 Sed
691 3586 896 3631 nondum
912 3591 1052 3629 sustu-

1126 1001 1274 1043 lerunt
1295 999 1324 1042 ii
1342 999 1500 1042 vitium
1517 1016 1597 1058 per
1613 1001 1696 1043 tria
1713 1001 1886 1045 saecula
1910 1018 2011 1060 pro-

1126 1066 1348 1115 pagatum,
1360 1056 1602 1100 abOsanno
1616 1059 1792 1100 tandem
1806 1060 2010 1118 [etRup.]

1123 1117 1393 1172 indagatum,
1424 1114 1850 1171 dicoilludsiquae,
1884 1120 2009 1174 quod

1123 1183 1173 1215 ut
1187 1174 1233 1214 in
1246 1174 1288 1215 si
1299 1187 1390 1228 qua
1407 1173 1720 1230 corrigeretur,
1751 1188 1846 1215 non
1859 1175 2010 1217 solum

1123 1230 1322 1273 Tacitius
1343 1228 1525 1272 dicendi
1547 1246 1652 1273 usus
1674 1229 1897 1288 postulat,
1929 1231 2008 1275 sed

1125 1288 1328 1330 omnium
1389 1286 1521 1330 etiam
1578 1287 1877 1345 scriptorum3
1943 1288 2008 1332 sic

1124 1344 1272 1404 paullo
1291 1353 1419 1403 post:
1449 1348 1574 1400 quod
1591 1347 1637 1388 si
1649 1360 1741 1400 qua
1761 1345 1942 1397 omisit,
1965 1354 2009 1389 et

1125 1420 1164 1447 c.
1187 1403 1257 1445 42.
1293 1403 1341 1444 si
1369 1417 1463 1458 qua
1491 1433 1504 1445 .
1523 1433 1534 1446 .
1558 1434 1570 1447 .
1593 1434 1605 1446 .
1640 1403 1726 1444 tibi
1757 1403 1858 1447 visa
1886 1411 2009 1454 sunt,

1123 1463 1214 1504 An.
1239 1463 1277 1512 1,
1300 1459 1372 1503 32.
1395 1460 1442 1502 si
1461 1474 1555 1515 qua
1576 1462 1674 1506 alia
1694 1491 1706 1502 .
1724 1491 1735 1502 .
1753 1492 1763 1502 .
1782 1490 1794 1503 .
1817 1461 2006 1503 indixe-

1123 1526 1216 1572 rat,
1249 1519 1308 1561 ib.
1332 1517 1454 1561 035,
1478 1518 1522 1560 si
1540 1532 1635 1573 qua
1655 1518 1755 1559 alia
1777 1549 1787 1560 .
1804 1550 1816 1561 .
1833 1549 1843 1560 .
1870 1534 2007 1574 quae·

1122 1583 1297 1618 runtur
1329 1584 1373 1618 et
1399 1574 1616 1618 sexcentis
1645 1573 1784 1623 locis,
1827 1591 1939 1633 quos
1973 1576 2010 1618 si

1123 1632 1421 1675 adscriberem
1435 1662 1448 1680 ,
1479 1648 1535 1675 ne
1555 1631 1751 1675 taedium
1776 1647 2011 1684 moverem

1125 1689 1283 1733 lectori
1307 1705 1500 1732 vererer.
1543 1690 1759 1732 sublatiis
1781 1691 1861 1745 iis,
1894 1705 2016 1746 quae

1117 1761 1325 1803 pravam
1347 1755 1429 1791 etc.
1460 1746 1639 1804 scripsit
1664 1746 1710 1790 in
1739 1747 1877 1790 altera
1906 1747 2013 1790 edit.

1123 1804 1316 1848 Seebod.

1179 1864 1302 1916 leges
1327 1864 1437 1918 quid
1459 1858 1701 1904 Maternus
1729 1863 1817 1904 sibi
1845 1865 2015 1905 debue-

1120 1919 1201 1962 rit.
1259 1919 1336 1962 Sic
1360 1919 1495 1962 MSS.
1518 1919 1700 1961 Farnes.
1725 1918 1913 1976 Neapol.
1928 1919 2013 1963 Va·

1119 1976 1361 2019 tiec.1862.
1385 1976 1516 2020 4498.
1543 1985 1587 2018 et
1611 1974 1734 2020 1418.
1759 1978 1866 2031 (nisi
1888 1979 2011 2033 quod
2083 2003 2086 2006 ·

1119 2033 1168 2076 in
1194 2034 1338 2077 tribus
1367 2033 1490 2078 hisce
1523 2041 1623 2092 post
1656 2036 1778 2088 leges
1808 2034 2008 2078 additum

1121 2099 1185 2134 est
1225 2099 1276 2134 tu
1298 2124 1310 2143 ,
1374 2093 1421 2134 in
1467 2092 1600 2136 tertio
1648 2107 1734 2149 pro
1781 2093 1893 2147 quid
1937 2093 2007 2135 fa-

1119 2149 1194 2193 cili
1227 2165 1382 2192 errore
1412 2150 1629 2207 scriptum
1663 2157 1728 2192 est
1758 2146 1882 2205 quod
1914 2151 1983 2206 [re

1122 2215 1301 2262 ceptum
1335 2207 1382 2250 id
1418 2223 1443 2250 a
1475 2206 1728 2266 Rupert.]).
1752 2235 1810 2243 -
1857 2210 2011 2263 leges:

1122 2271 1175 2306 tu
1206 2266 1391 2320 quidem
1413 2265 1660 2308 Maternus
1685 2266 1775 2308 sibi
1801 2266 2011 2308 debueris

1122 2321 1190 2364 ed.
1215 2322 1337 2380 Spir.
1363 2350 1423 2359 -
1450 2325 1575 2377 leges
1594 2329 1642 2364 tu
1663 2323 1848 2378 quidem
1869 2325 1915 2365 si
1933 2337 2006 2364 vo·

1119 2381 1261 2422 lueris
1283 2379 1386 2423 edd.
1410 2380 1513 2422 Put.
1540 2379 1653 2422 Ven.
1672 2379 1771 2422 Riv.
1795 2378 2009 2424 Beroald.

1122 2435 1224 2479 Alc.
1240 2436 1382 2480 Rhen.
1404 2437 1511 2480 Ald.
1532 2437 1653 2494 Lips.
1685 2452 1880 2494 eumque
1906 2452 1928 2480 s
1963 2452 2007 2494 q.

1119 2492 1360 2544 Pithoeus,
1408 2494 1665 2537 Heumann.
1705 2494 1886 2538 Broter.
1964 2494 2006 2537 i-

1119 2560 1248 2611 pont.
1284 2550 1464 2594 Schulz.
1506 2549 1716 2607 aliique.=
1761 2550 2006 2596 Librorum

1120 2616 1326 2654 veterum
1361 2609 1629 2667 scripturam
1665 2607 1838 2666 primus
1871 2609 2008 2652 resti-

1118 2669 1204 2709 tuit
1237 2665 1477 2718 oberlin„
1524 2681 1720 2724 eumque
1757 2673 2009 2724 sequuntur

1118 2723 1383 2774 Lamallius,
1441 2722 1688 2767 Seebodius
1738 2723 1796 2779 (a.
1847 2723 2013 2781 1813),

1123 2782 1356 2831 Osannus,
1394 2779 1581 2824 Dronk.
1602 2779 1703 2838 (qui
1726 2797 1829 2828 cum
1854 2779 2006 2825 Ober-

1118 2841 1211 2884 lino
1246 2847 1289 2880 et
1315 2837 1438 2882 Vatt.
1471 2837 1606 2884 codd.
1642 2838 1903 2886 interseruit
1941 2847 2008 2889 tu,

1120 2913 1210 2954 quo
1235 2895 1506 2954 pronomine
1532 2891 1649 2939 bene
1674 2912 1826 2941 carere
1884 2912 2007 2941 ossu-

1120 2958 1238 3007 mus)
1262 2951 1408 2996 Orell.
1435 2953 1490 3010 [Ι.
1507 2951 1736 2999 Bekkerus
1765 2962 1809 2996 et
1872 2956 2009 3011 oett.]·

1121 3012 1257 3055 Recte
1280 3009 1311 3052 ii
1334 3012 1532 3068 quidem.
1563 3009 1722 3068 Cogita
1745 3011 2003 3056 tibiMater·

1117 3086 1230 3112 num
1261 3068 1569 3126 indignantem
1604 3069 1779 3113 amicos.
1803 3077 2006 3125 expostu-

1118 3128 1259 3170 lantes
1283 3126 1442 3184 ipsum,
1469 3133 1536 3174 ut,
1555 3141 1667 3183 quae
1688 3124 1872 3170 liberius
1893 3134 1936 3168 et
1957 3126 2010 3169 in

1117 3193 1420 3243 tyrannorum
1457 3182 1750 3229 offensionem
1785 3182 2005 3239 exposuis-

1119 3250 1184 3285 set
1222 3241 1273 3282 in
1302 3240 1476 3285 Catone
1515 3239 1687 3292 fabula,
1735 3239 1917 3283 tolleret
1955 3240 2004 3283 in

1119 3296 1336 3364 principis
1357 3306 1403 3343 et
1423 3297 1677 3366 potentium
1702 3297 1914 3354 gratiam;
1942 3296 2006 3340 le-

1120 3372 1219 3415 ges,
1245 3370 1313 3398 sic
1332 3355 1532 3413 loquitur
1551 3354 1606 3398 ad
1619 3354 1903 3403 Secundum,
1925 3353 2007 3399 Ca-

1120 3422 1277 3456 tonem
1307 3413 1594 3457 emendatum
1620 3412 1802 3468 quidem
1829 3418 1873 3452 et
1895 3426 2007 3468 pur-

1123 3478 1275 3527 gatum
1297 3470 1350 3514 iis
1364 3503 1376 3522 ‚
1417 3486 1529 3537 quae
1551 3468 1734 3526 indigna
1759 3467 1904 3513 videri
1924 3484 2005 3527 po.-

1124 3535 1276 3571 terunt
1310 3544 1497 3571 nomme
1528 3541 1630 3568 meo
1661 3525 1726 3579 (id
1748 3525 1867 3569 enim
1900 3527 2009 3569 mihi

1124 3600 1340 3643 meaeque
1371 3585 1538 3644 gloriae
1574 3582 1764 3636 debeo),
1814 3584 1893 3628 sod
1931 3599 2007 3628 co·
