2150 4022
880 208 890 232 Ι

505 298 1030 365 DIALOGUS.
1117 299 1307 366 CAP.
1353 305 1447 366 17.

1780 310 1906 367 289

52 432 187 508 vipso
215 431 454 509 loquar,
495 429 695 489 Hirtio
722 441 1020 523 nempe-et
1045 427 1235 491 Pansa
1261 429 1514 503 COSS„
1557 445 1622 492 ut
1644 433 1792 492 Tiro
1828 437 1907 496 li-

58 532 260 589 bertus
303 529 428 588 eius
455 529 729 606 scripsit,
797 527 931 587 VII.
970 528 1110 589 Idus
1147 525 1495 588 Decembris
1539 532 1762 590 occisus
1803 547 1906 604 est,

60 637 176 692 quo
214 635 372 672 anno
400 613 474 672 D.
500 612 801 689 Augustus
837 615 903 671 in
938 616 1134 672 locum
1163 612 1390 672 Pansae
1427 627 1484 673 et
1518 613 1702 674 Hirtii
1746 635 1805 675 se
1849 632 1906 678 et

60 699 136 773 Q.
156 699 404 758 Pedium
430 696 651 760 COSS.
686 700 934 760 suffecit.

1020 711 1210 758 statue
1246 719 1345 755 sex
1382 711 1438 756 et
1474 701 1904 779 quinquaginta

59 805 276 855 annm,
310 785 526 861 quibus
552 806 688 842 mox
710 782 902 842 Divus
921 780 1222 857 Augustus
1249 804 1374 840 rem
1399 786 1695 859 publicam
1723 791 1900 859 rexit3

57 870 244 927 adiice
260 869 491 928 Tiberii
513 882 629 928 tres
653 880 708 926 et
729 869 973 943 viginti,

55 1043 279 1111 yixerunt.
347 1044 443 1113 Sed·
457 1045 676 1112 fluctuant
698 1044 942 1102 scriptores

53 1102 942 1217 30523;1?51F5'23{22¹2152sssffmssmfdr.{¹15

89 1248 99 1259 .
145 1216 268 1264 126..
325 1217 402 1261 ubi
453 1218 614 1266 docet,
679 1233 705 1259 a
802 1215 942 1260 uinti-

53 1231 176 1317 siano
213 1290 395 1332 quoque
430 1274 539 1318 lnst.
573 1290 643 1318 or.
667 1274 707 1325 9,
727 1273 770 1326 3,
792 1276 831 1316 1.
860 1272 938 1316 Ci-

56 1347 269 1375 ceronem
312 1348 415 1375 cum
454 1332 674 1374 veteribus
712 1330 943 1388 coniungi,

56 1388 215 1431 eodem
247 1405 350 1432 sane
382 1390 503 1438 iure,
543 1405 633 1447 quo
656 1388 833 1432 Livium
870 1389 942 1431 in-

54 1453 345 1547 terloveteres
395 1446 567 1490 rettulit
603 1445 747 1490 Tacit.
789 1444 944 1504 Agric.

53 1519 97 1549 c.
181 1534 193 1547 .

109 1590 220 1643 ipso.
278 1587 361 1633 Ed.
386 1587 501 1646 Spir.
535 1588 630 1641 ἰρέ,
673 1587 943 1646 [pariterque

56 1647 157 1692 eod.
179 1646 314 1690 Farn.
340 1653 375 1691 t.
397 1644 538 1690 Bekk.
561 1649 697 1701 ipse-J

114 1730 272 1773 Hirtio
295 1759 307 1774 .
331 1760 344 1774 .
368 1736 414 1773 et
433 1727 609 1773 Pansa.
676 1728 778 1772 MS.
801 1727 941 1786 Neap.

55 1788 243 1845 Hyrcio.
277 1810 334 1821 —
392 1785 507 1829 Edd.
526 1786 735 1844 antiquae
757 1786 943 1843 Hyrtio.

58 1846 112 1889 In
155 1844 390 1889 Puteolani
447 1843 515 1886 ed.
562 1843 815 1902 typothetae
866 1859 943 1886 er-

55 1903 151 1947 rori
187 1902 374 1945 debetur
404 1899 538 1944 lectio
565 1915 729 1955 pensa.
798 1899 943 1944 Paulo

55 1968 158 2019 post
194 1959 297 2004 MS.
335 1959 476 2015 Neap.
517 1965 560 2000 et
600 1958 701 2002 edd.
739 1958 946 2015 antiquae

56 2018 178 2075 Tyro
211 2018 453 2075 praebent,
495 2030 588 2058 non
625 2015 746 2059 Tiro.
814 2014 944 2058 Scri-

55 2076 142 2135 psit
163 2090 273 2120 vero
297 2074 405 2117 baec
425 2071 536 2114 Tiro
564 2072 612 2124 in
636 2071 763 2115 libris
787 2071 841 2114 de
861 2070 943 2116 Ci-

55 2131 236 2178 ceronis
272 2131 382 2182 vita,
432 2144 626 2187 quorum
666 2137 850 2187 quartus
887 2130 942 2172 ab

54 2189 257 2236 Asconio
278 2195 662 2233 commemoratur
680 2186 735 2229 ad
746 2185 842 2231 Cic.
858 2186 943 2230 Mi-

57 2247 227 2292 lonian.
262 2262 301 2290 c.
335 2247 403 2290 14.
462 2243 556 2287 cfr.
586 2243 717 2288 Lion.
750 2244 799 2287 in
831 2243 942 2287 See-

55 2305 180 2350 bodii
213 2303 388 2347 Archiv
408 2302 455 2360 s.
487 2301 714 2356 Philolog.
747 2316 787 2344 a.
818 2301 943 2347 1824.

115 2449 231 2502 'Vl-I.
255 2455 370 2499 Idus
391 2454 674 2499 Decembris.
729 2455 782 2498 In
806 2453 942 2499 MSS.

59 2519 193 2562 Farn.
218 2512 460 2570 (t.'Lipsio)
483 2510 810 2571 Neap.Vaticc.
833 2522 875 2555 et
897 2512 942 2554 in

60 2572 164 2618 edd.
200 2570 392 2629 antiquis
434 2577 608 2612 tantum
656 2569 787 2612 verba
826 2569 942 2611 VII.

57 2633 174 2676 Idus
217 2635 407 2679 exstant,
458 2635 501 2670 et
541 2625 722 2685 quidem
756 2625 800 2672 in
838 2626 944 2670 Far·

59 2689 243 2734 nesiano
265 2685 382 2728 libro
403 2683 545 2751 spatio
565 2682 723 2728 relicto
745 2682 796 2725 ad
820 2699 945 2726 men·

59 2747 118 2791 sis
159 2759 327 2789 nomen
364 2741 683 2784 adiiciendum.
758 2739 946 2784 Addidit

60 2806 227 2849 Anton.
242 2800 520 2857 Augustinus
542 2814 705 2841 nomen
723 2796 943 2846 Octobr-115,

60 2863 135 2906 sed
158 2859 323 2904 rectius
348 2863 391 2900 et
415 2856 469 2899 ad
494 2855 724 2899 historiam
759 2870 942 2898 accom-

61 2918 284 2962 modatius
306 2933 328 2959 a
357 2913 504 2973 Lipsio
527 2913 795 2956 Decembris
819 2911 942 2970 posi-

61 2986 157 3021 tum
194 2982 274 3018 est.
333 2971 404 3016 Cf.
428 2970 571 3029 Pighii
593 2969 798 3035 Anna-ies
821 2971 876 3012 ad
903 2986 942 3013 a.

62 3064 108 3090 u.
127 3046 229 3088 710.
291 3039 462 3086 Vitiose
493 3041 562 3084 ed.
584 3040 687 3083 Riv.
720 3041 808 3086 VJ.
831 3039 946 3082 Idus

63 3102 200 3148 dedit.
260 3097 407 3143 Verba
441 3097 668 3154 sequentia
698 3113 788 3153 quo
818 3112 944 3139 anna

62 3162 211 3206 Divus
249 3158 487 3210 Augustus
537 3187 549 3197 .
594 3187 604 3198 .
656 3155 834 3209 suffecit
886 3154 944 3196 ita

62 3219 204 3264 otiosa
238 3214 502 3258 videbantur
533 3211 763 3262 Schulzio,
812 3221 860 3255 ut
890 3210 945 3253 de

96 3276 329 3319 lossemate
384 3285 432 3312 ea
489 3277 690 3326 suspecta
747 3269 944 3312 haberet.

64 3293 206 3377 {labet
262 3344 366 3371 sane
423 3334 630 3370 accurata
689 3333 943 3383 temporum

64 3388 234 3434 notatio
306 3382 503 3441 languidi
574 3382 774 3439 aliquid,
868 3381 944 3426 sed

64 3461 159 3491 non
220 3444 266 3488 in
323 3457 379 3484 eo
437 3439 781 3483 sententiarum*
818 3455 947 3490 nexu,

63 3504 140 3562 qui
172 3507 420 3545 accuratam
453 3512 611 3539 eorum
641 3495 946 3541 definitionem

62 3560 217 3617 exigat.
274 3555 425 3598 Diuus
446 3562 547 3597 ante
559 3554 796 3604 Augustus
815 3553 946 3597 ornit-

63 3624 165 3662 tunt
197 3611 333 3657 MSS.
353 3611 490 3670 Neap.
527 3612 592 3666 [et
621 3610 806 3664 Farn.]‚
847 3610 944 3667 pia-

147 3681 391 3730 Tacx'rns
425 3675 537 3728 Ἰν.

1016 881 1074 926 et
1096 889 1279 945 prope
1302 870 1760 945 quadriennium
1777 872 1902 943 Gai,
1922 937 1923 940 Ἴ

1011 1041 1106 1088 cuit
1127 1050 1274 1088 tamen
1299 1059 1454 1089 vocem
1477 1060 1679 1097 servare,
1748 1063 1826 1091 uae
1852 1049 1899 1092 in

1013 1101 1224 1145 omnibus
1238 1101 1337 1144 edd.
1353 1110 1432 1146 est.
1444 1126 1503 1135 -
1535 1101 1625 1145 Pro
1639 1062 1816 1159 suffecit
1829 1107 1901 1150 de-

1012 1158 1147 1216 nique
1171 1159 1239 1202 ed.
1264 1159 1366 1201 Put.
1392 1160 1465 1203 dat'
1487 1159 1692 1215 sufficit,
1728 1162 1903 1206 eadem-

1013 1231 1100 1273 que
1119 1216 1497 1275 interpunctionis
1515 1218 1692 1274 signum
1716 1219 1898 1263 omittit.

1070 1317 1230 1355 statue
1291 1326 1383 1355 sex
1447 1322 1493 1356 et
1561 1317 1903 1372 quinquaginta

1016 1382 1181 1411 annos.
1274 1369 1377 1414 MS.
1421 1369 1559 1430 Neap.
1608 1381 1797 1416 statuae

1016 1426 1084 1468 ed.
1117 1424 1237 1484 Spir.
1283 1434 1442 1490 statuf
1482 1452 1531 1462 -
1578 1431 1676 1473 edd.
1715 1431 1818 1475 Put.
1860 1443 1904 1476 et

1016 1481 1118 1527 Riv.
1174 1491 1399 1528 statutae.
1497 1484 1585 1529 Sed
1640 1488 1903 1547 disceptatio

1015 1547 1114 1583 orta
1174 1550 1240 1584 est
1297 1541 1352 1584 de
1411 1559 1638 1594 annorum
1697 1562 1905 1597 numero,

1017 1612 1148 1653 quem
1170 1598 1319 1641 statuit
1341 1599 1476 1657 Aper.
1538 1601 1588 1643 In
1611 1600 1748 1647 MSS.
1764 1603 1903 1663 Neap.

1018 1653 1190 1710 [Fara]
1216 1663 1259 1697 et
1283 1654 1457 1701 Vatiec.
1483 1658 1644 1714 legitur
1664 1674 1834 1703 novem
1857 1671 1905 1705 et

1015 1712 1354 1768 quinquaginta
1373 1729 1529 1757 annos
1539 1733 1554 1766 ;
1578 1715 1678 1760 edd.
1696 1719 1903 1774 antiquae

1014 1792 1116 1826 ante
1147 1781 1346 1840 Lipsium
1380 1786 1673 1828 consentiunt
1704 1786 1750 1830 iu
1777 1789 1913 1834 VIII

1014 1847 1058 1882 et
1090 1838 1130 1881 L
1160 1855 1332 1891 annos‚·
1381 1841 1557 1899 Lipsius
1590 1843 1782 1901 denique
1814 1861 1904 1891 sex

1016 1904 1060 1939 ec
1112 1898 1449 1954 quinquaginta
1497 1914 1652 1943 annos
1700 1902 1908 1961 scripsit·,

1015 1970 1119 1996 eum
1168 1970 1327 1997 omnes
1367 1958 1543 2013 sequuti
1589 1965 1708 2003 sunt.
1784 1961 1906 2008 vett.

1016 2011 1117 2054 edd.
1147 2027 1389 2055 numerum
1418 2015 1725 2059 revocandum
1769 2029 1901 2077 puta-

1015 2068 1080 2113 vit
1130 2067 1309 2112 Dronk.
1361 2070 1633 2114 adsentiente
1686 2073 1903 2129 Osanno·,

1014 2142 1265 2184 perperam.
1326 2143 1420 2169 non
1466 2128 1588 2171 enim
1631 2145 1655 2172 a
1690 2130 1905 2187 Caesaris,

1014 2191 1062 2226 ut
1116 2182 1194 2226 ille
1246 2183 1418 2238 yoluit‚
1475 2187 1552 2230 sed
1600 2203 1623 2230 a
1666 2187 1905 2236 Ciceronis

1013 2249 1159 2284 morte
1181 2241 1222 2283 A
1257 2257 1306 2284 er
1338 2250 1570 2292 numerat,
1605 2252 1654 2287 ut
1683 2262 1733 2287 ex
1765 2248 1904 2306 ipsius

1017 2299 1160 2342 verbis
1184 2316 1206 2342 a
1243 2307 1392 2353 paret;
1430 2299 1608 2343 Tullius
1634 2318 1740 2346 vero
1774 2307 1900 2350 occi-

1015 2386 1090 2413 sus
1117 2376 1183 2412 est
1204 2359 1304 2412 ῙΓΙῙ.
1335 2369 1439 2412 Idus
1468 2371 1719 2415 necemhr.
1757 2376 1811 2418 A.
1839 2375 1904 2421 U.

1016 2439 1115 2482 711.
1156 2447 1199 2482 et
1231 2440 1459 2495 Augustus
1497 2440 1608 2484 obiit
1641 2430 1764 2486 x—W.
1799 2445 1900 2488 Kal.

1016 2495 1267 2554 Septembr.
1282 2498 1335 2538 A.
1353 2496 1538 2548 U.768.,
1567 2513 1681 2555 quos
1703 2517 1846 2545 annos
1867 2504 1902 2545 si

1017 2553 1369 2612 computaveris,
1423 2569 1639 2598 numerus
1684 2573 1706 2599 a
1754 2558 1923 2627 Lipsio'

1013 2618 1202 2653 statutus
1247 2609 1480 2653 efficietur.
1571 2611 1718 2671 Magis
1765 2624 1899 2660 etiam

1014 2667 1250 2711 confirmat
1284 2667 1328 2709 id
1356 2666 1559 2710 Suetonii
1592 2671 1921 2725 testimoniunr

1015 2724 1172 2768 Oetav.
1195 2741 1234 2767 e.
1258 2725 1322 2768 8.:
1360 2726 1566 2778 primum
1588 2742 1694 2770 cmn
1716 2729 1778 2771 M.
1799 2733 1899 2774 Au-

1016 2784 1140 2824 tonio
1165 2781 1412 2838 Marcoque
1434 2783 1606 2837 Lepido
1622 2819 1632 2835 ,
1665 2788 1774 2829 dein
1798 2797 1902 2834 tan-

1015 2847 1116 2881 tum
1159 2855 1262 2881 cum
1295 2841 1497 2882 Antonio
1534 2855 1620 2895 per
1658 2847 1901 2888 duodecim

1003 2897 1111 2952 sere
1131 2910 1301 2946 annos,
1329 2898 1579 2940 novissime
1591 2914 1682 2954 per
1701 2911 1904 2956 quatuor

1016 2960 1060 2996 et
1093 2953 1408 3009 quadraginta
1443 2957 1577 2999 solus
1611 2971 1714 3000 rem
1744 2962 1899 3014 publi-

1015 3026 1117 3054 cam
1142 3012 1302 3054 tenuit.

1076 3092 1175 3136 Cai.
1245 3091 1322 3137 Sic
1364 3093 1462 3138 edd.
1501 3093 1621 3152 Spir.
1659 3095 1759 3141 Put.
1795 3098 1900 3142 Riv.

1016 3151 1160 3194 Rhen.
1182 3150 1285 3192 Ald.
1313 3149 1425 3208 Lips.
1460 3161 1502 3195 et
1534 3152 1773 3208 Pithoeus,
1819 3172 1903 3212 pro

1013 3224 1106 3309 iguo
1124 3207 1508 3308 ρίεῑετίοτεὲἒῖιίἰ
1519 3211 1810 3292 seripserunt,
1824 3214 1901 3279 sed

1015 3271 1385 3374 2uifi¹¹fi1i1⁶¹sshi
1420 3275 1900 3378 ssssstzssffffii‘tss'ssffz':
1952 3352 1955 3355 -

1016 3379 1137 3424 cher.
1171 3378 1268 3423 Gai
1297 3380 1512 3436 scripturn
1547 3390 1637 3429 est,
1712 3383 1800 3428 uod
1835 3400 1902 3427 re·

1016 3436 1187 3495 peritur
1213 3435 1262 3478 in
1290 3436 1594 3481 monumentis
1620 3440 1691 3496 qui
1731 3439 1903 3494 iisdem,

1019 3492 1152 3536 veluti
1195 3492 1310 3547 apud
1354 3493 1541 3538 Gruter.
1586 3511 1629 3552 p.
1666 3495 1767 3541 250.
1804 3498 1903 3543 574.

1017 3551 1080 3595 cf.
1115 3550 1167 3593 Ρ.
1200 3549 1431 3595 Diaconus
1472 3551 1527 3596 de
1572 3559 1669 3595 not.
1716 3551 1901 3598 litterar.

1017 3624 1060 3666 p.
1099 3606 1221 3652 1589.
1253 3607 1323 3684 ed.
1356 3607 1570 3661 putsch..
1619 3609 1694 3652 sed
1733 3609 1906 3654 disertis

1243 3667 1286 3727 'l
