2150 4022
219 240 346 310 474

275 382 378 424 gam
402 365 567 410 lineola
582 399 594 418 ‚
634 364 756 409 unde
777 364 952 409 librarii
975 380 1008 409 n
1029 364 1118 426 ati-5·

272 423 518 468 iiciendum
544 439 640 467 esse
665 421 837 481 opinati
866 422 972 467 sint.

219 482 464 526 Trachalus
486 480 543 525 Η.
566 481 612 535 2,
634 481 706 524 60.

223 542 418 584 tradere
452 541 537 583 An.
573 541 642 591 11,
671 537 742 582 35.
780 537 849 586 13,
870 538 942 581 20.
997 538 1058 582 H.
1081 538 1124 590 2,

279 596 351 639 78.
397 612 502 641 cum
517 600 723 652 prodere
748 595 872 640 conf.
898 600 986 644 An.
1003 597 1069 647 14,
1080 597 1124 641 9.

227 656 414 698 trahere
445 655 477 698 i.
501 671 546 713 q.
581 654 636 699 ad
666 670 793 698 suam
825 663 996 712 partem
1030 661 1129 702 tra-

285 712 454 756 ducere
477 713 568 756 An.
590 715 629 763 1,
651 712 726 756 31.
770 712 825 756 de
842 710 1130 770 possessione

283 769 469 815 militari
505 769 561 814 H.
596 770 639 822 2,
668 771 741 814 61.
803 771 858 814 ad
896 769 1132 817 interitum

284 827 539 885 perducere
568 830 654 872 An.
681 827 726 883 3,
750 827 822 870 74.
848 868 854 879 .
878 826 1033 871 Germ.
1057 827 1130 872 36.

287 889 481 929 trahere
531 887 580 930 in
629 894 810 930 metum
860 885 918 928 11.
967 886 1008 932 5,
1060 885 1130 930 13.

291 952 472 989 tractus
493 953 537 989 et
561 951 715 988 taetus
737 943 955 989 confund.
974 941 1131 987 Germ.

288 999 362 1046 36.

232 1062 526 1114 tramittere,
557 1060 613 1104 de
634 1075 737 1105 voc.
756 1057 907 1102 forma
926 1058 1133 1114 (v.Voss.

293 1117 348 1162 de
364 1120 496 1163 Anal.
514 1118 589 1162 lv.
620 1117 743 1164 c.24.
785 1114 1132 1163 Drakenborch.

291 1175 348 1220 ad
382 1177 480 1223 Liv.
506 1177 646 1231 XLII,
672 1176 746 1229 22,
774 1175 841 1228 6.)
879 1183 922 1217 et
955 1171 1132 1229 signifi-

291 1243 396 1278 catu
418 1235 508 1279 An.
529 1237 575 1291 2,
595 1235 642 1282 6.
672 1235 743 1289 12,
770 1234 840 1279 13.
874 1234 942 1288 14,
960 1230 1031 1276 29.
1067 1231 1135 1286 15,

290 1292 336 1334 7.
364 1302 408 1337 et
431 1294 502 1337 26.
542 1296 611 1347 16,
637 1293 679 1336 2.

236 1357 487 1394 tranatare
513 1352 568 1395 H.
592 1353 634 1407 5,
657 1350 727 1394 18.
751 1349 826 1393 21.
916 1348 923 1356 “

237 1408 551 1465 transfugium
579 1413 661 1453 An.
685 1409 729 1464 2,
755 1409 829 1452 46.

235 1466 502 1521 transigere
557 1467 720 1511 Germ.
763 1466 836 1508 19.
912 1465 1020 1522 Agr.
1063 1460 1135 1505 34.

293 1523 542 1569 ίναὴεαεια
592 1534 636 1570 et
683 1529 953 1570 transuecta
1007 1520 1133 1565 conf.

293 1580 406 1639 Agr.
436 1585 505 1630 18.

236 1638 443 1683 transire
464 1643 494 1685 i.
521 1657 566 1699 q.
589 1640 874 1698 transfugere
899 1638 1006 1695 Agr.
1029 1637 1103 1680 20.

234 1699 528 1755 transpositio
554 1701 800 1743 verborum
826 1697 918 1740 An.
943 1700 985 1749 1,
1007 1693 1076 1738 67.

236 1760 530 1800 transvectus
560 1757 616 1800 H.
653 1759 695 1808 2,
724 1755 798 1800 76.
860 1751 986 1800 conf.
1029 1766 1134 1795 cum

267 1854 268 1858 ,
295 1819 572 1859 transactus
597 1817 704 1874 Agr.
730 1814 798 1857 18.

232 1868 549 1917 Trebellienus
578 1874 668 1917 An.
689 1872 731 1922 2,
753 1871 826 1915 67.

232 1930 411 1971 treceni
430 1930 486 1974 H.
512 1931 554 1986 1,
576 1930 648 1973 66.

232 1992 353 2041 tres,
392 2002 487 2031 non
520 1990 606 2031 tris
633 1987 790 2030 Germ.
812 1985 884 2029 37.
935 2002 975 2027 V.
1002 1983 1135 2041 Spal-

292 2041 417 2102 ding.
441 2045 497 2088 ad
521 2045 682 2101 Quint.
705 2045 785 2096 lV,
815 2046 856 2098 1,
882 2042 952 2085 50.

233 2099 453 2153 Treveri,
497 2118 594 2148 non
630 2100 813 2149 Treviri
850 2101 941 2145 An.
983 2099 1024 2152 1,
1060 2097 1134 2139 41.

294 2157 350 2203 Η.
386 2161 430 2215 1,
464 2160 536 2204 63.
578 2161 622 2212 2,
655 2159 725 2203 14.
768 2156 813 2212 4,
850 2158 919 2200 18.
957 2155 1026 2199 55.
1056 2155 1131 2220 75.

296 2215 455 2262 Germ.
471 2218 544 2263 28.
605 2219 659 2263 ln
684 2215 885 2260 nummis
909 2222 952 2257 et
975 2213 1133 2257 inscri-

292 2275 529 2332 ptionibus
557 2291 639 2334 per
659 2290 684 2318 e
707 2282 750 2318 et
771 2274 792 2317 i
813 2270 951 2316 scribi
977 2277 1132 2314 osten·

296 2332 362 2376 dit
387 2333 553 2390 Celiar.
583 2332 681 2387 Geo
715 2349 753 2376 r.
777 2330 937 2388 Antiq.

239 2390 507 2435 Trevericus
533 2391 589 2435 H.
615 2390 658 2445 5,
708 2391 753 2435 7.

237 2447 427 2492 Triboci
450 2448 610 2492 Germ.
630 2450 703 2499 28,

236 2507 529 2559 tribunicius,
560 2507 614 2550 de
637 2521 736 2550 voc.
757 2503 907 2548 forma
929 2502 1019 2545 An.
1042 2502 1078 2555 1,
1092 2500 1136 2545 2.

291 2565 541 2609 tribunicia
559 2571 779 2619 potestas
809 2563 894 2604 An.
918 2563 959 2616 1,
984 2560 1030 2604 7.

238 2623 468 2665 tributum
491 2624 581 2667 An.
603 2621 648 2673 4,
668 2621 742 2666 72.

238 2677 540 2724 Trinobantes
563 2680 651 2725 An.
674 2680 745 2732 1¹4,
766 2675 839 2721 31.
882 2674 1006 2721 conf.
1029 2689 1135 2720 cum

295 2735 530 2795 Brigantes
556 2738 668 2796 Agr.
691 2737 766 2782 31.

238 2794 370 2838 triste
394 2811 481 2853 pro
507 2794 777 2840 substantiv.
801 2792 892 2838 An.
917 2792 959 2847 1,
980 2789 1052 2833 41.

238 2851 468 2907 triumphi
486 2869 594 2897 mos
622 2856 706 2896 An.
729 2853 774 2905 2,
800 2851 872 2895 41.

238 2909 482 2956 triumviri
501 2927 671 2955 nomen
696 2910 788 2954 An.
814 2910 852 2964 1,
879 2907 923 2949 2·

242 2974 518 3021 tropaeum,
552 2985 646 3013 non
673 2969 953 3021 trophaeum
980 2965 1070 3008 An.
1093 2964 1138 3014 2,

300 3026 368 3068 18.
405 3026 474 3082 15,
497 3028 565 3070 18.
627 3025 706 3071 Sic
736 3026 823 3069 iam
850 3021 1057 3067 Lambin.
1082 3021 1139 3064 ad

300 3081 397 3126 Cic.
434 3084 488 3128 de
524 3086 700 3129 Invent.
736 3082 773 3136 I,
802 3081 873 3132 38,
903 3080 975 3126 69.
1006 3087 1049 3124 et
1082 3077 1139 3123 ad

298 3139 411 3183 Hor.
440 3141 596 3186 Carm.
621 3141 678 3194 ΙΙ,
698 3140 769 3192 23,
795 3142 862 3183 14.

241 3196 525 3242 'l‘rutulensis
549 3208 707 3258 portus
731 3200 840 3257 Agr.
859 3196 930 3243 38.

243 3255 385 3299 Tudri
412 3256 569 3301 Germ.
589 3258 663 3301 42.

245 3314 373 3357 tueri
393 3316 479 3359 An.
506 3319 575 3369 11,
600 3317 643 3360 6.

239 3370 408 3415 Tuisco
435 3372 593 3418 Germ.
620 3374 665 3416 2.
711 3389 755 3420 v.
781 3373 874 3417 Leo
903 3370 951 3414 in
973 3369 1139 3414 Annal.

301 3430 446 3475 critic.
481 3430 683 3475 Berolin.
720 3448 760 3475 a.
801 3429 928 3474 1827.
969 3445 1036 3472 nr.
1070 3428 1140 3471 18.

302 3498 346 3534 et
374 3490 442 3533 19.

241 3554 344 3591 tum
366 3546 606 3591 transitum
633 3545 743 3592 facit
765 3546 855 3589 An.
878 3545 924 3597 2,
946 3545 988 3588 9.
1018 3542 1145 3594 4,10.

299 3603 494 3662 ueste.
527 3604 573 3651 id
603 3604 725 3664 quod
752 3606 965 3659 insuper,
998 3614 1138 3656 prae-

543 234 842 299 INDEX
914 238 1402 312 ADNO'r-A'l*
1425 241 1773 305 [ONUM.

1205 386 1214 414 .·
1248 375 1386 413 terea
1411 368 1498 412 An.
1516 367 1597 424 13,
1620 368 1670 420 3,..
1698 367 1862 424 15,εό2.
1891 368 1948 414 u.
1967 368 2092 427 245.
2140 408 2141 411 ,

1251 419 1378 470 conf.
1405 441 1514 471 cum
1533 441 1640 470 eum
1664 426 1756 471 An.
1783 425 1854 481 15,
1877 425 1951 473 56.
1982 443 2090 489 qum

1251 486 1364 527 dum
1391 483 1479 527 An.
1503 486 1543 536 1,
1565 483 1612 528 3.
1633 484 1675 529 9.
1716 483 1773 528 H.
1799 485 1842 540 1,
1865 483 1939 542 31.
1985 499 2091 531 cum

1257 551 1418 585 tamen
1442 542 1526 584 An.
1550 542 1618 598 13,
1644 541 1719 586 42.
1751 541 1819 593 14,
1842 542 1912 586 12.
1935 541 2006 587 26.
2028 540 2092 585 Ἠ.

1258 597 1300 650 3,
1323 597 1397 642 39.
1432 594 1589 644 Germ.
1613 601 1684 644 11.
1745 615 1850 644 cum
1874 599 1984 646 tune
2004 600 2094 644 An.

1261 658 1331 710 11,
1362 658 1430 700 11.
1470 656 1540 713 12,
1571 657 1634 717 16.
1656 657 1730 702 36.
1772 659 1844 712 13,
1876 656 1944 702 13.
1996 657 2095 702 vide

1257 714 1306 762 in
1346 722 1466 758 tunc.
1517 723 1617 758 tum
1659 718 1874 760 maxime
1914 723 1958 760 et
1991 731 2097 759 cum

1259 772 1477 814 maxime
1510 771 1635 818 conf.
1670 776 1756 816 An.
1775 774 1819 829 4,
1842 773 1914 816 27.
1967 773 2026 817 Η.
2053 777 2093 827 1,

1264 830 1335 873 29.
1365 828 1409 884 3,
1440 830 1481 874 4.
1518 830 1564 886 4,
1595 831 1665 875 55.
1694 831 1767 875 65.
1827 830 1900 876 De
1931 829 2098 875 discri-

1263 887 1384 988 ἶῖἶῖξῗ
1400 889 1595 991 ῑιῖῗὲἳξῗ
1608 888 1872 1006 Ἱριῖἱῖῗξῖἵιῗ
1896 887 2097 990 (Ξῖἰῗέῗ’

1263 1004 1371 1060 ling.
1404 1004 1454 1047 in
1489 1003 1709 1062 promuls.
1746 1004 1893 1051 critic.
1930 1019 1972 1049 c.
2004 1002 2096 1059 92„

1263 1060 1340 1104 cui
1384 1061 1486 1106 add.
1521 1060 1866 1109 Drakenborch.
1906 1061 1963 1107 ad
1997 1060 2098 1108 Liv.

1261 1118 1341 1219 {X
1354 1119 1448 1220 Vbii,
1477 1120 1520 1174 4,
1542 1120 1584 1163 2.
1619 1127 1662 1164 et
1690 1117 1868 1165 Duker.
1895 1119 1951 1164 ad
1974 1114 2098 1166 Flor.

1308 1208 1321 1231 ,
1351 1179 1371 1220 1
1409 1208 1422 1231 ‚
1449 1178 1493 1222 3.

1192 1257 1389 1292 tumere
1411 1250 1503 1293 An.
1525 1250 1568 1300 2,
1589 1249 1662 1295 23.
1703 1267 1744 1293 ν.
1774 1249 1957 1296 Ruhnk.
1989 1248 2098 1294 diet.

1266 1306 1408 1351 Ovid.
1435 1307 1544 1352 Her.
1575 1325 1620 1367 p.
1644 1308 1720 1372 89.

1209 1380 1421 1422 tumidae
1443 1387 1602 1424 terrae
1626 1381 1717 1424 An.
1742 1380 1786 1431 2,
1807 1381 1878 1426 23.
1971 1408 1996 1429 ν,

1209 1442 1440 1553 tutlnGultus
1479 1460 1523 1496 et
1557 1455 1767 1496 tumulus
1806 1453 1931 1497 conf.
1969 1452 2024 1496 H.
2055 1453 2100 1509 4,

1206 1583 1416 1626 tumulus
1439 1582 1525 1624 An.
1550 1582 1596 1634 2,
1619 1579 1664 1625 7.
1726 1579 1850 1625 conf.
1881 1596 1989 1625 cum
2007 1588 2101 1634 „tu-

1262 1642 1440 1683 multus
1461 1638 1516 1684 H.
1538 1640 1582 1694 4,
1613 1638 1681 1682 16.
2015 1693 2016 1696 ¹

1206 1705 1318 1740 tunc
1342 1705 1389 1745 et¹
1408 1706 1510 1739 tum
1534 1695 1768 1754 quomodo
1792 1694 1998 1741 differant
2016 1696 2104 1741 An.

1266 1757 1334 1806 12,
1357 1755 1430 1799 36.
1469 1754 1538 1809 16,
1566 1754 1609 1799 3.
1678 1752 1900 1798 Dixerunt
1933 1753 1988 1799 de
2021 1752 2106 1799 hae

1265 1830 1342 1868 re,
1397 1827 1510 1871 quae
1539 1809 1863 1914 firammaticos
1908 1810 2105 1855 multum

1266 1869 1494 1922 exercuit,
1585 1885 1765 1913 oerenz.
1798 1868 1853 1913 ad
1881 1868 1978 1914 Cic.
2002 1869 2106 1914 -Fin,

1267 1930 1328 1983 11,
1366 1931 1434 1983 11,
1471 1929 1545 1972 32.
1599 1926 1824 1971 Ochsner.
1855 1926 1911 1970 ad
1945 1924 2103 1984 Eclog.

1268 1986 1366 2030 Cic.
1390 2003 1431 2045 p.
1448 1985 1551 2031 230.
1565 1985 1664 2029 493.
1695 1983 1888 2042 Herzog.
1910 1982 1964 2028 ad
1978 1983 2106 2030 Caes.

1266 2044 1319 2087 B.
1336 2043 1394 2086 G.
1413 2043 1491 2087 lV.
1507 2044 1579 2088 33.
1614 2042 1757 2086 Orell.
1778 2041 1832 2086 ad
1859 2041 1959 2086 Cic.
1975 2041 2103 2086 Brut.

1263 2105 1292 2157 §
1315 2101 1386 2146 33.
1417 2109 1460 2143 et
1479 2101 1773 2144 Lindemann.
1806 2098 1861 2142 de
1893 2099 2106 2143 adverbio

1262 2158 1422 2203 Latino
1439 2157 1624 2216 specim.
1636 2156 1671 2199 l.
1689 2172 1734 2216 p.
1750 2156 1836 2209 10.,
1863 2155 1992 2200 cuius
2007 2172 2106 2214 sen·

1264 2216 1451 2260 tentiam
1473 2220 1727 2272 sequuntur
1748 2211 1874 2256 Iahn.
1900 2211 1956 2255 ad
1979 2211 2107 2272 Vin-g.

1263 2273 1419 2331 Eclog.
1431 2270 1472 2324 3,
1486 2274 1578 2321 10.,
1603 2281 1645 2315 et
1662 2287 1711 2314 ex
1729 2278 1855 2327 parte
1865 2267 2106 2328 Wagner.

1268 2330 1454 2388 Quaest.
1506 2328 1665 2388 Virgil.
1707 2328 1852 2373 XXV.
1910 2344 1958 2387 p.
2002 2326 2122 2383 493.-

1207 2404 1380 2504 Τιῗὲἓὲῑ
1417 2445 1474 2489 H.
1498 2447 1541 2497 2,
1571 2441 1733 2503 14.15.
1771 2440 1816 2496 4,
1847 2443 1918 2490 16.
1941 2441 2010 2487 55.
2032 2442 2105 2488 56.

1266 2504 1340 2550 79.
1384 2502 1542 2547 Germ.
1565 2505 1610 2546 2.
1653 2502 1763 2560 Agr·
1784 2500 1856 2549 36.

1209 2563 1452 2607 tunicatus
1476 2563 1680 2617 populus
1706 2557 1839 2604 Orat.
1863 2559 1910 2603 7.

1210 2621 1409 2663 turbare
1433 2619 1574 2663 absol.
1599 2614 1799 2676 positum
1821 2616 1878 2662 Η.
1903 2619 1946 2675 1,
1969 2618 2014 2662 7.

1211 2680 1424 2721 turbidus
1449 2677 1535 2721 An.
1555 2675 1599 2731 3,
1622 2675 1695 2719 27.
1756 2675 1759 2682 ’

1209 2734 1490 2837 turmaegge
1518 2733 1820 2779 barbarorum
1851 2733 2107 2793 agminibus

1266 2794 1306 2838 A
1342 2809 1381 2836 r.
1465 2823 1477 2835 .

1208 2809 1442 2894 ‘l'urgnius
1463 2848 1553 2894 An.
1575 2848 1620 2904 3,
1638 2848 1711 2891 46.

1208 2907 1500 2967 Turpilianus
1522 2907 1609 2951 An.
1637 2905 1704 2962 15,
1727 2907 1799 2951 72.
1842 2906 1964 2951 idem
1988 2906 2106 2952 inter

1299 2966 1410 3064 gatis
1430 2963 1670 3009 Petroniae
1696 2966 1970 3024 cognomina
1992 2963 2049 3015 Η.
2068 2969 2108 3017 1,

1211 3080 1463 3125 Turranius
1492 3081 1579 3125 An.
1606 3083 1651 3136 1,
1672 3080 1717 3126 7.
1748 3081 1820 3134 11,
1837 3080 1908 3127 31.

1212 3138 1426 3182 Turulius
1450 3138 1504 3181 Η.
1528 3139 1571 3194 2,
1593 3140 1638 3184 2.

1214 3204 1311 3251 tus,
1353 3211 1446 3240 non
1471 3198 1575 3255 thus
1599 3197 1758 3243 Germ.
1781 3196 1854 3242 45.
1913 3197 2105 3243 eandem

1269 3253 1468 3298 formam
1486 3263 1672 3299 auctore
1685 3254 1952 3300 Grotefend.
1996 3272 2108 3310 ram-

1270 3319 1374 3355 mat.
1402 3311 1476 3355 lat.
1499 3310 1554 3357 T.
1579 3313 1634 3356 n.
1665 3317 1694 3369 §
1717 3311 1813 3358 173.
1836 3313 1931 3357 174.
2001 3313 2108 3357 eier.

1270 3369 1431 3428 probat
1465 3370 1518 3412 ad
1551 3369 1646 3414 Cic.
1679 3369 1770 3414 Off.
1800 3369 1881 3426 ΠΙ,
1912 3372 1986 3426 20,
2015 3372 2107 3427 80.,

1272 3427 1349 3471 sed
1373 3426 1472 3470 vide
1498 3435 1547 3471 tu
1574 3429 1714 3472 Feam
1738 3427 1793 3472 ad
1818 3427 1929 3472 Hor.
1954 3429 2106 3475 Carm.

1272 3485 1310 3536 l,
1355 3483 1421 3535 19,
1453 3485 1496 3528 4.
1555 3485 1822 3538 Weicheri.
1860 3486 1917 3530 ad
1955 3485 2109 3536 Valer.

1274 3542 1423 3587 Flacc.
1456 3542 1579 3599 Vlll,
1610 3545 1712 3588 264.
1757 3542 1801 3588 e(
1842 3543 2107 3594 Schneider.

1278 3616 1343 3659 gr.
1368 3599 1443 3645 lat.
1466 3602 1503 3658 1,
1529 3608 1569 3647 1.
1598 3619 1641 3661 p.
1665 3603 1764 3647 200.
