2150 4022
173 213 296 274 424

231 340 602 440 oHduIeseentulus
646 337 734 382 An.
771 336 846 388 13,
893 340 963 384 12.
1003 338 1071 383 13.

174 454 474 498 adulationes
498 453 554 497 H.
578 454 620 505 2,
643 454 715 501 90.

176 512 380 556 adulterii
404 527 553 569 poena
569 512 652 555 An.
667 512 709 559 2,
725 513 795 554 50.
828 509 889 555 ef.
904 509 1070 554 Meieri

236 567 420 612 Attisch.
444 569 581 612 Proc.
602 584 644 626 p.
666 568 945 613 327.--332.

175 628 382 669 adulter.
437 629 708 668 adulterum
765 635 808 670 et
864 629 1072 668 alterum

234 682 359 727 conf.
388 683 479 727 An.
509 686 576 732 11,
606 684 675 728 12.
734 704 742 710 “
846 732 853 737 ,

175 742 367 841 ιιᾱὲιῖίιές
394 742 450 785 de
483 749 686 800 tempore
713 741 804 786 An.
826 741 870 789 2,
892 738 972 795 23,
1009 739 1068 784 Η.

175 858 380 899 adurere
403 856 459 900 de
482 856 651 915 frigore
675 857 766 900 An.
791 855 859 913 13,
882 855 952 900 35.
1011 853 1071 900 cf.

234 913 469 959 Drakenb.
515 916 571 958 ad
615 914 697 959 Sil.
748 914 845 958 ital.
885 913 963 965 lV,
1000 913 1072 957 68.

236 969 439 1015 Valcken
507 973 562 1016 ad
606 972 802 1016 Theoer.
849 971 1074 1015 Adionaz.

236 1043 265 1086 p
300 1029 400 1073 224.
424 1029 478 1075 C.
662 1060 666 1065 ,

179 1089 410 1130 advehere
457 1096 501 1132 et
551 1089 725 1130 advehi
763 1088 853 1131 An.
903 1087 971 1141 16,
999 1085 1074 1129 21.

240 1143 458 1189 Germ-2.
507 1146 632 1189 conf.
659 1161 763 1188 cum
788 1147 989 1192 avehere
1016 1143 1073 1187 Η.

237 1205 280 1253 4,
297 1203 375 1246 ¹18.
405 1202 476 1248 53.
518 1207 760 1259 4,αᾱυεειιιες
795 1210 838 1245 et
866 1204 1078 1245 adiectus

237 1260 363 1304 conf.
391 1258 547 1304 Germ.
570 1261 614 1303 9.
676 1261 736 1304 id.
763 1276 867 1305 cum
895 1263 1077 1302 adven-

237 1325 313 1360 tus
339 1317 463 1362 conf.
487 1320 578 1362 An.
606 1320 672 1366 12,
697 1319 766 1361 27.
816 1318 871 1361 Η.
894 1318 935 1368 4,
961 1317 1031 1359 84.

178 1379 413 1418 adventus
435 1383 478 1418 et
499 1379 722 1419 advectus
743 1375 873 1419 conf.
902 1379 988 1418 An.
1015 1375 1083 1427 12,

238 1433 309 1477 27.
353 1433 406 1476 H.
433 1434 476 1488 4,
504 1433 575 1477 84.

180 1491 502 1535 adverbiorum
555 1508 660 1534 usus
693 1494 779 1536 An.
817 1492 855 1544 1,
893 1494 959 1535 10.
1019 1489 1083 1536 cf.

239 1549 321 1592 sub
347 1564 504 1607 praep.
530 1564 607 1592 ex.

178 1610 382 1649 adversa
406 1605 495 1649 An.
518 1607 559 1658 3,
587 1606 655 1649 12.

179 1665 457 1713 adversari,
490 1665 544 1707 de
573 1672 801 1708 structura
828 1664 918 1707 An.
946 1666 982 1713 1,
1002 1665 1074 1709 28.

241 1737 345 1765 cum
379 1723 604 1765 aversari
636 1722 761 1766 conf.
796 1723 886 1765 An.
910 1724 980 1777 14,
1009 1723 1078 1766 51.

239 1779 297 1825 Η.
319 1782 362 1833 1,
388 1782 426 1823 1.
459 1780 498 1831 3,
520 1781 592 1823 25.
623 1778 663 1830 4,
682 1779 754 1823 84.
815 1783 1081 1823 adversans

237 1846 282 1880 et
307 1852 538 1880 aversans
562 1836 683 1880 conf.
712 1837 764 1881 H.
788 1840 827 1894 1,
849 1837 922 1880 38.

180 1900 409 1943 adversus
432 1896 520 1939 An.
541 1896 606 1946 16,
622 1895 663 1937 4.
698 1894 912 1938 Germa.
957 1893 1081 1938 conf.

237 1968 342 1996 cum
375 1957 631 1995 adversum
654 1953 743 1994 An.
770 1954 812 2007 2,
838 1953 910 1995 45.
936 1953 1006 1996 46.
1039 1952 1080 2000 6,

243 2015 281 2054 1.
318 2011 384 2056 12,
406 2012 451 2054 4.
483 2009 548 2060 15,
572 2011 646 2053 21.
686 2011 752 2058 16,
776 2012 820 2052 5.
863 2009 918 2053 H.
944 2009 985 2058 3,
1009 2010 1077 2051 51.

236 2083 342 2112 cum
365 2082 556 2111 aversus
576 2067 687 2119 ’11.2,
704 2068 772 2111 51.
803 2067 845 2121 4,
858 2068 929 2110 80.
974 2083 1078 2111 eum

236 2128 370 2180 apud
393 2125 486 2169 An.
514 2126 581 2174 12,
603 2124 691 2167 30.·

179 2187 428 2226 advertere
441 2198 526 2240 pro
539 2185 926 2225 animadvertere
941 2180 1077 2234 Aue,

237 2240 308 2284 32.
351 2239 393 2292 3,
419 2240 491 2284 52.
525 2242 572 2293 4,
598 2243 668 2283 21.
696 2239 768 2283 35.
812 2239 880 2293 12,
907 2238 976 2281 51.
1013 2238 1083 2288 13,

237 2298 309 2343 28.
340 2301 406 2346 14,
421 2297 493 2341 43.
555 2298 657 2341 vide
673 2296 885 2341 Gronov.
910 2296 963 2337 ad
979 2294 1079 2340 Liv-

240 2357 276 2412 Ι,
303 2356 346 2405 4,
369 2357 413 2399 5.
439 2355 494 2399 ad
519 2355 646 2399 Curt.
669 2354 793 2402 V111,
820 2352 893 2406 14,
913 2353 955 2395 4.
990 2353 1089 2408 Be.

240 2413 355 2457 neke
378 2413 433 2455 ad
463 2412 618 2456 lustin.
638 2412 695 2463 11,
720 2416 758 2461 1,
786 2414 856 2454 14.

181 2473 405 2516 advocati
423 2470 553 2514 Orat.
580 2473 619 2514 1.

179 2532 460 2580 advolvere,
503 2529 557 2571 de
579 2536 807 2573 structura
833 2526 922 2569 An.
951 2528 989 2580 1,
1017 2525 1085 2571 13.

237 2587 280 2637 6,
304 2586 378 2630 49.
420 2586 478 2631 H.
505 2582 548 2643 4,
576 2587 647 2629 81.
977 2626 982 2632 .

182 2661 241 2688 ae
266 2654 309 2688 et
335 2659 359 2686 e
389 2644 513 2687 conf.
539 2645 630 2686 An.
656 2645 723 2696 16,
747 2643 820 2687 29.
863 2641 920 2684 Η.
947 2643 983 2693 1,
1009 2642 1053 2684 9.

172 2702 314 2746 'aedes
354 2702 505 2752 Fortis
543 2703 770 2745 Fortunae
809 2702 897 2743 An.
933 2701 973 2750 2,
1011 2702 1083 2745 41.

236 2759 385 2859 Lib4eri
415 2758 691 2818 Liberaeque
718 2767 760 2802 et
787 2758 969 2803 Cereris
996 2759 1083 2801 An.

239 2818 284 2870 2,
339 2818 380 2861 9.

178 2876 525 2933 aedificationes
552 2875 639 2918 An.
661 2873 702 2925 3,
728 2874 800 2918 37.

177 2932 352 2987 Aedui,
389 2933 444 2975 de
472 2932 699 2990 scriptura
722 2932 776 2975 H.
805 2934 844 2983 1,
868 2933 939 2976 51.

176 2993 356 3048 Aegeae
380 2991 470 3034 An.
495 2991 560 3040 13,
586 2992 628 3034 8.

179 3063 323 3103 aeger
349 3049 456 3106 quid
485 3046 541 3090 sit
567 3048 657 3091 An.
687 3049 726 3096 1.
753 3048 796 3092 6.
839 3048 952 3107 Agr.
979 3048 1050 3093 32.

182 3106 381 3163 Aegium
409 3107 499 3148 An.
525 3105 567 3159 4,
596 3105 666 3149 13.

177 3164 401 3221 Aegyptia
424 3178 550 3206 saera
581 3165 672 3206 Αη.
695 3163 736 3215 2,
761 3162 832 3205 85.

175 3221 423 3268 Aelianus,
462 3219 516 3262 de
551 3219 777 3278 scriptura
806 3223 893 3264 An.
922 3223 989 3271 14,
1013 3223 1085 3265 41.

172 3279 331 3322 Aetius
357 3276 555 3321 Gracilis
582 3279 670 3320 An.
706 3279 773 3327 13,
800 3280 872 3324 53.

115 3375 136 3390 7.
181 3334 438 3380 Aemiliana
460 3335 553 3378 An.
587 3335 653 3384 15,
678 3336 752 3382 40.

179 3392 405 3436 Aemilius
434 3392 493 3436 H.
522 3395 559 3443 1,
584 3396 655 3437 20.

182 3450 452 3492 aemulatio
475 3457 518 3492 el
540 3451 714 3494 inuidia
739 3451 796 3495 Η.
820 3452 864 3505 2,
885 3453 954 3496 21.

176 3509 450 3551 aemulatus
478 3508 699 3555 substant.
726 3509 891 3556 dubiae
927 3517 1088 3555 aueto-

242 3565 386 3610 ritatis
419 3567 530 3623 Agr.
556 3567 628 3610 46.

490 212 789 273 INDEX
836 209 1712 297 ,ΛυΝοΤΑΤΙοΝυΜ

1142 343 1406 395 aemulari,-
1484 343 1617 388 artic.
1638 346 1906 389 aemulatus
1928 332 2034 391 usus

1201 398 1290 444 An.
1317 401 1387 449 15.
1405 358 1482 445 43)
1961 391 1966 401 ¹

1124 455 1470 507 ‚Acuebat-bus,
1520 457 1577 502 de
1621 437 1809 502 noniine
1850 467 1894 502 et
1937 459 2034 512 viro

1201 513 1297 557 An.
1325 515 1394 563 12,
1418 513 1462 559 3.
1521 515 1573 559 In
1609 515 1759 558 numis
1794 523 1840 562 et
1869 517 2032 567 inscri-
2066 510 2072 517 ’
2142 570 2150 585 ¹

1203 571 1432 628 ptionihus
1452 581 1517 616 est
1538 574 1894 619 Ahenobarbus.

1143 629 1404 684 aequabilis
1444 637 1498 672 et·
1529 632 1738 686 aequalis
1781 630 1905 676 conf.
1949 633 2035 677 An.

1205 685 1275 734 15,
1297 685 1374 728 21.
1411 686 1468 730 Η.
1491 687 1625 737 2,27.
2122 733 2127 742 ,

1145 746 1356 798 aequalis
1378 753 1421 787 et
1442 744 1696 801 aequabilis
1721 745 1847 790 conf.
1860 746 1954 790 An.
1971 747 2039 797 15,

1198 801 1271 844 21.
1317 799 1373 850 H.
1397 801 1438 853 2,
1460 804 1532 846 27.
1855 843 1860 848 .

1144 873 1289 915 aeque
1308 882 1330 889 -
1349 874 1498 915 aeque
1533 866 1577 902 et
1611 874 1797 915 aeque·
1812 875 1956 916 quam
1977 877 2038 905 «se

1202 915 1427 974 excipiunt
1450 917 1559 974 Agr.
1587 918 1655 960 15.
1685 908 1814 962 Orst.
1840 920 1910 963 10.

1143 975 1356 1029 aequitas
1380 975 1474 1021 An.
1495 975 1564 1022 16,
1587 973 1661 1019 33.

1142 1045 1352 1086 aequare
1370 1039 1411 1073 et
1436 1035 1706 1087 adaequare
1727 1031 1852 1075 conf.
1865 1032 1954 1076 Au.
1973 1031 2041 1084 13,

1202 1090 1275 1132 41.
1300 1088 1356 1131 G.
1371 1089 1442 1134 14.
1475 1089 1536 1133 cf.
1551 1089 1749 1147 Herzog:
1765 1091 1820 1132 ad
1845 1088 1971 1135 Caes.
1986 1091 2039 1140 Β,

1207 1146 1267 1190 G.
1295 1146 1368 1201 Vl,
1400 1147 1466 1189 12.
1490 1146 1565 1189 22.
1847 1188 1850 1192 .

1148 1218 1353 1260 aequus,
1390 1212 1541 1248 neutr.
1565 1218 1766 1259 aequum
1790 1204 1878 1248 An.
1906 1205 1947 1256 6,
1968 1206 2040 1249 25.

1209 1262 1278 1317 16,
1303 1262 1346 1305 4.
1404 1277 1606 1317 aequum
1634 1264 1705 1303 ius
1724 1260 1811 1304 An.
1835 1262 1878 1312 3,
1902 1263 1975 1306 27.

1151 1319 1324 1362 aerario
1350 1320 1564 1376 praefecti
1588 1320 1678 1362 An.
1697 1318 1764 1369 13,
1785 1320 1856 1362 28.
1916 1334 2043 1367 aem·

1208 1376 1265 1420 rii
1306 1384 1533 1435 praetores
1568 1377 1661 1420 An.
1699 1378 1737 1428 1,
1768 1376 1840 1420 75.
1902 1393 2042 1435 quae-

1211 1442 1356 1478 stores
1382 1433 1455 1476 An
1498 1433 1566 1483 13,
1587 1434 1661 1477 28.

1151 1490 1311 1536 Aerias
1331 1506 1418 1534 rex*
1428 1491 1482 1536 H.
1506 1493 1548 1543 2,
1569 1491 1642 1535 23.
1787 1533 1793 1544 ,

1151 1563 1236 1591 aes·
1252 1549 1489 1603 publicum
1513 1551 1601 1593 An.
1625 1550 1692 1600 12,
1715 1547 1789 1592 53.

1149 1606 1411 1654 Aeschines,
1437 1606 1494 1649 de
1517 1621 1646 1649 nom.
1661 1608 1816 1664 script.
1829 1606 1960 1651 Orat.
1973 1607 2046 1654 25.

1148 1665 1420 1707 aestimatio
1444 1665 1675 1721 quomodo
1703 1663 1752 1706 in
1779 1666 1960 1710 vetustis
1985 1666 2046 1710 li-

1210 1721 1304 1765 bris
1330 1722 1554 1765 scribatur
1577 1721 1633 1764 H.
1655 1724 1695 1769 1,
1722 1721 1790 1764 14.
1878 1759 1884 1762 .

1152 1782 1412 1835 aestimare
1441 1778 1569 1822 verbi
1593 1794 1712 1838 quae
1742 1780 1799 1822 sit
1827 1780 2047 1840 scriptura

1211 1838 1357 1896 prisea
1388 1838 1476 1879 An.
1510 1837 1579 1886 11,
1609 1840 1652 1884 2.
1685 1836 1727 1881 6.
1767 1839 1837 1890 13,
1872 1840 1937 1883 17.
1972 1841 2046 1884 42.

1215 1894 1279 1946 15,
1303 1895 1345 1936 2.
1390 1894 1444 1937 Η.
1474 1897 1510 1942 1,
1543 1893 1611 1937 15.
1649 1894 1690 1945 2,
1712 1895 1787 1938 41.
1809 1897 1881 1940 47.
1903 1897 1975 1940 76.
2004 1899 2049 1952 3,

1213 1954 1282 1996 52.
1299 1953 1343 2000 4,
1354 1949 1423 1994 73.
1445 1953 1551 2010 Agr.
1567 1951 1606 1995 5.
1619 1954 1690 1997 11.
1721 1955 1953 2008 quomodo
1967 1955 2067 1999 dif-‘

1211 2010 1326 2053 ferat
1346 2011 1398 2052 ab
1417 2011 1688 2052 existimare
1705 2009 1762 2052 H.
1777 2013 1819 2061 2,
1832 2012 1904 2055 23.
1921 2012 1960 2063 4,,
1974 2015 2048 2057 81.

1154 2069 1308 2125 Aestyi
1338 2066 1493 2109 Germ.
1518 2068 1589 2109 45.
2034 2119 2036 2123 ,

1152 2133 1288 2174 aetas
1309 2125 1446 2179 fessa
1481 2123 1533 2165 H.
1569 2126 1606 2172 1,
1642 2126 1709 2167 12.
1782 2125 2048 2171 nostratium

1210 2185 1282 2224 ein
1304 2182 1668 2235 Zeitgeschleclat
1690 2183 1800 2240 Agr.
1825 2186 1867 2226 1.

1153 2249 1402 2282 aeternum
1426 2240 1517 2282 An.
1545 2239 1608 2290 12,
1627 2238 1702 2283 28.
1737 2241 1803 2290 14,
1829 2234 1902 2284 35.
1961 2263 1963 2266 ·

1153 2296 1296 2341 lulius
1320 2294 1566 2349 Africanus
1591 2297 1720 2341 Orat.
1748 2298 1816 2341 15.
1884 2333 1890 2339 .

1153 2354 1406 2411 afuturum
1433 2361 1475 2396 et
1501 2353 1783 2410 adfuturum
1809 2356 1936 2400 conf.
1963 2359 2052 2402 An.

1154 2484 1301 2524 agger
1335 2471 1425 2513 An.
1458 2470 1500 2520 2,
1534 2470 1604 2512 81.
1656 2467 1723 2520 13,
1758 2469 1831 2515 53.
1877 2472 1944 2525 14,
1981 2474 2053 2518 25.

1213 2535 1471 2582 aggeratus
1495 2527 1587 2571 An.
1612 2528 1678 2575 15,
1706 2528 1772 2571 15.
1849 2546 1854 2551 ·

1156 2589 1339 2640 agitare
1352 2585 1495 2640 senus
1520 2583 1675 2628 Germ.
1701 2585 1775 2627 26.

1157 2658 1330 2698 agmen
1360 2643 1413 2684 de
1441 2643 1581 2700 copiis
1607 2643 1664 2686 H.
1694 2645 1731 2691 1,
1753 2643 1825 2687 23.

1157 2701 1327 2755 agnati
1348 2700 1424 2757 qui
1453 2700 1538 2742 sint
1562 2700 1615 2743 H.
1641 2703 1681 2753 5,
1706 2702 1747 2742 5.
1795 2700 1954 2744 Germ.
1989 2703 2054 2748 19.

1157 2772 1410 2812 agnoscere
1426 2757 1548 2800 verbi
1564 2758 1784 2816 scriptura
1800 2761 1884 2801 An.
1904 2761 1969 2811 16,
1983 2762 2053 2804 15.

1217 2815 1273 2859 H.
1315 2819 1350 2865 1,
1385 2813 1455 2858 75.
1515 2815 1704 2870 agnitus
1750 2823 1792 2859 et
1834 2819 2056 2871 adgnitus

1218 2875 1307 2916 An.
1329 2875 1372 2916 2.
1400 2873 1467 2915 17.

1160 2945 1303 2985 agere
1325 2930 1445 2972 conf.
1470 2944 1572 2972 cum
1600 2944 1774 2983 augere
1792 2932 1880 2974 An.
1903 2931 1968 2984 14,
1982 2933 2055 2978 54.

1221 2990 1288 3031 58.
1332 2989 1398 3038 15,
1427 2987 1495 3028 10.
1553 2988 1607 3030 11.
1641 2989 1682 3037 2,
1714 2989 1783 3030 54.
1837 2990 1948 3047 Agr.
1981 2991 2055 3039 39.

1218 3061 1322 3089 cum
1359 3059 1519 3098 cogere
1557 3046 1612 3089 H.
1648 3052 1685 3099 1,
1707 3046 1778 3092 62.
1840 3063 1984 3102 agere
2013 3058 2058 3093 et

1206 3103 1349 3159 serre
1376 3101 1618 3147 coniuncta
1644 3102 1700 3147 H.
1727 3107 1765 3152 1,
1789 3105 1830 3152 2,
1862 3106 1990 3150 Orat.
2015 3107 2056 3150 8.

1220 3175 1363 3215 ogere
1392 3164 1602 3217 exsulem
1638 3162 1728 3204 An.
1756 3166 1793 3213 1,
1815 3165 1855 3204 4.
1916 3178 2056 3218 agere

1219 3226 1487 3261 senatorem
1511 3220 1599 3261 An.
1624 3219 1693 3273 16,
1718 3220 1790 3262 28.
1827 3219 2056 3265 Drakenb.

1219 3277 1271 3319 ad
1289 3276 1384 3317 Liv.
1399 3275 1501 3331 epit.
1519 3277 1591 3318 46.
1626 3275 1852 3319 Schwarz.
1869 3278 1923 3319 ad
1944 3278 2057 3323 Ptin.

1219 3333 1388 3389 Paneg.
1402 3332 1512 3376 e.15.
1533 3347 1677 3385 agere
1691 3336 1888 3376 linu'tem
1902 3334 2057 3380 Germ.

1216 3390 1288 3433 29.
1347 3405 1422 3443 og.
1445 3390 1566 3433 verbi
1590 3390 1756 3448 ellipsis
1783 3393 1893 3448 Agr.
1916 3393 1984 3435 19.

1161 3449 1360 3506 agrestis
1375 3464 1390 3498 ;
1428 3447 1562 3491 ablat.
1595 3454 1781 3503 agreste
1808 3457 1852 3491 et
1881 3452 2065 3505 agresti

1223 3507 1307 3548 An.
1320 3505 1361 3552 4,
1373 3505 1441 3547 45.
1455 3504 1514 3549 cf.
1524 3505 1650 3548 Voss.
1663 3505 1717 3548 de
1730 3504 2059 3554 Aual.11.c.11.

1224 3562 1439 3609 Oudend.
1462 3562 1516 3607 ad
1541 3562 1672 3622 Apul.
1692 3562 1868 3608 Mehfl.
1897 3563 2055 3624 p.762.
