2150 4022
1967 114 1975 135 )

331 257 589 321 «mm
636 214 1233 317 AGRIC.V1TA
1275 253 1741 321 CAP.15.16.
1846 258 1969 323 143

119 368 302 451 tutem
348 388 644 445 maiorum
691 405 933 442 suorum
987 384 1444 448 aemularentur.
1551 386 1713 445 Neve
1756 390 1971 465 proelii

120 477 296 535 unius
340 455 443 530 aut
485 470 726 529 alterius
765 482 980 527 eventu
1014 484 1408 545 pavescerent.
1516 474 1651 553 plus
1698 475 1973 550 impetUS,

119 561 399 617 maiorem
443 558 830 614 constantiam
859 574 1039 630 penes
1078 555 1323 611 miseros
1361 577 1500 618 esse.
1587 559 1704 614 iam
1726 558 1972 618 Britan...

120 666 334 702 norum
368 643 542 700 etiam
580 643 722 698 deos
756 640 1053 707 misereri,
1111 640 1216 715 qui
1240 638 1583 717 Romanum
1618 646 1825 702 ducem
1859 649 1970 723 ab-¹

119 742 368 799 sentem,
411 728 516 804 qui
545 728 863 800 relegatum
900 726 965 780 in
1000 725 1113 780 alia
1148 725 1340 781 insula
1386 729 1703 786 exercitum
1739 732 1970 789 detine...

118 827 275 872 rent:
329 815 448 870 iam
489 813 674 888 ipSOS‚
727 813 887 889 quod
920 810 1335 866 difficillimum
1370 812 1574 882 fuerit,
1619 815 1968 878 deliberare.

117 921 294 977 porro
327 900 392 955 in
417 898 705 954 eiusmodi
740 895 1000 954 consiliis
1022 895 1407 970 periculosius
1437 917 1556 954 esse
1583 897 1969 974 deprehendi,

120 1005 295 1062 quam
322 985 554 1042 audere.

284 1067 450 1128 XVI.
534 1066 647 1124 His
677 1078 850 1141 atque
877 1065 1093 1121 talibus
1119 1064 1373 1121 invicem
1399 1066 1695 1139 instincti,
1738 1068 1971 1130 Boudi-

118 1176 245 1225 cea,
290 1153 519 1228 generis
544 1152 690 1225 regii
727 1151 976 1215 femina,
1020 1152 1167 1206 duce
1207 1146 1425 1227 (neque
1465 1154 1624 1208 enim
1665 1174 1867 1213 sexum
1902 1160 1970 1216 in

98 1234 380 1316 'imperiis
409 1233 778 1314 discernunt)
804 1254 1100 1310 sumpsere
1125 1236 1388 1292 universi
1412 1238 1664 1295 bellum:
1710 1260 1776 1297 ac
1802 1253 1968 1318 spar-

119 1346 211 1382 sos
245 1337 350 1401 per
386 1324 620 1380 castella
657 1321 874 1378 milites
914 1321 1227 1378 consectati
1253 1324 1609 1396 ‚expugnatis
1657 1328 1970 1400 praesidiis

118 1412 303 1485 ipsam
352 1409 647 1466 coloniam
696 1408 992 1475 invasere,
1055 1416 1122 1462 ut
1171 1408 1376 1462 sedem<
1430 1409 1746 1467 servitutis·
1858 1434 1969 1474 nec

116 1497 307 1554 ullum
334 1494 400 1550 in
426 1494 694 1552 barbaris
731 1493 1002 1550 saevitiae
1038 1510 1219 1565 genus
1247 1492 1444 1550 omisit
1480 1496 1568 1552 ira
1606 1506 1662 1553 et
1699 1497 1969 1576 victoria.

300 1604 334 1639 a*

1071 1761 1246 1803 semper
1280 1762 1374 1789 esse
1412 1747 1680 1800 coniuncta,
1721 1745 1798 1793 sed
1822 1766 1968 1810 prae-

118 1751 332 1798 sententia
345 1758 478 1805 atque
492 1763 569 1790 ore
583 1747 724 1791 dictat
748 1762 885 1804 quare
899 1745 1001 1789 satis
1456 1806 1464 1812 -

1073 1805 1202 1861 cipue
1238 1804 1410 1847 laudari
1453 1814 1673 1862 impetum
1707 1823 1811 1851 cum
1850 1825 1968 1855 con-

115 1811 275 1856 licebat
297 1805 502 1864 scriptori
527 1805 637 1847 haec
662 1803 722 1846 ita
750 1804 921 1853 efferre,
952 1811 1002 1845 ut

113 1869 375 1911 viderentur
394 1864 619 1907 enuntiata
638 1879 769 1905 sensu
781 1861 1001 1904 Romano.

114 1923 334 1969 Oratione
365 1924 486 1964 recta
519 1920 758 1962 Britannos
792 1935 885 1962 non
919 1919 1002 1959 de-

113 1983 242 2028 cebat
283 1976 429 2021 dicere
469 1978 628 2018 divum
674 1977 849 2019 lulium.
930 1974 1000 2018 De

31 2024 37 2031 ⁴
111 2041 213 2084 loco
250 2038 340 2081 An.
371 2040 404 2087 1,
431 2035 501 2076 59.
532 2034 610 2076 ille
641 2037 840 2076 delectus
862 2033 999 2074 Tibe-

111 2099 205 2140 rius
225 2128 236 2147 ,
307 2109 441 2149 quem
496 2090 747 2134 Walchius
806 2090 995 2148 exempli

113 2170 241 2200 causa
261 2151 425 2198 adfert,
456 2148 557 2194 vide
578 2149 639 2191 ibi
664 2156 830 2191 notata.

166 2239 402 2281 virtutem.
477 2233 552 2276 Sic
578 2232 678 2276 MS.
702 2230 844 2274 Vatic.
867 2229 997 2274 3429.

112 2295 214 2340 edd.
238 2292 423 2336 Becker.
444 2290 610 2333 Hei-tel.
669 2288 818 2344 Vulgo
853 2289 998 2331 virtu-

71 2352 73 2354 ’
111 2362 206 2400 tes,
237 2350 358 2407 quod
386 2363 478 2391 esse
501 2347 547 2389 in
571 2346 670 2389 MS.
696 2344 841 2390 Vatic.
866 2345 997 2390 4498.

115 2411 174 2452 ob
210 2405 404 2450 Broterii
438 2404 664 2447 silentium
699 2403 884 2446 minime
917 2404 996 2446 ad-

112 2462 399 2510 firmaverim.
466 2461 602 2504 Recte
636 2469 781 2503 autem
816 2461 997 2518 reponi·

112 2540 212 2568 mus
242 2524 480 2574 uirtutem,
531 2518 632 2574 quia
665 2533 815 2559 sermo
847 2526 911 2560 est
943 2521 997 2561 de

110 2579 374 2624 fortitudine
423 2575 672 2623 maiorum,
731 2589 822 2631 quo
865 2590 998 2618 sensu

111 2644 367 2683 constanter
401 2633 566 2677 Noster
612 2631 719 2675 dicit
763 2632 999 2683 virtutem,

110 2711 205 2738 non
232 2695 447 2736 virtutes.
512 2689 570 2734 cf.
591 2690 677 2731 An.
710 2689 831 2736 1‚52.
864 2690 903 2738 2,
926 2691 995 2732 21.

112 2756 182 2802 11,
210 2753 274 2795 19.
308 2752 373 2799 12,
397 2748 491 2801 39.;
519 2747 632 2790 Hist.
662 2750 697 2798 1,
719 2746 787 2790 83.
811 2754 855 2790 et
878 2747 998 2791 alibi.

160 2837 267 2889 plus
288 2835 499 2887 impetus,
525 2832 757 2873 maiorem
778 2838 994 2872 constan-

110 2896 226 2936 tiam
249 2900 357 2934 etc.
392 2889 622 2932 Ernestius
655 2903 759 2931 eum
788 2887 994 2931 Acidalio

110 2951 272 2993 frustra
299 2947 538 3006 quaerebat
558 2960 747 2995 vocem,
778 2959 890 3002 quae
916 2959 994 3002 po-

109 3015 290 3051 neretur
321 3013 422 3047 ante
450 3006 580 3057 plus,
622 3011 672 3044 ut
696 3003 891 3056 zhtegris
925 3000 994 3044 vel

109 3063 252 3109 simile
277 3060 382 3119 quid
408 3077 456 3102 ex
479 3058 765 3118 oppositione
794 3061 994 3102 misero·

109 3136 232 3164 rum.
308 3118 454 3160 Immo
494 3116 606 3159 inest
637 3116 703 3159 his
740 3116 886 3159 verbis
917 3133 995 3160 ar·—

108 3185 368 3237 gumentuin
389 3173 706 3217 exhortationis
725 3174 995 3231 praeceden-

111 3236 189 3279 tis:
227 3244 341 3275 neve
364 3261 428 3274 ...
451 3238 773 3283 pavescerent,
804 3229 846 3273 h.
873 3247 913 3274 e.
939 3248 995 3275 ne

107 3293 153 3335 in
197 3289 372 3333 miseria
420 3289 599 3344 quidem
657 3303 781 3344 spem
823 3287 991 3331 abiice-

108 3358 232 3392 rent:
267 3363 370 3389 nam
400 3346 498 3402 plus
529 3346 719 3402 impetus
757 3375 821 3389 ...
857 3363 993 3402 penes

110 3405 297 3448 miseros
339 3420 450 3446 esse.
530 3403 599 3444 De
642 3403 862 3447 vocabulo
898 3406 992 3444 im-

106 3469 240 3515 petus
275 3459 331 3504 cf.
359 3461 450 3504 An.
489 3460 532 3507 2,
568 3458 634 3501 14.
697 3457 853 3503 Germ.
885 3476 925 3503 c.
948 3460 988 3504 4.

110 3518 220 3560 nist.
242 3519 284 3565 2,
305 3517 374 3560 32.
434 3516 470 3559 Ε
492 3516 653 3574 quibus
677 3515 787 3559 iocis
811 3532 988 3574 cogno-

1073 1862 1232 1904 stantia
1261 1863 1575 1906 coniunctum.

1126 1920 1409 1972 relegatum.
1513 1920 1687 1989 Lipsius
1747 1922 1967 1968 malebat:

1071 1978 1342 2029 religatum.
1400 1976 1488 2019 Sed
1510 1978 1706 2022 editores
1728 1980 1843 2023 bene
1866 1982 1967 2026 abs-

1069 2034 1302 2076 tinuerunt
1332 2035 1385 2076 ab
1414 2050 1461 2076 ea
1477 2036 1808 2081 emendatione.
1851 2038 1964 2085 Ver·

1071 2091 1124 2133 ba
1157 2093 1204 2131 1'n
1238 2092 1338 2133 alia
1367 2090 1520 2133 insula
1544 2093 1772 2148 pertinent
1797 2095 1854 2139 ad
1881 2101 1966 2139 ἀι·

1070 2150 1292 2198 tinerent‚·
1340 2151 1600 2202 relegatum
1639 2151 1748 2194 dicit
1791 2154 1964 2198 exerei-

1071 2214 1190 2253 tum,
1247 2204 1348 2262 qnia
1398 2206 1481 2262 ipsi
1533 2207 1593 2250 dii
1635 2209 1965 2254 Britannorum

1068 2262 1256 2305 miseriti
1291 2263 1557 2307 videbantur
1588 2268 1829 2311 exercitum
1864 2267 1964 2311 Ro-

1071 2336 1256 2364 manum
1295 2322 1526 2378 relegasse.
1600 2324 1661 2367 cf.
1699 2325 1786 2368 An.
1821 2325 1862 2377 2,
1891 2326 1965 2374 82,

1069 2380 1171 2419 ideo
1197 2379 1420 2419 nimirum
1454 2380 1501 2420 in
1538 2387 1780 2430 extremas
1812 2390 1967 2437 terrast

1068 2438 1328 2486 relegatum
1368 2434 1752 2494 (Germanicum).
1843 2439 1964 2483 Con·

1067 2492 1241 2534 temtim
1263 2493 1320 2534 ita
1346 2490 1433 2534 dici
1457 2495 1723 2547 relegatum
1751 2511 1854 2539 curn
1873 2497 1962 2541 Er-

1068 2547 1212 2590 nestio
1259 2548 1675 2595 animadverterunt
1695 2546 1964 2609 'Dro'nkiug

1067 2604 1316 2657 Hei-telius,
1352 2604 1622 2654 Walchius.
1919 2621 1922 2634 ²

1125 2679 1247 2728 quod
1290 2675 1615 2731 diſj‘icillirnum
1644 2677 1849 2737 faerit.¹
1896 2681 1960 2729 cf·

1067 2748 1107 2776 c.
1135 2732 1199 2775 12.
1217 2734 1264 2774 in
1283 2747 1531 2775 cmnmune
1553 2750 1655 2795 non<
1669 2740 1931 2783 consulunt.
1950 2746 1955 2751 “

1126 2803 1237 2846 CAP.
1265 2803 1334 2847 16.
1389 2805 1649 2851 Boudicca.
1700 2806 1766 2853 cf.
1789 2813 1963 2867 nouad

1072 2863 1156 2904 An.
1186 2862 1252 2911 14,
1276 2861 1346 2904 31.
1418 2860 1505 2906 Hic
1527 2862 1631 2907 MS.
1658 2864 1803 2915 Vatic.
1827 2866 1958 2914 3429.

1069 2919 1316 2960 Voadicca.
1389 2918 1490 2962 MS.
1514 2920 1659 2966 vatic.
1683 2923 1814 2966 4498.
1837 2926 1963 2979 Vota,-

1066 2979 1202 3019 duca.
1285 2975 1399 3020 Edd.
1436 2985 1547 3022 vett.
1580 2979 1630 3021 V
1625 2982 1806 3025 oada‘ca.
1887 2983 1961 3033 De

1069 3034 1394 3092 permutatione
1451 3033 1702 3082 litterarum
1749 3041 1792 3082 b.
1831 3047 1874 3084 et
1893 3087 1898 3092 ,
1917 3057 1960 3087 υ.

1071 3090 1242 3134 dictum
1266 3099 1329 3132 est
1353 3091 1406 3132 ad
1431 3108 1476 3138 c.
1499 3093 1543 3137 8.

1123 3162 1297 3205 omisit.
1357 3162 1457 3206 Hoc
1483 3166 1683 3222 reposuit
1704 3167 1959 3215 Rhenanus.

1067 3218 1246 3262 Priores
1277 3218 1380 3262 edd.
1413 3224 1600 3277 amisit,
1639 3223 1813 3284 vulgari
1849 3242 1957 3270 con·

1065 3275 1259 3320 fusione.
1344 3277 1402 3321 cf.
1434 3287 1532 3322 not.
1564 3279 1619 3323 ad
1661 3282 1745 3325 An.
1788 3285 1852 3335 14,
1883 3285 1955 3331 26.

1069 3333 1133 3385 15,
1154 3336 1192 3377 5.
1215 3344 1259 3378 et
1287 3334 1355 3378 18.
1948 3339 1952 3346 ⁴

1120 3405 1198 3445 ira
1229 3411 1273 3446 et
1308 3406 1516 3448 victoria.
1578 3403 1664 3450 ιἘν
1695 3405 1773 3452 διὰ
1803 3383 1953 3468 δυοῖν,ς

1063 3469 1111 3502 ut
1151 3461 1229 3502 ira
1271 3470 1315 3502 ee
1345 3463 1660 3506 micsimulatin
1694 3467 1785 3509 An.
1814 3468 1856 3520 2,
1881 3470 1951 3515 57.

1061 3517 1266 3560 Heinsius
1291 3518 1456 3562 frustra
1480 3515 1694 3564 c'oniecit:
1725 3523 1951 3570 nra-uicto.

107 3576 243 3617 scitur
267 3574 480 3631 impetum
510 3583 551 3616 et
575 3573 868 3618 constantiam
894 3590 986 3616 non
1057 3577 1149 3625 ris,-
1190 3574 1457 3619 Scriverius:
1492 3578 1620 3620 irata
1649 3580 1861 3629 victoria.
