2150 4022
213 305 338 385 346
718 272 840 362 Di?-
895 297 1546 370 oRATofflssus
1623 309 1657 322 ¹*

213 437 480 497 animum
506 432 580 489 ad
605 451 734 489 eam
761 431 1165 507 disciplinam,
1216 451 1335 513 qna
1353 435 1648 489 mosessc
1671 449 1770 486 eos
1789 437 2058 489 orator&

213 520 543 595 accepimus
561 563 576 586 ‚
628 525 883 594 quorum
916 517 1184 573 infinitus
1211 516 1383 572 labor
1409 526 1467 573 et
1494 515 1838 593 quotidiana
1867 515 2059 573 meai·-

213 606 357 674 tatio
402 616 459 660 et
498 602 563 660 in
598 602 765 661 omini
800 620 1011 676 genere
1042 601 1371 661 studiorum
1400 602 1664 660 assidu-ae
1692 600 2058 664 exercitatio-

214 710 318 748 nes
357 690 622 764 ipsorum
659 687 835 744 etiam
871 687 1252 760 eontinentur
1285 686 1489 759 libris.v
1524 717 1530 722 ·
1560 687 1737 761 notus
1777 697 1864 742 est
1888 685 2058 753 vohis

211 776 419 852 utique
445 771 748 838 Ciceronis
774 773 957 840 liber,
981 762 1104 848 *q'ui
1129 769 1350 836 Brutus
1378 762 1747 841 inscribitur3
1797 771 1864 828 in
1893 771 2059 840 cuius

215 865 470 935 extrema
516 870 680 935 parte
724 856 890 937 (nam
931 857 1097 933 prior
1140 857 1757 920 commemorationem
1791 867 2058 919 ,veterum

213 957 514 1003 oratorum
541 940 745 1022 habet)
775 963 875 999 sua
909 942 1108 1011 initia,
1151 961 1286 998 suos
1315 943 1558 1015 gramm,
1613 960 1750 997 suae
1778 941 2059 1017 eloquen-

214 1032 327 1089 tiae
353 1030 517 1086 velut
543 1031 837 1105 quandam
865 1029 1270 1084 educationem
1295 1028 1498 1083 refert:
1545 1046 1603 1082 se
1630 1026 1788 1101 apud
1812 1024 1888 1099 Q.
1913 1025 2059 1083 Mu-

215 1117 373 1174 cium
407 1116 500 1171 ius
534 1116 706 1172 civile
742 1113 1048 1183 didicisse3
1103 1113 1258 1187 apud
1282 1107 1595 1170 Philonem
1622 1105 2060 1187 Academicum,

211 1318 496 1382 omitteretur
520 1347 562 1382 et
594 1336 804 1393 referam
823 1350 1008 1382 necesse
1032 1342 1103 1379 est

211 1413 319 1439 eam
337 1399 508 1447 discipl.
528 1397 883 1452 coniungeretur
902 1394 1105 1452 optabat;

204 1455 291 1498 sed
314 1453 360 1497 id
385 1454 456 1500 vix
483 1454 664 1512 probari
687 1461 849 1510 potest.

273 1569 383 1599 usos
420 1569 530 1598 esse.
588 1552 724 1596 MSS.
758 1554 893 1611 Neap.
927 1553 1104 1608 [Farm]

215 1620 259 1657 et
280 1613 386 1656 edd.
412 1620 515 1655 ante
537 1609 739 1656 Rhenan.
762 1627 908 1655 ausos
931 1626 1046 1654 esse.

273 1713 482 1770 infinitus
502 1714 649 1755 labor.
713 1710 783 1755 Cf.
798 1710 892 1756 Cic.
913 1710 966 1754 de
992 1719 1105 1753 orat.

214 1773 255 1825 1,
295 1773 335 1813 1.
381 1771 592 1827 infinitus
625 1771 897 1827 sorensium
943 1783 1101 1811 rerum

213 1832 362 1872 labor.

271 1919 323 1960 in
348 1917 479 1958 omni
497 1929 666 1968 genere
689 1916 953 1956 studiorum
977 1914 1105 1955 assi-

213 1979 335 2019 duae
378 1973 753 2015 exercitationes.
845 1972 921 2015 Sic
966 1971 1102 2014 MSS.

214 2032 338 2075 Vati.
373 2033 434 2088 [et
466 2031 603 2073 Farn.
638 2039 670 2073 t.
708 2029 933 2083 Bekkero]
967 2028 1101 2071 item—

215 2105 303 2148 que
339 2089 435 2132 MS.
474 2088 633 2143 Neap.‚
686 2088 769 2129 nisi
807 2088 926 2143 quod
965 2087 1010 2127 in
1048 2101 1102 2126 eo

215 2149 406 2190 assidue
466 2145 816 2188 exercitationis
883 2144 1099 2200 scriptum

215 2204 296 2248 est.
359 2202 478 2247 Edd.
510 2218 668 2245 omnes
698 2209 799 2244 ante
821 2200 994 2243 Dronk.
1023 2199 1101 2242 ha-

214 2264 325 2306 bent
371 2264 418 2304 in
458 2262 591 2301 ¹omni
631 2274 800 2314 genere
844 2262 1104 2300 studiorum

196 2319 598 2375 exercitationes,
629 2333 714 2359 una
739 2317 809 2360 ed.
828 2315 948 2373 Spir.
972 2330 1106 2357 exer·

214 2378 456 2423 citationis.
516 2373 882 2417 ])ronk.Osann.
905 2370 1106 2416 etOrell.

213 2436 476 2480 studiorum
500 2431 729 2475 eiicientes
752 2448 775 2474 e
790 2429 959 2473 Vaticc.
975 2430 1107 2473 codd.

215 2494 432 2537 assiduae
472 2499 791 2547 susceperunt,
849 2488 948 2544 quia
996 2486 1106 2530 illud

210 2550 364 2594 ,omitti
391 2565 520 2608 posse
541 2547 890 2591 contendebam.
949 2545 1109 2602 Neque

215 2608 263 2651 id
279 2623 505 2666 negamus,
523 2615 564 2648 at
579 2621 688 2649 vero
705 2621 809 2648 cum
826 2614 983 2646 omnes
999 2618 1106 2645 con-

217 2667 411 2710 sentiant
431 2663 550 2713 libri,
572 2662 860 2705 retinendum
884 2669 975 2704 erat
995 2659 1104 2702 illud

217 2724 515 2772 vocabulum,
545 2730 589 2764 et
611 2718 796 2762 retinuit
819 2718 1011 2762 Seebod.
1035 2717 1106 2760 ed.

217 2781 323 2828 alt..
373 2780 420 2822 in
460 2795 544 2836 qua
582 2778 805 2820 assiduae
841 2777 1107 2818 studiorum

220 2838 582 2882 exercitationes
601 2850 835 2893 perperam
854 2849 1105 2888 expressum

220 2905 298 2940 est.
352 2895 495 2950 [idem
519 2902 657 2936 exstat
680 2894 726 2935 in
750 2892 849 2934 edd.
866 2889 1052 2933 Bekker.
1067 2897 1108 2931 et

220 2952 440 2998 Boettich.
457 2984 469 3003 ,
514 2950 785 3009 Rupertium
811 2965 922 2992 vero
947 2948 1109 2990 etiam-

221 3027 346 3056 nunc
371 3010 424 3051 de
459 3008 729 3065 glossematis
759 3006 975 3050 somniari
1005 3003 1108 3047 satis

222 3068 377 3114 mirari
408 3082 499 3109 non
530 3066 750 3124 possum]

205 3163 210 3168 ’
281 3151 425 3194 etiam
466 3148 780 3192 continentur.
858 3145 973 3190 Edd.
1007 3145 1112 3189 Pnt.

223 3209 319 3253 Riv.
346 3205 620 3249 continetur.
685 3205 823 3248 Paulo
857 3211 959 3246 ante
986 3202 1111 3245 Heu-

207 3271 377 3308 'mann.
401 3267 665 3306 etiamnunc
689 3262 974 3306 scribendum
1002 3277 1111 3303 cen—

225 3323 326 3374 suit,
350 3330 398 3363 ut
414 3319 607 3378 scriptor
625 3319 843 3362 indicaret
860 3319 912 3362 ad
938 3317 1026 3364 hoc
1044 3334 1111 3360 us-

226 3396 312 3438 que
338 3388 516 3434 tempus
550 3377 689 3419 libros
723 3385 913 3425 exstare,
949 3375 1112 3433 quibus

225 3454 274 3480 ea
295 3435 616 3480 contineantur
650 3434 693 3477 h.
717 3450 752 3477 e.
776 3441 967 3484 exstent,
1001 3448 1113 3477 non,

224 3504 274 3537 ut
303 3493 483 3539 Schulz.
520 3490 782 3550 explicavit,
826 3505 1113 3534 commemo-

224 3559 380 3599 rentur
401 3557 443 3593 et
466 3558 746 3592 enarrentur.

1173 1333 1348 1377 Vaticc.
1374 1334 1477 1376 item
1502 1333 1550 1376 in
1574 1333 1672 1376 edd.
1697 1332 1814 1392 Spir.
1835 1333 1940 1377 Put.
1957 1333 2058 1376 Riv.

1173 1393 1278 1436 Ber.
1302 1392 1401 1435 Alc.
1423 1394 1555 1434 nobis
1578 1391 1796 1451 scriptum
1815 1398 1906 1443 est,
1939 1390 2061 1449 quod

1175 1450 1403 1493 damnavit
1428 1449 1628 1492 Rhenan.
1660 1459 1700 1492 et
1737 1450 1867 1491 vobis
1897 1464 2062 1493 corre-

1174 1508 1250 1550 xit.
1312 1506 1602 1561 Rectissime,
1642 1522 1745 1549 nam
1776 1508 1910 1549 nobis
1941 1507 2059 1548 otio·-

1176 1582 1274 1608 sum
1304 1573 1417 1607 esset
1456 1580 1599 1621 neque
1633 1563 1741 1607 ferri
1773 1571 1919 1622 potest
1952 1579 2060 1621 pro·

1176 1632 1275 1682 pter
1329 1622 1582 1680 adpositum
1635 1623 1804 1676 uta‘que.
1886 1621 2059 1664 Mirum

1175 1690 1240 1724 est
1276 1681 1411 1736 igitur
1446 1679 1623 1721 Broter.
1656 1677 1849 1722 seebod.
1882 1676 2062 1722 Dronk-

1176 1747 1219 1781 et
1275 1737 1448 1782 Osann.
1503 1737 1637 1779 nobis
1694 1751 1949 1790 revocasse.
2003 1756 2062 1772 -ο-

1174 1797 1424 1839 Extremam
1472 1794 1598 1837 Bruti
1647 1802 1817 1852 partem
1869 1793 2065 1851 intellige

1175 1870 1272 1912 cap.
1309 1853 1555 1900 89.-91.‚
1605 1852 1768 1908 quibus
1801 1849 1963 1900 Cicero
2009 1851 2064 1894 de

1176 1914 1266 1954 suis
1289 1911 1446 1954 studiis
1473 1910 1790 1967 laboribusque
1809 1906 2064 1958 forensibus

1176 1969 1391 2027 exposuit.
1437 1991 1491 2000 —-
1553 1966 1689 2010 Verbi
1724 1974 1980 2011 monstrum
2014 1967 2062 2010 in

1175 2028 1294 2084 Spir.
1313 2026 1380 2068 ed.
1396 2042 1476 2083 pro
1496 2027 1628 2078 prior
1650 2034 1715 2067 est
1734 2021 1875 2079 ῥόοι-ς
1906 2023 2063 2068 eadem

1177 2085 1309 2127 etiam
1344 2084 1474 2125 intra
1507 2082 1680 2123 exbibet
1712 2097 1796 2139 pro
1823 2082 1981 2133 initia,
2020 2090 2065 2125 et

1176 2158 1265 2184 una
1306 2157 1407 2184 cum
1449 2139 1582 2182 MSS.
1622 2138 1760 2197 Neap.
1804 2139 1869 2194 [et
1906 2137 2063 2193 Farn.]

1177 2199 1356 2256 referre
1378 2214 1460 2256 pro
1483 2196 1641 2253 refert.

1286 2313 1296 2323 .
1348 2280 1565 2323 Mucium.
1652 2277 1726 2322 Cf.
1780 2278 1903 2325 Cicw
1936 2281 2064 2328 Brut.

1179 2357 1221 2382 c.
1273 2340 1316 2382 9.
1347 2342 1374 2393 §
1393 2337 1495 2380 306.
1528 2352 1610 2390 ego
1631 2345 1790 2381 autera
1813 2339 1931 2382 iures
1950 2341 2065 2383 civi—

1177 2399 1236 2441 lis
1268 2397 1423 2439 studio
1455 2397 1654 2436 multum
1691 2410 1861 2444 operae
1891 2398 2066 2440 dabam

1184 2455 1240 2513 Q.
1268 2454 1551 2507 Scaevolae,
1596 2451 1648 2494 P.
1680 2452 1759 2502 F..
1800 2453 1882 2508 qui
1910 2470 2064 2511 quan-

1180 2527 1324 2568 quam
1346 2512 1527 2552 nemini
1544 2525 1593 2552 se
1615 2512 1681 2552 ad
1700 2512 1959 2554 ducendum
1984 2517 2067 2557 da.

1180 2575 1258 2611 bat
1273 2601 1284 2618 ,
1325 2576 1486 2611 tamen
1509 2570 1849 2611 consulentibus
1867 2583 2065 2625 respon-

1179 2630 1331 2669 dendo
1356 2628 1588 2669 studiosos
1607 2625 1840 2667 audiendi
1858 2629 2066 2673 docebat.

1183 2684 1304 2727 Male
1354 2683 1408 2726 de
1448 2682 1662 2726 Scaevola
1709 2697 1904 2738 augure,
1961 2683 2067 2729 Laie-

1180 2743 1225 2786 lii
1262 2757 1457 2800 genem,
1499 2739 1553 2783 ad
1591 2755 1724 2797 quem
1760 2739 1920 2784 Cicero
1956 2758 2069 2799 pum·

1180 2800 1398 2843 deductus
1421 2805 1510 2839 erat
1527 2828 1539 2844 ‚
1569 2798 1822 2854 cogitarunt
1843 2799 2069 2846 nonnulli.

1185 2858 1296 2903 Vide
1318 2855 1491 2898 Ernest.
1513 2853 1634 2897 Clav.
1660 2853 1752 2899 Cic.
1779 2871 1824 2917 p.
1848 2855 1948 2900 785.
1984 2902 1989 2911 ,

1238 2940 1486 2983 Philonem-
1521 2939 1869 2982 Academicum.
1940 2940 2068 2984 Philo

1183 2994 1489 3044 Atheniensis,
1520 2993 1786 3038 Clitomachi
1811 2996 2068 3056 discipulus,

1183 3065 1387 3109 tempore
1417 3051 1714 3096 Mithridatici
1747 3053 1847 3096 belli
1876 3054 2067 3100 Romam

1183 3112 1410 3172 profugit3
1464 3110 1525 3154 cf.
1565 3111 1691 3154 Brut.
1727 3126 1767 3154 c.
1797 3111 1866 3156 89.
1908 3113 2069 3169 §806-

1183 3171 1454 3223 Eodemque
1497 3175 1709 3221 tempore
1752 3184 1893 3223 quum
1927 3173 2070 3224 prin-

1185 3242 1288 3283 ceps
1318 3228 1601 3270 Academiae
1627 3225 1758 3268 Philo
1790 3242 1894 3269 cum
1925 3232 2071 3271 Athe·-

1183 3285 1410 3328 niensium
1436 3284 1737 3338 optimatibus
1758 3283 2070 3330 Mithridatico

1182 3345 1300 3385 bello
1337 3345 1477 3382 domo
1512 3339 1800 3396 profugisset
1829 3342 2070 3391 ,Romam-

1185 3415 1268 3456 que
1290 3399 1491 3440 venisset
1507 3431 1517 3448 ‚
1551 3405 1705 3446 totum
1725 3400 1770 3439 ei
1783 3413 1865 3441 me
1878 3403 2071 3453 tradidi,
2110 3402 2114 3407 ’

1187 3457 1461 3500 admirabili
1509 3459 1710 3510 quodam
1755 3459 1819 3497 ud
1862 3459 2068 3508 philoso-

1217 3587 1297 3615 uae
1332 3570 1508 3614 Ernest.
1542 3569 1662 3614 Clav.
1695 3570 1789 3612 Cic.
1823 3587 1865 3627 p.
1898 3516 2073 3615 193⁴(ss

1182 3517 1345 3569 phiam
1396 3517 1546 3556 studio
1600 3515 1886 3565 concitatu-53

284 3639 426 3683 uobis.
498 3635 549 3680 ln
591 3634 726 3679 MSS.
760 3634 897 3692 Neap.
936 3635 1117 3686 [Parim]
1187 3589 1384 3674 {llendn
1426 3629 1478 3672 ad
1520 3629 1549 3674 1.
1583 3628 1612 3671 l.
1658 3637 1974 3685 exposuerunt.
2018 3654 2070 3664 -
