2150 4022
405 207 528 282 DE
584 218 1115 281 GERMA-NIA
1184 185 1522 286 came.
1557 222 1661 284 44.

1874 220 1970 287 971

103 332 344 412 Oceano
371 349 558 425 Rugii
585 360 642 407 et
668 348 966 408 Lemovii:
1021 350 1409 431 omniumque
1440 349 1657 411 harum
1691 357 1954 430 gentium

100 440 360 513 insigne,
401 436 658 496 rotunda
685 447 872 506 scuta,
913 435 1120 492 breves
1143 436 1359 509 gladii,
1401 450 1459 497 et
1482 456 1619 515 erga
1650 459 1814 516 reges
1841 444 1952 501 ob-

102 524 389 602 sequium.

266 657 485 719 XLIV.
509 648 805 716 Suionum
831 654 971 715 hinc
994 658 1405 737 civitates-ipso
1429 661 1493 717 in
1508 658 1751 721 Oceano
1770 685 1950 742 *prae-

98 760 188 805 ter
217 747 377 803 viros
414 764 694 821 armaque
728 738 1012 801 classibus
1043 743 1261 803 valent.

1346 745 1537 803 forma
1581 750 1823 807 navium
1879 772 1947 809 eo

97 833 327 901 differt,
369 831 531 907 quod
568 829 865 906 utrimque
903 848 1078 905 prora
1116 839 1381 904 paratam
1416 850 1644 907 semper
1675 836 1951 911 adpulsui

95 918 353 975 frontem
388 915 523 988 agit.

97 1024 236 1060 nem
274 1001 557 1058 lateribus
594 1000 943 1074 adiungunt.

608 935 716 971 nec
756 915 902 971 velis
934 914 1301 983 ministrant,
1339 935 1448 972 nec
1473 934 1665 975 remos
1691 921 1756 976 in
1783 923 1949 978 ordi-

1030 1000 1290 1057 solutum
1309 1045 1325 1069 ‚
1381 1011 1450 1058 ut
1487 1001 1553 1057 in
1591 1000 1949 1080 quibusdam

93 1087 412 1146 fluminum
428 1131 445 1155 ‚
489 1097 545 1142 et
567 1085 881 1155 mutabile,
923 1097 991 1143 ut
1014 1104 1106 1141 res
1128 1085 1342 1158 poscit,
1380 1081 1522 1143 hinc
1543 1089 1635 1144 vel
1660 1090 1826 1148 illinc
1851 1113 1948 1167 re-

93 1174 362 1247 migium.
445 1162 556 1228 Est
578 1172 736 1245 apud
774 1170 910 1226 illos
950 1181 1007 1228 et
1043 1171 1255 1246 opibus
1287 1166 1513 1242 honoe,
1568 1193 1756 1251 eoque
1792 1197 1950 1235 unus

95 1259 418 1334 imperitat,
472 1255 655 1313 nullis
695 1256 813 1311 iam
853 1256 1322 1332 exceptionihUS,
1374 1278 1498 1314 non
1525 1261 1790 1333 precario
1818 1263 1949 1320 iure

150 1470 376 1516 Lemovii.
433 1468 571 1512 MSS.
602 1468 712 1512 Tur.
745 1470 980 1527 stuttgart.

90 1530 191 1575 edd.
223 1529 357 1572 Kath.
390 1526 530 1571 Paris.
565 1526 770 1571 Norinib.
806 1527 980 1574 Lemo·-

89 1589 180 1643 nii,
218 1584 395 1644 vulgari
420 1583 703 1628 confusione.

146 1645 258 1691 CAP.
291 1645 362 1686 44.
421 1643 524 1698 ipso
561 1643 608 1684 in
643 1640 845 1685 Oceano.
906 1639 983 1685 Sic

87 1703 225 1747 MSS.
258 1700 432 1745 Vaticc.
474 1697 600 1743 1518.
633 1706 676 1742 et
708 1698 836 1741 4498.
879 1698 981 1742 edd.

86 1761 294 1804 Rhenan.
322 1755 490 1814 (1533.)
523 1756 629 1801 Ald.
664 1771 763 1814 sqq.
808 1755 863 1799 ad
903 1756 981 1799 Bi-

121 1817 304 1861 ontin'os
325 1824 369 1858 et
388 1822 538 1875 postea
557 1813 766 1857 Oberlin.
790 1811 981 1857 Beklzer.

85 1835 286 1920 glValch.
299 1871 390 1922 alii,
413 1886 529 1932 quae
548 1870 837 1914 auctoritates
857 1870 979 1913 suffl-

87 1934 242 1985 ciunt,
290 1939 342 1973 ut
377 1946 475 1989 eagn
511 1928 781 1985 scripturam
817 1944 912 1971 non
955 1944 979 1971 e

84 2008 104 2035 s
136 1991 326 2034 halmate
357 1996 501 2031 ortam
540 2001 646 2030 cum
682 1984 896 2028 Passovio
936 1994 980 2029 et

83 2007 240 2094 l-i‘essio
257 2053 483 2104 putemus.
514 2070 574 2079 --
616 2044 747 2097 ipsae
769 2044 819 2085 in
836 2042 978 2086 Ocea-

4 2146 8 2152 ,
83 2122 204 2150 num
235 2103 372 2147 MSS.
411 2100 584 2145 Vaticc.
620 2100 747 2144 1862.
779 2107 822 2143 et
848 2101 977 2144 2964.

82 2159 311 2210 Arundel.
327 2159 428 2204 edd.
443 2158 584 2202 Paris.
596 2157 732 2202 Rom.
767 2182 826 2190 -
882 2160 979 2213 ipso

81 2225 132 2266 in
158 2220 401 2264 Oceanum
432 2215 538 2260 MS.
561 2216 728 2271 stuttg.
770 2236 827 2249 -
883 2218 979 2271 ipse

80 2285 128 2326 in
152 2277 339 2323 Oceano
371 2274 474 2320 MS.
498 2273 610 2317 Tur.
641 2273 743 2316 edd.
766 2272 977 2316 Norimb.

83 2339 252 2382 Vienn.
296 2356 357 2366 —
421 2333 549 2385 ipsae
580 2333 627 2373 in
659 2329 847 2374 Oceano
878 2330 977 2373 MS.

82 2392 312 2440 Hummel.
368 2389 471 2434 edd.
520 2387 640 2446 Spir.
691 2388 823 2431 Kath.
875 2387 978 2430 Put.

84 2455 154 2498 M.
185 2460 229 2496 et
257 2449 312 2493 V.
351 2448 537 2491 Monac.
583 2444 794 2488 Beroald.
835 2442 979 2487 Rben.

84 2507 254 2569 (1519.)
278 2507 382 2552 Alc.
407 2513 450 2546 et
476 2502 594 2545 inter
616 2503 889 2546 recentiores
908 2502 980 2543 Bi·

83 2565 405 2628 pont.Passov.
421 2561 548 2604 Hess.
571 2560 659 2603 alii.
716 2559 777 2602 At
798 2574 980 2616 quaero,

82 2629 120 2675 si
152 2630 281 2682 ipsae
314 2623 364 2665 in
389 2619 602 2672 Oceano,
646 2633 865 2676 quaenam
902 2631 977 2659 ea-

82 2701 185 2731 rum
226 2696 298 2724 res
335 2677 505 2722 suerint
546 2683 666 2719 extra
710 2673 978 2717 Oceanum?

83 2744 199 2787 Nam
232 2740 360 2792 ipsae
393 2735 440 2778 in
471 2732 545 2775 tali
584 2739 794 2775 contextu
829 2746 978 2790 oppo-

84 2807 254 2845 nuntur
276 2795 410 2838 rebus
435 2790 541 2835 suis.
603 2791 749 2832 immo
775 2787 909 2846 Rugii
936 2796 978 2832 et

83 2853 286 2901 Lemovii
309 2847 500 2911 proximi
524 2856 652 2890 erant
681 2848 736 2890 ab
762 2844 978 2893 Oceanoz

85 2914 309 2960 Suionum
342 2907 543 2953 civitates
568 2906 668 2958 ipso
700 2905 751 2946 in
776 2903 978 2948 Oceano.

83 2969 204 3017 Nihil
224 2967 389 3012 certius
414 2972 495 3008 est·
556 2961 616 3005 cf.
639 2961 753 3005 Hist.
771 2961 815 3005 2.
833 2961 906 3005 43.
929 2962 978 3004 in

14 3027 17 3030 ’
59 3024 184 3085 'ipso
202 3024 426 3082 flumine.
484 3019 640 3064 Germ.
671 3035 711 3063 c.
741 3019 812 3062 45.
857 3020 980 3061 inter

83 3089 210 3131 vada
232 3089 370 3137 atque
390 3082 438 3124 in
461 3079 558 3132 ipso
579 3077 732 3121 litore.
766 3075 978 3134 Sphalma

85 3151 234 3189 ortum
270 3146 334 3183 est
365 3153 390 3181 e
412 3133 710 3193 compendio,
755 3149 848 3191 quo
879 3134 978 3199 Pie?

84 3213 277 3256 rumque
335 3194 608 3242 vocabulum
671 3193 769 3247 ipse
838 3190 977 3235 scribl

109 3257 215 3303 olet.

40 3322 42 3325 “
85 3277 105 3305 s
141 3316 278 3358 viros.
338 3309 438 3352 MS.
458 3306 692 3363 stuttgart.
713 3306 854 3357 vire-9,
884 3304 981 3350 vul-

72 3372 178 3430 ‘gari
210 3366 493 3412 confusione.
563 3363 624 3406 cf.
660 3371 754 3406 not.
785 3363 840 3406 ad
871 3362 980 3420 Agr.

47 3430 52 3441 ’
88 3447 128 3472 c.
161 3427 226 3471 14.

144 3483 388 3535 utrimque.
450 3477 526 3522 Sic
548 3477 650 3520 edd.
674 3477 811 3535 Lipsii
834 3483 978 3535 poste·

88 3542 253 3587 riores,
279 3536 406 3581 Pich.
432 3536 570 3578 Grut.
593 3550 689 3593 sqq.
720 3563 775 3571 --
835 3534 978 3577 utrin-

172 3606 417 3656 TAcrrus
464 3601 562 3652 IV.

1053 1485 1139 1525 que
1162 1469 1263 1514 MS.
1287 1469 1398 1513 Tur.
1422 1470 1524 1514 edd.
1548 1480 1650 1515 ante
1674 1472 1876 1531 L'ipsium
1906 1486 1951 1522 et

1051 1527 1190 1584 Lipsii
1230 1528 1390 1585 prima.
1464 1526 1523 1572 cf.
1563 1529 1827 1576 Schneider.
1860 1531 1946 1579 Gr.

1052 1584 1107 1627 T.
1148 1584 1183 1628 I.
1234 1586 1357 1631 Part.
1389 1587 1430 1628 l.
1479 1602 1524 1644 p.
1559 1586 1662 1631 312.
1707 1618 1766 1627 --
1842 1589 1951 1636 MS.=

1052 1642 1220 1700 Stuttg.
1259 1642 1349 1685 fert
1384 1644 1647 1700 utrius-quw,
1699 1646 1770 1689 ed.
1804 1646 1899 1690 Rha
1932 1680 1946 1692 .

1053 1707 1318 1756 utrumque.
1386 1699 1459 1744 De
1502 1717 1552 1744 re
1596 1702 1657 1746 cf.
1696 1703 1787 1749 An.
1819 1705 1861 1755 2,
1901 1664 1944 1750 ξ.

1051 1755 1164 1800 Hist.
1186 1757 1227 1808 3,
1245 1757 1319 1800 47.

1107 1815 1401 1857 ministrant.
1470 1813 1548 1857 Sic
1581 1831 1767 1861 suasore
1796 1818 1946 1876 Lipsio

1050 1870 1153 1915 edd.
1170 1871 1352 1930 Bipont.
1369 1870 1528 1916 Oberl.
1543 1870 1732 1917 Beliker.
1747 1875 1945 1924 walch.

1048 1928 1174 1973 aliae.
1203 1952 1263 1961 —
1305 1929 1636 1972 ministrantur
1660 1932 1793 1985 codd.
1807 1933 1945 1980 MSS.

1048 1995 1091 2029 et
1133 1985 1234 2032 edd.
1283 1994 1451 2029 veteres
1501 1997 1720 2044 quantum
1769 2001 1946 2036 constat
1998 2042 2001 2043 ⁷

1049 2059 1231 2096 omnes,
1261 2052 1304 2087 et
1324 2044 1442 2087 inter
1462 2046 1738 2090 recentiores
1751 2046 1849 2091 Lon
1883 2049 1945 2094 01.

1048 2101 1241 2145 Seebod.
1283 2100 1467 2147 Passov.
1506 2100 1633 2146 Hess.
1669 2102 1760 2148 alii.
1865 2115 1946 2149 unt

1047 2158 1354 2206 sane>similes
1387 2159 1504 2217 apud
1531 2159 1747 2204 Nostrum
1775 2163 1943 2207 transi-

1048 2224 1120 2259 tus
1138 2232 1162 2259 a
1183 2214 1332 2259 forma
1354 2217 1531 2273 passiva
1552 2217 1606 2259 ad
1627 2219 1840 2264 activam.
1886 2220 1945 2266 cf.

1051 2289 1091 2317 c.
1130 2273 1202 2317 45.
1240 2274 1482 2329 perfertur
1521 2305 1532 2318 .
1558 2308 1569 2318 .
1598 2304 1611 2318 .
1642 2305 1654 2318 .
1692 2278 1942 2332 accipiunt.

1049 2329 1153 2373 Vid.
1177 2338 1269 2373 not.
1289 2331 1345 2373 ad
1366 2331 1454 2374 An.
1485 2332 1523 2382 1,
1546 2330 1590 2374 3.
1612 2333 1693 2376 sub
1719 2350 1764 2380 v.
1795 2336 1943 2378 desti-

1047 2401 1181 2432 nare.
1265 2386 1355 2430 Sed
1405 2387 1495 2432 hoc
1543 2387 1648 2431 loco
1699 2390 1946 2448 particulae

1048 2460 1130 2488 nec
1161 2479 1172 2489 .
1197 2476 1208 2487 .
1235 2476 1250 2489 .
1281 2459 1367 2487 nec
1411 2452 1653 2502 utrumque
1684 2447 1945 2492 membrum

1051 2501 1187 2544 artius
1223 2500 1531 2559 coniungunt,
1572 2519 1709 2560 quam
1739 2513 1789 2548 ut
1819 2515 1945 2551 vetus

1051 2559 1273 2616 scriptura
1325 2558 1466 2616 possit
1515 2558 1716 2606 tolerari.
1791 2561 1944 2607 Editio

1050 2614 1272 2672 Spirensis
1301 2626 1520 2673 punctum
1589 2619 1686 2660 onit
1716 2627 1818 2676 post
1849 2623 1940 2664 rni-

1048 2674 1333 2715 nistrantur.
1421 2671 1506 2717 Ed.
1605 2690 1736 2720 onac.
1776 2677 1945 2722 omittit

1048 2744 1132 2772 nec
1157 2738 1258 2773 ante
1282 2743 1451 2774 remos.
1497 2759 1556 2767 —
1610 2730 1683 2775 De
1713 2732 1945 2779 locutione

1047 2788 1160 2830 velis
1191 2788 1460 2831 ministrare
1492 2788 1553 2832 cs.
1575 2788 1739 2847 virgil.
1761 2791 1876 2834 Aen.
1903 2793 1945 2845 6,

1048 2843 1146 2888 302.
1166 2845 1264 2898 ipse
1286 2851 1438 2888 ratem
1460 2854 1598 2889 vento
1624 2848 1798 2902 subigit
1814 2851 1945 2894 velnis·-

1050 2917 1138 2958 que
1163 2902 1420 2946 ministrat.
1480 2901 1631 2947 Valer.
1656 2904 1693 2947 F
1694 2905 1804 2950 lacc.
1818 2905 1860 2958 3,
1870 2907 1942 2952 38.

1047 2961 1145 3013 ipse
1181 2966 1338 3002 ratem
1366 2967 1511 3024 ventos
1530 2962 1767 3019 stellisque
1800 2965 1942 3008 mini-

1048 3023 1189 3060 strat.
1727 3047 1730 3049 -

1105 3076 1210 3116 hinc
1257 3075 1331 3115 vel
1376 3072 1515 3119 Hlinc.
1600 3072 1685 3119 Ed.
1733 3075 1943 3123 Norimb.

1049 3130 1156 3172 hinc
1183 3132 1260 3172 vel
1279 3131 1398 3175 Ιιίησ.
1458 3132 1546 3176 Sed
1569 3131 1628 3176 cf.
1651 3132 1742 3178 An.
1766 3135 1808 3185 2,
1827 3135 1872 3179 6.
1899 3144 1944 3180 et

1049 3186 1326 3240 Hist.3,47.,
1347 3187 1426 3232 ubi
1450 3189 1505 3232 de
1532 3189 1689 3234 eadem
1709 3206 1760 3234 re
1786 3191 1941 3237 eadem

1049 3253 1114 3288 est
1135 3244 1331 3291 formula
1354 3248 1455 3289 hinc
1483 3249 1557 3289 vel
1574 3248 1712 3290 illinc.

1108 3309 1178 3344 est
1213 3307 1342 3358 opud
1378 3306 1482 3346 illos
1513 3311 1558 3346 et
1591 3306 1747 3359 opibus
1777 3307 1942 3352 honos.

1050 3353 1269 3404 Bleterius
1293 3360 1494 3406 volebat:
1525 3368 1593 3405 est
1616 3370 1659 3404 et
1684 3365 1810 3417 apud
1835 3364 1943 3408 illos

1051 3424 1139 3460 etc.
1210 3416 1380 3461 Verum
1417 3415 1597 3462 Tacitus
1632 3417 1713 3462 hos
1756 3422 1947 3480 opponit

1051 3473 1208 3518 ceteris
1236 3473 1491 3518 Germanis.
1553 3475 1614 3519 cf.
1638 3491 1679 3520 c.
1702 3476 1746 3520 5.

1106 3545 1201 3574 non
1219 3532 1432 3586 precario
1455 3532 1555 3574 iure
1570 3533 1790 3586 parendi.
1830 3531 1891 3581 H.
1904 3550 1948 3580 e.

1372 3591 1430 3650 G
