2150 4022
577 133 601 146 f

537 302 1090 386 DIALoeus„
1155 306 1351 367 CAP.
1394 309 1496 367 28.

1811 307 1931 371 ‚341

91 442 289 492 coram
313 445 429 509 qua
456 451 649 508 neque
673 432 868 490 dicere
899 433 986 488 fas
1012 427 1162 501 erat,
1206 435 1366 509 quod
1390 417 1566 509 turpe¹
1589 434 1793 504 dictu,
1822 455 1930 492 ne-

89 539 204 596 que
235 518 456 587 facere,
509 517 669 594 quod
706 513 1087 586 inhonestum
1117 517 1274 573 factu
1303 519 1620 578 videretur.

1707 540 1777 576 80
1804 540 1928 576 non

88 602 276 661 studia
305 604 481 658 modo
515 597 827 678 curasque,
883 603 984 657 sed
1018 601 1393 659 remissiones
1435 606 1609 660 etiam
1649 605 1928 681 lususque

84 707 403 764 puerorum
440 685 740 743 sanctitate
779 689 1031 762 quadam
1055 707 1131 750 ⁴ac
1164 690 1516 745 verecundia
1551 691 1927 764 temperabat.

84 773 166 829 sic
194 770 533 830 Corneliam
563 767 966 828 Gracchorum
983 817 999 841 ,

1051 770 1132 826 sic
1159 769 1467 828 Aureliam
1491 772 1782 845 CaesariS,
1837 794 1919 831 s1c

64 857 307 915 >Attiam
331 854 583 930 Augusti
610 852 852 912 matrem
879 855 1196 931 praefuisse
1225 858 1670 915 educationibus
1696 881 1760 916 ac
1785 880 1924 934 pro-

83 942 314 1014 duxisse
342 941 635 1017 principes
662 942 879 997 liberos
901 939 1254 1015 «accepimus,

1343 963 1490 1018 quae
1519 944 1829 1018 disciplina
1857 965 1922 1001 ac

83 1027 357 1084 severitas
396 1047 463 1082 eo
502 1026 863 1101 pertinebat,
918 1036 984 1082 ut
1018 1025 1241 1082 sincera
1277 1037 1333 1082 et
1369 1028 1593 1101 integra
1636 1040 1692 1085 et
1738 1029 1919 1090 nullis

79 1111 468 1189 pravitatibus
517 1113 742 1168 detorta
794 1109 1255 1187 uniuscuiusque
1298 1122 1506 1169 natura
1555 1124 1676 1170 toto
1726 1100 1922 1172 statim

82 1332 247 1375 editum
273 1339 364 1373 erat
380 1364 392 1379 ,
419 1329 539 1387 quod
562 1328 800 1371 Rhenanus
825 1328 868 1370 in
893 1343 963 1370 cu-

78 1390 272 1442 iuspiam
301 1388 432 1443 fam.
478 1386 698 1434 correxit,
748 1386 880 1441 idque
919 1386 962 1428 in

79 1446 288 1491 omnibus
332 1445 544 1501 deinceps
591 1444 690 1486 edd.
735 1453 961 1488 servatum

78 1511 160 1547 est.

133 1600 295 1630 coram
316 1600 410 1641 qua
431 1594 516 1628 etc.
563 1584 751 1641 Elegans
775 1593 838 1626 est
858 1582 962 1625 tios-

77 1660 228 1688 mann.
251 1642 535 1700 Peerlkamp.
565 1642 849 1684 coniectura:
884 1657 962 1683 co-

76 1716 184 1744 ram
222 1713 316 1757 qua
351 1715 498 1754 neque
536 1701 686 1741 dicere
715 1700 805 1753 fas
842 1707 960 1752 erat,

78 1761 199 1816 quod
232 1765 375 1814 ‚turpe
405 1758 543 1815 factu
559 1790 570 1811 ,
623 1770 770 1811 neque
797 1756 964 1812 faeere

77 1819 203 1873 quod
229 1816 527 1858 inhonestum
561 1816 685 1855 dictu
721 1815 963 1863 videretur,

75 1873 154 1917 sed
181 1872 323 1915 nolim
350 1888 444 1915 eam
474 1871 619 1929 putari
652 1871 962 1918 necessariam,

77 1945 331 1987 quanquam
343 1929 510 1986 facere
528 1938 569 1971 et
589 1930 741 1969 dicere
754 1943 806 1970 eo
825 1928 959 1969 modo

75 1987 316 2031 coniuncta
341 1987 511 2044 saepius
534 1985 759 2043 leguntur.
824 1985 960 2039 [Fre-

74 2043 231 2103 quenti
257 2043 586 2102 permutatione
621 2042 667 2084 in
692 2042 795 2086 cod.
823 2042 958 2084 Fax-n.

73 2104 250 2146 discere
271 2110 335 2144 est
354 2115 439 2159 pro
461 2101 646 2152 dicere.)

130 2217 188 2246 ao
221 2215 316 2243 non
347 2200 509 2243 studia
541 2202 683 2242 modo
720 2213 958 2254 curasque.

71 2259 152 2303 Sic
192 2258 326 2302 MSS.
357 2258 492 2301 Fam.
528 2257 666 2314 Neap.
711 2263 754 2299 et
791 2256 956 2300 Vaticc.

71 2318 272 2376 itemque
303 2315 371 2357 ed.
397 2314 540 2372 spir„
581 2314 744 2356 deiude
768 2314 885 2370 Lips.
915 2323 957 2356 et

73 2390 175 2433 oqq.
233 2374 385 2418 Curae
416 2372 590 2428 saepius
623 2371 834 2413 dicuntur
874 2386 955 2426 pro

74 2431 232 2475 studiis
253 2445 356 2473 cum
384 2443 492 2471 cura
524 2430 737 2485 susceptis
766 2424 810 2469 'et
839 2427 955 2469 serio

73 2487 339 2534 transactis,
362 2493 408 2526 ut
431 2486 547 2541 apud
577 2485 733 2539 Quint.
760 2484 863 2526 lust.
887 2499 956 2525 or.

77 2549 142 2596 10,
162 2546 205 2594 7,
226 2545 297 2587 29.
335 2542 453 2585 Ptin.
475 2542 557 2600 Ep.
579 2546 620 2593 2,
646 2545 711 2583 11.
745 2542 784 2592 8,
805 2542 876 2582 23.
901 2540 956 2582 al.

74 2603 327 2662 Depravnta
377 2610 441 2642 est
482 2613 591 2643 vero
641 2598 861 2655 scriptura
910 2597 955 2639 in

74 2661 176 2705 edd.
203 2660 302 2703 Put.
329 2657 433 2700 Riv.
460 2657 563 2699 Ber.
581 2691 592 2708 ‚
630 2655 676 2698 in
709 2657 870 2712 quibus
902 2669 957 2696 αο

73 2735 118 2763 n.
141 2718 297 2761 studia
326 2730 388 2757 m.
411 2728 659 2769 morasque
690 2713 956 2762 invenimus,

74 2790 160 2820 nec
212 2773 362 2816 minus
415 2773 463 2815 in
522 2771 624 2814 edd.
672 2770 770 2813 Alc.
817 2769 956 2811 Rben.

74 2834 177 2877 Ald.
216 2830 333 2874 Pitb.
374 2838 417 2872 et
460 2827 672 2884 Lipsianis
713 2826 957 2874 nonnullis,

75 2905 187 2948 quae
229 2903 283 2929 ac
321 2901 366 2930 η.
410 2889 570 2939 studia
609 2901 674 2928 m.
716 2897 958 2939 moresque

107 2946 303 2990 raebent.
353 2944 441 2986 sed
464 2944 622 2987 horum
643 2940 957 2985 nihilsehurz·

74 2963 239 3048 iieiseh.
267 3000 368 3044 satis
394 3001 585 3058 placuit,
629 3000 705 3056 qui
728 3000 841 3041 hoec
862 3012 957 3039 non

51 3058 230 3104 'studia
281 3072 527 3113 musasque
572 3060 701 3100 solas
747 3055 958 3099 coniecit.

74 3117 229 3163 Haec.
319 3115 406 3157 uod
434 3115 566 3173 ,apud
615 3112 958 3157 Schurzsseiseh.

75 3182 164 3226 est,
195 3189 243 3216 ex
325 3170 438 3213 ureti
462 3171 793 3219 emendatione,
825 3185 958 3227 quam

76 3230 250 3276 Acidat.
302 3240 343 3272 et
396 3227 646 3272 Heumann.
696 3228 958 3286 probarunt,

76 3288 328 3347 profectum
354 3294 433 3328 est.

134 3387 401 3432 Corneliam
438 3384 773 3430 Gracchorum.
856 3383 957 3426 Una

80 3445 151 3488 ed.
185 3445 305 3502 Spir.
342 3458 582 3498 grecorum
625 3441 810 3484 exhibet.
882 3440 959 3482 Est

81 3502 231 3559 Scipio
264 3493 461 3543 Africani
504 3499 686 3542 maioris
722 3498 837 3548 filia,
883 3497 956 3538 Ti.

81 3559 333 3614 Sempronii
382 3557 573 3599 Gracchi
625 3571 734 3599 uxor
786 3567 827 3597 et.
876 3555 955 3596 Ti-

81 3617 175 3660 ber.
217 3625 258 3658 et
298 3614 390 3658 Caii
424 3615 664 3671 Sempron-
734 3611 955 3656 Gracchu-

1036 1345 1136 1371 rum
1162 1337 1326 1384 mater,
1368 1329 1422 1372 ab
1456 1329 1653 1386 antiquis
1684 1329 1920 1386 scriptori-

1037 1388 1117 1429 bus
1155 1388 1269 1442 (Cic.
1307 1388 1432 1431 Brut.
1467 1403 1508 1430 c.
1535 1389 1606 1442 27,
1645 1387 1713 1431 58.
1757 1387 1917 1444 Quint.

1039 1445 1146 1487 lnst.
1170 1461 1239 1489 or.
1269 1449 1305 1493 1,
1330 1449 1366 1495 l,
1386 1445 1450 1498 6.)
1475 1445 1660 1488 maxime
1685 1445 1920 1489 celebrata.

1034 1502 1141 1544 Eius
1193 1502 1486 1560 epistolarum
1531 1503 1778 1560 fragmenta
1824 1502 1919 1546 cir-

1035 1559 1349 1603 cumferuntur
1384 1558 1429 1602 in
1467 1555 1629 1617 fragm.
1655 1559 1795 1602 Corn.
1824 1559 1919 1602 Ne-

1035 1618 1152 1674 potis
1182 1617 1364 1659 Vol.11.
1399 1633 1440 1672 p.
1463 1615 1562 1660 372.
1596 1633 1660 1674 sq.
1698 1618 1769 1660 ed.
1805 1617 1918 1660 Bar-

1035 1675 1138 1724 ‹lil.‚
1175 1690 1287 1730 quae
1319 1674 1543 1717 subdititia
1574 1690 1667 1717 esse
1695 1673 1794 1716 luce
1822 1673 1919 1717 cla-

1034 1731 1126 1773 rius
1149 1733 1201 1774 Α.
1224 1730 1415 1787 Langius
1439 1731 1632 1775 ostendit
1665 1732 1710 1774 in
1734 1731 1919 1777 silvulis

1035 1789 1324 1831 l‘ortensibus
1346 1789 1392 1831 in
1420 1788 1550 1831 Beck.
1571 1790 1671 1832 Act.
1695 1805 1804 1832 sem.
1825 1805 1919 1846 reg.

1034 1846 1189 1903 philol.
1227 1846 1342 1903 Lips.
1377 1846 1485 1888 Vol.
1511 1846 1565 1889 ll.
1596 1845 1647 1889 P.
1673 1846 1709 1890 Ι.
1745 1863 1790 1903 p.
1819 1847 1916 1889 177.

1036 1907 1167 1960 [quae
1197 1903 1409 1960 repetitae
1438 1912 1541 1946 sunt
1570 1904 1615 1946 iu
1643 1903 1796 1962 Langii
1819 1903 1919 1947 Mi-

1032 1962 1212 2004 scellan.
1236 1961 1306 2002 ed.
1334 1961 1485 2003 tacoh.
1516 1977 1558 2019 p.
1581 1961 1714 2013 108.].
1756 1969 1761 1976 ¹

1089 2047 1350 2087 Aureliam.
1412 2044 1513 2087 Fuit
1538 2042 1698 2087 C.lulii
1717 2043 1918 2089 Caesaris

1032 2102 1250 2160 praetoris
1285 2118 1397 2144 uxor
1428 2110 1471 2144 et
1505 2101 1553 2144 C.
1585 2101 1685 2144 Iulii
1719 2101 1917 2146 Caesaris

1030 2160 1260 2202 dictatoris
1287 2169 1444 2203 mater.
1495 2157 1553 2202 cf.
1576 2158 1764 2203 sueton.
1792 2159 1917 2206 Caes.

1030 2234 1068 2260 c.
1088 2217 1156 2262 74.
1199 2216 1426 2261 Plutarch.
1455 2217 1581 2261 Caes.
1609 2233 1649 2260 c.
1674 2217 1717 2260 9.
1734 2230 1757 2251 ²

1085 2303 1286 2343 Alliam.
1347 2298 1485 2344 MSS.
1507 2300 1647 2356 Neap.
1671 2300 1846 2355 [Farn.]
1871 2309 1915 2344 et

1028 2360 1098 2402 ed.
1123 2358 1239 2401 Pith.
1266 2361 1454 2400 Accium
1482 2385 1540 2392 --
1570 2357 1785 2414 edd.Spir
1811 2358 1914 2402 Put.

1028 2417 1126 2458 Riv.
1141 2416 1241 2456 Ber.
1259 2413 1358 2457 Alc.
1378 2414 1518 2456 liben.
1534 2413 1638 2456 Ald.
1658 2415 1839 2456 Aeliam
1861 2440 1915 2453 -.-

1028 2473 1131 2514 edd.
1162 2471 1280 2528 Lips-
1317 2479 1359 2513 et
1394 2487 1489 2527 sqq.
1524 2474 1704 2513 Attium
1736 2495 1790 2504 --
1834 2472 1914 2516 Er-

1029 2539 1139 2572 nest.
1173 2539 1212 2570 et
1246 2530 1302 2580 ii,
1353 2529 1426 2586 qui
1468 2528 1643 2571 Ernest.
1679 2528 1804 2587 sequi
1840 2547 1912 2573 so·

1026 2586 1141 2638 lent,
1166 2587 1342 2628 Atiam.
1402 2585 1700 2628 Praetulimus
1720 2587 1914 2636 formam

1027 2646 1235 2698 Alliam,
1270 2659 1403 2701 quam
1433 2643 1478 2685 in
1507 2645 1627 2685 Attii
1646 2652 1803 2702 poetae
1827 2662 1915 2688 no-

1027 2701 1150 2743 mine
1171 2700 1538 2758 praestantiorem
1567 2717 1658 2743 esse
1681 2717 1813 2759 supra
1836 2703 1913 2747 do·

1028 2758 1202 2800 enimus
1223 2758 1275 2800 ad
1299 2757 1481 2811 cap.20.
1540 2756 1805 2802 Torrentius
1825 2759 1912 2804 iam

1029 2815 1081 2857 ad
1121 2815 1307 2858 Sueton.
1343 2818 1456 2871 Aug.
1499 2829 1538 2856 c.
1573 2815 1640 2864 4.,
1686 2817 1762 2859 ubi
1796 2819 1911 2861 Atia

1030 2872 1191 2925 edidit,
1230 2888 1359 2921 „non
1387 2871 1572 2914 moleste
1595 2871 1737 2916 feram
1764 2874 1804 2917 T
1830 2892 1910 2930 ge·

1029 2928 1188 2973 minari
1203 2931 1229 2946 ”
1262 2928 1453 2973 censuit.
1532 2930 1576 2970 M
1618 2930 1744 2974 Attio
1768 2929 1910 2977 Balbo

1030 2997 1071 3030 et
1107 2987 1213 3031 Iulia
1260 3001 1415 3030 sorore
1448 2984 1499 3030 C.
1533 2985 1730 3032 Caesaris
1765 2991 1911 3047 genita

1031 3054 1112 3088 esto

1085 3129 1266 3170 sincera
1297 3134 1342 3168 et
1373 3127 1568 3180 integra.
1627 3127 1768 3173 Tacit.
1796 3129 1908 3175 Hist.

1028 3188 1070 3238 4,
1095 3186 1165 3227 64.
1193 3186 1393 3227 sincerus
1417 3192 1461 3226 et
1480 3185 1656 3240 integer
1688 3194 1733 3228 et
1764 3191 1912 3231 servi-

1028 3243 1143 3285 tutis
1166 3244 1331 3284 oblitus
1350 3245 1562 3297 populus.

1030 3384 1165 3440 Neap.
1190 3383 1368 3437 [Farn.]
1389 3393 1430 3426 et
1452 3384 1551 3426 edd.
1576 3385 1778 3441 antiquae
1797 3396 1841 3430 et
1860 3390 1910 3432 in

1028 3443 1167 3482 nullis
1200 3455 1362 3495 pram,
1410 3442 1528 3497 quod
1565 3441 1765 3486 Rhenan.
1803 3462 1906 3490 cor·

1029 3497 1153 3540 rexit.
1209 3497 1384 3540 Deinde
1417 3499 1461 3539 in
1491 3498 1590 3540 MS.
1621 3499 1759 3557 Neap.
1794 3507 1911 3549 artis

1029 3570 1113 3611 pro
1136 3563 1288 3609 ortes,
1330 3559 1394 3597 ud
1420 3564 1471 3596 at
1496 3569 1593 3597 rem
1620 3572 1701 3615 pro
1726 3565 1790 3603 ad
1809 3579 1909 3605 rem

1029 3620 1181 3655 eistat.

1084 3335 1126 3368 ec
1173 3327 1315 3368 nullis
1351 3327 1682 3379 pravitatibus.
