2150 4022
569 227 1120 307 DlALoGUsJ
1182 243 1382 306 cAP.
1423 247 1516 304 18.

1833 245 1961 308 295

120 376 468 447 elaboratus.
511 413 521 418 —
551 396 660 433 nec
686 393 903 454 quaero
930 373 1063 450 quis
1089 373 1533 429 disertissimus:
1581 368 1692 428 hoc
1721 373 1961 428 interim

119 462 393 540 probasse
435 473 746 519 contentus
788 479 948 528 sum,
1015 477 1139 513 non
1186 477 1306 512 esse
1355 478 1543 514 unum
1590 457 1960 534 eloquentiae

119 548 381 618 minim,
447 547 551 603 sed
602 547 666 602 in
717 545 836 601 illis
884 562 1148 621 quoque,
1211 562 1358 618 quos
1403 542 1622 598 vocatis
1664 542 1959 618 antiqu08‚

116 635 312 709 piures
365 632 583 708 species
636 627 1027 705 deprehendi:

1099 646 1207 682 nec
1259 626 1453 682 statim
1505 627 1762 684 deterius
1815 646 1958 694 esse,

117 719 276 796 quod
315 718 613 774 diversum
656 727 768 785 est3
826 715 971 771 vitio
1018 723 1211 769 autem
1251 711 1630 784 malignitatis
1665 708 1958 768 humanae

115 814 312 862 vetera
338 822 570 878 semper
594 802 659 857 in
683 801 887 870 laude,
923 797 1246 874 praesentia
1271 796 1338 851 in
1363 796 1595 852 fastidio
1623 815 1760 852 esse.
1812 816 1957 853 num

114 889 452 962 dubitamus
486 888 788 956 inventos,
845 885 948 963 qui
988 900 1130 960 prae
1166 879 1390 939 Catone
1419 879 1680 956 Appium
1705 879 1960 952 Caecum

108 1103 504 1156 diligentissima-³,
524 1111 567 1147 et
579 1103 801 1149 Fronton.
817 1118 889 1160 ep.
900 1076 942 1152 4,
955 1100 998 1145 3.

112 1176 157 1220 p.
182 1160 254 1207 95.
284 1160 355 1204 ed.
378 1161 512 1204 Rom.

167 1273 362 1315 quaero.
429 1257 529 1302 MS.
555 1257 696 1315 Neap.
718 1266 760 1301 et
783 1256 851 1301 ed.
877 1256 998 1313 Spir.

112 1332 269 1374 quero.
296 1340 352 1350 —-
408 1315 571 1358 Postea
595 1315 814 1358 edd.Put.
838 1323 879 1357 et
896 1315 998 1360 Riv.

111 1378 290 1418 vultum
337 1381 639 1432 corruperunt
683 1372 730 1415 in
775 1375 997 1416 multum.

110 1433 182 1476 Illi
206 1447 313 1491 yero
337 1430 614 1473 simillimum
639 1429 888 1473 Fabianum
911 1430 1001 1473 hoc

111 1492 218 1535 lust.
253 1505 320 1533 or.
354 1487 423 1540 12,
459 1490 526 1544 10,
561 1489 823 1542 69.*plures
858 1488 1001 1542 igitur

112 1549 254 1591 eciam
274 1547 567 1602 eloquentiae
576 1544 749 1602 facies.

167 1645 218 1687 in
232 1644 352 1687 illlis.
390 1641 778 1700 ‘praepositionem
801 1643 849 1683 in
861 1640 997 1684 MSS.

110 1698 249 1761 Neap.
264 1702 339 1803 ‘Pet
351 1700 512 1758 Farn.]
535 1708 577 1742 et
594 1698 669 1742 ed.
685 1698 806 1755 Spig.
829 1688 996 1741 omise-

109 1766 233 1803 runt.
301 1759 386 1802 nde
410 1775 432 1801 a
449 1755 701 1799 Puteolano
723 1755 998 1799 edd.omnes

108 1819 315 1876 praepos.
351 1814 633 1858 addiderunt.
705 1811 795 1855 Pro
827 1816 996 1866 depre-

108 1874 249 1917 benai
279 1873 379 1917 edd.
414 1871 624 1926 antiquae
658 1871 886 1924 deprendi
915 1871 996 1913 de-

108 1932 295 1981 derunt,
325 1945 436 1988 quae
459 1928 641 1989 quidem
668 1928 814 1970 forma
836 1942 996 1985 synco-

107 1990 207 2050 pata
241 1987 384 2047 poetis
416 1986 556 2052 magis
584 1984 632 2027 in
662 2000 744 2028 usu
773 1993 836 2027 est
861 2001 995 2042 quam

107 2045 324 2109 pedestris
395 2042 612 2087 orationis
677 2041 997 2100 scriptor-ibam

109 2107 163 2148 ac
200 2103 236 2147 si
281 2117 332 2146 ea
374 2100 547 2158 saepius
590 2097 813 2156 reperitur
856 2099 900 2142 in
937 2099 997 2141 li-

106 2160 201 2205 bris
249 2155 379 2210 'vettq
442 2157 595 2201 malim
643 2157 690 2200 id
741 2155 993 2200 litterarum

108 2216 388 2276 compendiis
407 2215 624 2259 tribuere.

165 2314 275 2357 vitio
323 2319 486 2355 autem
540 2311 857 2364 malignitatis
909 2319 995 2356 etc.

110 2371 184 2416 cf.
206 2369 360 2428 Agric-
395 2385 435 2413 c.
461 2370 500 2412 1.
533 2375 672 2411 aetas
707 2382 996 2424 quamquam

108 2431 343 2473 incuriosa
360 2440 559 2470 suorum
580 2425 672 2479 (ubi
689 2425 788 2467 vide
798 2426 995 2470 Waleh.

109 2503 156 2546 p.
184 2484 297 2538 106.)
335 2492 380 2528 et
409 2484 499 2528 An.
519 2485 562 2533 2,
587 2483 657 2525 88.
689 2485 803 2524 dum
838 2491 998 2525 velera

110 2543 384 2587 extollimus
443 2542 699 2584 recentium
767 2541 996 2583 incuriosi.

107 2593 270 2644 venei.
296 2599 392 2642 Pat.
418 2599 459 2651 2,
479 2599 551 2647 95,
574 2598 619 2640 2.
640 2599 909 2651 praesentia
930 2600 998 2639 in·

107 2659 235 2702 vidia
248 2691 260 2713 ‚
288 2661 550 2712 praeterita
571 2656 871 2697 veneratione
889 2669 997 2707 pro-

107 2716 368 2773 sequimur,
406 2721 452 2756 ει
487 2714 557 2756 his
586 2726 670 2755 nos
707 2713 861 2763 obrui,
903 2713 997 2753 illis

106 2774 278 2817 insu-ui
298 2773 554 2825 credimus,
600 2769 653 2812 ad
680 2785 813 2826 quem
840 2768 993 2811 locum

44 2839 51 2844 ’
107 2828 343 2873 Ruhnken.
365 2830 532 2880 docuit,
561 2827 807 2870 sententiae
828 2825 996 2869 semina

109 2887 225 2946 apud
245 2885 451 2944 Thucyd.
475 2887 516 2937 2,
534 2884 605 2928 45.
631 2885 813 2941 eiusque
845 2882 995 2926 imita-

109 2950 253 2988 torem
283 2942 539 2987 sanandum
573 2941 702 2985 Catil.
736 2957 778 2984 c.
805 2941 849 2984 3.
885 2957 994 2984 esse.

111 3000 183 3046 Cf.
219 3000 374 3044 Horat.
411 2999 560 3043 Carm.
593 2998 635 3050 8,
672 2999 744 3050 24,
777 2997 849 3041 31.
895 2999 996 3041 vir-

111 3065 260 3101 tutem
303 3059 580 3100 incolumem
625 3058 830 3107 odimus,
893 3058 998 3099 sub-

111 3119 263 3158 latam
295 3129 358 3156 ex
378 3115 522 3157 oeulis
542 3114 811 3170 quaerimus
839 3114 995 3168 invidi,

110 3180 156 3216 et
186 3170 400 3230 Sophocl.
438 3171 563 3214 Aiac.
587 3171 690 3214 964.
723 3170 797 3212 ΒΓ.
833 3173 878 3214 οἱ
907 3169 998 3228 γὰρ

109 3230 243 3273 κακοὶ
280 3223 542 3287 γνώμαισι,
597 3226 807 3286 τάγαθὸν
836 3233 1000 3285 χεροῖν

110 3288 312 3344 ἔχοντες,
370 3284 454 3329 οὐκ
475 3288 633 3342 ιἴσοισι,
682 3288 792 3344 πρίν
822 3299 888 3335 τις
921 3287 999 3330 ἔκ-

111 3341 248 3403 βάλῃ5
291 3343 399 3389 alios
426 3344 593 3386 multos
617 3360 639 3386 a
661 3343 743 3386 Th.
764 3341 996 3386 Schmidio

115 3402 169 3444 ad
184 3402 345 3445 uorat.
363 3399 502 3460 Epist.
516 3398 692 3445 vohll.
725 3416 768 3458 p.
783 3401 850 3444 15.
872 3415 997 3445 com-

116 3466 404 3503 menum-atos.

171 3540 293 3607 Nom
321 3542 609 3622 domamus.
663 3554 750 3601 Ed.
775 3554 892 3613 spir.
920 3570 997 3599 er·

1071 1113 1224 1141 rorem
1260 1111 1376 1139 nam
1408 1098 1556 1139 dubit.
1596 1096 1650 1139 ad
1698 1097 1960 1141 sententiam

1071 1162 1193 1198 rect-e
1218 1163 1511 1198 correxerunt
1526 1154 1699 1197 Puteol.
1713 1163 1754 1196 et
1777 1155 1877 1198 edd.
1891 1171 1961 1198 us-

1071 1228 1157 1270 que
1187 1211 1240 1255 ad
1262 1211 1512 1269 Lipsianam
1547 1211 1616 1254 ed.
1639 1211 1686 1253 in
1713 1225 1829 1253 ‘nom
1863 1227 1961 1254 non

1069 1271 1356 1320 dubitamus,
1380 1269 1457 1311 sed
1471 1268 1641 1325 Lipsius
1659 1268 1960 1312 verisimiliter

1070 1326 1345 1375 emendavit,
1384 1327 1507 1384 quod
1542 1342 1673 1369 nunc-
1698 1326 1796 1368 MS.
1825 1326 1959 1382 Neap.

1071 1383 1330 1435 confirmat,
1391 1398 1511 1425 num
1549 1385 1716 1434 dubit„
1774 1383 1821 1425 in
1864 1398 1956 1442 quo

1071 1441 1169 1484 edd.
1195 1457 1294 1498 sqq.
1318 1449 1438 1484 recte
1462 1441 1803 1498 acquieverunt.
1852 1439 1957 1482 Non

1070 1497 1205 1556 igitur
1248 1513 1360 1556 opus
1401 1507 1493 1546 est,
1544 1507 1592 1541 ut
1632 1514 1735 1542 cum
1773 1499 1957 1541 Μαι-εἰσ

1070 1571 1298 1597 numnam
1340 1556 1483 1597 dubie.
1520 1555 1852 1604 substituatur,'
1886 1556 1956 1600 vel

1072 1628 1176 1656 cum
1203 1612 1473 1655 Heumanno
1496 1613 1550 1655 ad
1575 1613 1821 1654 orationem
1851 1628 1957 1654 con·

1070 1669 1322 1712 cinniorem
1353 1669 1626 1712 reddendam
1656 1669 1812 1712 edatur
1843 1683 1958 1711 num

1068 1728 1383 1769 dubitabimus
1410 1758 1422 1769 .
1438 1756 1450 1768 .
1467 1759 1478 1771 .
1497 1759 1506 1768 .
1537 1742 1678 1782 quum
1704 1729 1820 1769 satis
1844 1741 1958 1768 con-

1068 1792 1181 1835 stet,
1209 1785 1254 1826 in
1280 1783 1406 1836 euius
1431 1783 1715 1827 coniecturae
1741 1793 1863 1842 parte
1890 1784 1957 1827 al-

1069 1848 1163 1885 tera
1184 1841 1368 1899 praeivit
1389 1840 1637 1885 Acidalius.

1122 1970 1242 2009 prae
1288 1955 1464 1996 Catone
1509 1956 1711 2010 Appium
1760 1957 1962 2000 Caecum

1067 2014 1220 2068 magis
1252 2013 1552 2055 mirarentur.
1620 2013 1741 2056 Libri
1774 2014 1956 2072 quidem

1068 2070 1173 2115 editi
1226 2084 1383 2111 omnes
1433 2068 1631 2127 itemque
1677 2071 1775 2114 MS.
1816 2072 1956 2130 Neap-

1068 2127 1359 2171 consentiunt
1400 2125 1447 2167 in
1486 2141 1574 2182 pro
1607 2129 1954 2185 praepositione,

1068 2185 1143 2227 sed
1174 2199 1220 2226 ea
1242 2184 1315 2226 hic
1336 2183 1487 2227 locum
1511 2184 1672 2227 habere
1695 2201 1750 2228 ne
1788 2187 1849 2229 uit
1871 2201 1959 2231 nec

1067 2241 1160 2284 ullo
1177 2241 1313 2283 modo
1327 2241 1697 2299 comprobabitur
1712 2259 1766 2286 co
1790 2244 1816 2286 Ι.
1831 2257 1870 2287 c.
1882 2243 1956 2287 23.

1067 2297 1292 2340 Lucilium
1331 2313 1420 2352 pro
1460 2298 1658 2341 Horatio
1702 2307 1746 2341 et
1778 2300 1957 2344 Lucre—

1069 2359 1184 2397 tium
1233 2369 1323 2408 pro
1373 2355 1567 2410 Virgilio
1617 2358 1806 2412 legunt,
1878 2358 1961 2402 ubi*

1070 2412 1341 2470 peculiarem
1396 2411 1583 2455 voculae
1641 2413 1956 2471 significatum,

1070 2485 1160 2527 quo
1228 2471 1326 2510 loco
1388 2471 1581 2512 alicuius
1641 2473 1716 2513 rei
1773 2471 1955 2525 indicat,

1070 2541 1207 2568 nemo
1232 2542 1323 2568 non
1351 2526 1491 2579 videt,
1533 2541 1620 2570 nec
1639 2528 1954 2586 ·Cic.‘pro‹·'Mi-

1068 2584 1162 2626 lon.
1186 2598 1227 2626 c.
1247 2583 1289 2625 2.
1328 2585 1563 2625 clamores
1597 2587 1840 2629 maximos
1863 2602 1953 2640 pro
2028 2586 2033 2593 ‘

1070 2648 1230 2682 vestra
1311 2642 1463 2682 salute
1543 2645 1764 2697 neglexit.
1889 2645 1952 2686 lbi

1069 2697 1247 2756 quidem
1313 2711 1401 2749 pro
1469 2708 1625 2742 contra
1684 2699 1953 2744 Huldricum

1066 2755 1266 2811 aliosque
1292 2753 1529 2797 defendere
1555 2757 1800 2799 conabatur
1821 2756 1951 2801 Orel-

1067 2813 1173 2861 lius,
1203 2811 1279 2854 sed
1305 2827 1427 2855 nunc
1449 2828 1494 2855 se
1519 2828 1688 2855 errasse
1717 2814 1955 2872 profitetur

1066 2876 1109 2912 et
1127 2883 1247 2922 prae
1266 2885 1314 2910 ex
1340 2867 1480 2911 codd:
1494 2869 1819 2914 restituendum
1840 2888 1950 2916 cen·

1064 2936 1146 2970 set.
1198 2925 1396 2967 Eandem
1421 2927 1818 2984 praepositionem,
1836 2946 1951 2987 quae

1064 2984 1111 3027 in
1147 2982 1296 3027 verbis
1329 2998 1510 3041 quoque
1538 2986 1802 3042 compositis
1832 3002 1857 3030 a
1890 2987 1919 3028 1·

1066 3040 1224 3084 brariis
1259 3039 1445 3083 confusa
1476 3049 1540 3083 est
1575 3056 1679 3084 cum
1707 3057 1798 3095 pro
1839 3004 1950 3098 (vid.

1066 3107 1160 3140 not.
1193 3097 1247 3140 ad
1274 3097 1360 3139 An.
1385 3096 1428 3151 S,
1456 3099 1498 3141 5.
1531 3108 1573 3141 et
1598 3099 1744 3142 Beier.
1773 3101 1828 3144 ad
1850 3101 1949 3145 Cic.

1066 3162 1179 3198 orat.
1208 3154 1368 3212 fragm.
1397 3170 1442 3212 p.
1461 3158 1584 3207 115),
1620 3156 1706 3199 boc
1736 3158 1837 3200 loco
1863 3172 1946 3215 po-

1069 3211 1262 3255 nendam
1328 3227 1422 3256 esse
1492 3213 1669 3255 dudum
1732 3215 1952 3272 perspexit

1070 3268 1352 3318 Gronovius,
1412 3285 1609 3328 quocum
1661 3271 1954 3315 consentiunt

1066 3324 1422 3374 Schurzfleisch.·
1447 3336 1500 3371 'et
1538 3327 1798 3371 -Oudendor
1834 3360 1845 3370 .
1895 3328 1951 3373 ad

1067 3382 1247 3441 Apuleii
1270 3383 1453 3428 Metam.
1476 3383 1624 3443 1V.>p.
1646 3385 1748 3428 269.
1803 3345 1955 3430 ‘bsur-

1066 3449 1197 3499 patur
1230 3441 1351 3484 enim
1381 3457 1430 3490 ea
1455 3442 1502 3484 in
1529 3457 1630 3485 com
1666 3442 1961 3494 arationibus,

1070 3497 1165 3541 vide
1186 3496 1418 3542 Drakenb.
1440 3499 1494 3541 ad
1518 3498 1609 3542 Liv.
1660 3529 1672 3547 ‚
1691 3499 1761 3551 26)
1783 3501 1850 3549 7..
1877 3499 1952 3544 n(-

1070 3570 1157 3613 que
1181 3553 1283 3598 talis
1301 3555 1346 3599 h.
1371 3555 1400 3598 l.
1427 3554 1697 3607 instituitur3
1735 3558 1836 3602 nam
1866 3557 1952 3602 ho-
