2150 4022
356 163 358 166 ’
414 179 533 242 DE
593 176 1119 267 GERMANJA
1177 179 1374 257 CAP.
1415 185 1644 245 11..12.
1873 188 1956 246 33

99 315 335 375 fremitu
404 321 830 387 aspernantur5
919 309 1013 365 sin
1075 310 1340 384 placuit,
1422 313 1671 370 frameas
1740 334 1957 373 concu-

98 389 306 461 tiunt.-’
357 395 878 456 honoratissimum
928 395 1208 453 adsensus
1247 417 1430 470 genus
1472 410 1559 456 est
1604 398 1784 473 armis
1825 400 1955 458 lau-

74 544 77 545 .
97 489 253 546 dare.

262 607 400 669 XII.
468 607 634 665 Licet
690 607 845 681 apud
902 604 1222 661 concilium
1284 624 1553 663 accusare
1612 601 1847 684 quoque
1900 621 1956 666 et

97 696 410 754 discrimen
463 692 668 767 capitis
720 691 1045 748 intendere.
1148 685 1467 745 Distinctio
1515 705 1839 766 poenarum
1887 714 1954 750 ex

96 782 326 839 delictO.
411 778 742 852 proditores
775 787 831 832 et
857 775 1184 846 transfugas
1212 775 1522 831 arboribus
1559 779 1952 852 suspendunt:

97 868 340 941 ignavos
371 875 428 920 et
465 862 730 918 imbelles
766 872 823 916 et
857 879 1099 934 corpore
1137 858 1383 915 infames
1420 880 1602 915 coeno
1640 883 1703 920 ac
1737 863 1954 936 palude

96 952 306 1008 iniecta
337 949 579 1022 insuper
607 958 762 1003 crate
792 954 1084 1017 mergunt.
1171 943 1478 999 diversitas
1507 947 1782 1021 supplicii
1812 948 1954 1006 illuc

96 1035 387 1115 respicit,
431 1044 710 1108 tanquam
762 1030 975 1086 scelera
1018 1029 1250 1084 ostendi
1291 1039 1591 1102 oporteat,
1658 1033 1799 1087 dum
1842 1054 1956 1107 pu-

96 1122 374 1187 niuntur,
417 1118 639 1189 flagitia
669 1113 968 1172 abscondi.
1033 1113 1135 1168 sed
1163 1124 1218 1169 et
1243 1113 1567 1170 levioribus
1593 1116 1819 1172 delictis
1844 1138 1953 1192 pro

95 1207 274 1264 modo
309 1222 632 1280 poenarum
669 1219 954 1277 equorum
992 1218 1392 1275 pecorumque
1423 1220 1672 1256 numero
1703 1202 1955 1259 convicti

137 1444 338 1500 fremitu
371 1448 702 1494 aspernantur.

150 1558 298 1601 armis
329 1559 541 1598 laudare.
614 1553 669 1598 cf.
708 1552 814 1596 Hist.
845 1552 884 1602 5,
924 1550 989 1594 17.

96 1618 174 1658 ubi
220 1629 336 1657 sono
389 1626 636 1654 armorum
691 1610 990 1664 tripudiisque

99 1674 195 1726 (ita
241 1671 335 1726 illis
385 1671 512 1723 mos)
565 1671 833 1721 adprobata
881 1673 990 1711 sunt

99 1731 222 1772 dicta
251 1737 335 1771 etc.

158 1786 270 1830 CAP.
305 1784 373 1828 1⁶2.
431 1796 649 1824 accusare
681 1795 874 1837 quoque.
936 1778 988 1822 In

774 1436 845 1502 cf.
875 1435 988 1483 [list.

47 1533 60 1541 .
95 1501 136 1556 3,
163 1503 229 1544 10.

90 1842 300 1900 ‚margine
332 1838 502 1883 codicis
529 1837 691 1895 Stuttg.
725 1838 987 1880 adnotatum

88 1909 185 1945 est:
226 1899 312 1941 alii
338 1912 365 1953 q
377 1914 408 1938 ιι
421 1913 444 1937 e
457 1911 504 1936 m
521 1911 548 1950 q
562 1911 590 1936 u
602 1910 640 1938 e.

153 1958 401 2000 discrimen
424 1954 585 2004 capitis
611 1954 868 1996 intendere.
930 1949 989 1994 ef.

95 2018 185 2060 An.
217 2015 257 2064 5,
286 2014 327 2054 4.
366 2012 562 2053 exitium
595 2011 764 2051 domui
791 2010 885 2051 eius
913 2009 988 2049 in-

99 2073 239 2118 tendi.
305 2068 478 2112 Similia
514 2075 616 2111 sunt
652 2066 767 2123 apud
801 2064 989 2108 Sueto‘n.

95 2131 270 2175 Domit.
301 2143 340 2170 c.
364 2127 404 2169 8.
455 2124 544 2167 Vit.
574 2141 612 2166 c.
636 2123 679 2166 7.
725 2122 870 2167 Cicer.
905 2138 988 2180 pro

95 2188 198 2233 Mil.
239 2202 276 2228 c.
312 2183 378 2226 14.
439 2182 533 2225 Liv.
577 2182 617 2233 9,
657 2181 727 2224 26.
800 2179 989 2231 Locutio

96 2244 390 2290 translatmest
407 2239 461 2282 ab
485 2256 590 2283 arcu
613 2241 659 2282 in
683 2237 869 2282 alicuius
892 2253 988 2296 per-

99 2301 263 2346 niciem
291 2300 481 2341 intento.

154 2373 218 2402 ex
238 2357 420 2398 delicto,
457 2352 905 2396 1⁴1dd.Ka1h.Monae.
930 2366 993 2393 ex

96 2419 260 2462 dilecto
274 2447 285 2464 ,
307 2412 478 2456 vitiose.
501 2439 558 2446 —-
587 2410 678 2453 Pro
697 2413 993 2463 suspendunt

99 2475 168 2520 ed.
180 2471 324 2516 Rhen.
339 2467 500 2524 (1533.)
511 2468 618 2510 vitio
642 2475 818 2525 typogr.
831 2481 992 2521 supen-

98 2537 348 2641 dugirpore
386 2582 602 2639 infames.
681 2578 755 2622 Ol>
802 2578 992 2680 impuli-i-

946 2653 990 2678 ,ι-

97 2648 246 2694 citiam
272 2642 496 2686 dicuntur.
557 2639 614 2683 cf.
631 2636 851 2689 An.1‚73.

33 2741 41 2744 ,
100 2720 190 2749 cer.
223 2702 352 2743 Verr.
375 2699 417 2747 4,
438 2698 479 2740 9.
541 2694 735 2752 Quintil.
771 2696 811 2745 4,
845 2694 896 2741 2,
916 2694 986 2736 79.

12 3568 44 3604 xi

15 3613 26 3629 ι

103 2760 240 2819 Quod
273 2755 490 2812 flagitium
523 2770 578 2796 ne
605 2752 780 2795 caderet
803 2752 849 2793 in
875 2750 987 2794 Ger·

99 2833 282 2866 manos,
333 2813 471 2855 feram
522 2809 644 2852 illam
681 2819 724 2852 et
757 2808 988 2852 horridam

101 2882 304 2935 gentem,
345 2869 515 2927 Lipsius
550 2867 838 2908 emendabat:
887 2875 990 2907 tor-

96 2947 208 2989 pore
231 2930 432 2986 infames
442 2943 456 2977 ,·
488 2924 771 2968 Gehauerus=
803 2937 992 2978 corpore

101 2990 342 3046 informes,
381 2982 501 3040 quod
537 2989 644 3025 teste
665 2980 823 3024 Hessio
856 2988 992 3022 exstat

101 3050 146 3092 in
170 3045 268 3088 MS.
291 3047 451 3096 Stuttg.
512 3041 665 3081 Anton
687 3037 894 3093 intelligit
913 3035 990 3079 ho·

100 3105 263 3150 mines,
294 3100 368 3156 qui
392 3113 553 3154 corpus
574 3094 904 3142 mutilaverint,
934 3110 990 3137 ne

98 3159 201 3207 belli
218 3158 390 3202 labores
403 3155 594 3198 obirent.
620 3150 884 3195 [ticklessius
898 3166 990 3194 cor-

98 3232 212 3276 pore
243 3214 447 3271 infames
483 3209 573 3253 vult
602 3225 719 3257 esse,
761 3207 835 3265 qui
863 3215 930 3250 ter
963 3223 990 3249 o

102 3276 282 3319 vulnera
319 3268 517 3313 tulerint.
587 3265 669 3308 Vix
706 3265 858 3308 credo.
975 3273 990 3307 t

101 3334 201 3378 satis
232 3325 477 3373 verisimile
508 3332 572 3366 est
603 3340 624 3366 a
651 3322 862 3366 Romanis
889 3320 991 3364 Gal·

102 3393 240 3447 lisque
270 3384 481 3428 infamem
506 3380 729 3422 Venerem
759 3379 814 3422 ad
841 3380 990 3436 singu-

102 3447 169 3490 los
205 3443 457 3487 Germanos
502 3437 748 3487 transiisse,
798 3436 989 3493 satisque

103 3501 268 3561 glosiae
291 3499 337 3541 in
357 3497 611 3540 Germanos
628 3493 732 3536 inde
757 3494 988 3544 redundat,

185 3567 426 3616 Tscrrus
474 3561 568 3611 IV.

1061 1436 1183 1494 quod
1209 1435 1434 1493 impudica
1460 1452 1655 1495 corpora
1679 1454 1772 1482 non
1796 1439 1957 1485 tolera·

1060 1503 1160 1538 rent
1183 1494 1413 1550 atrocique
1441 1511 1584 1552 poena
1609 1496 1866 1540 adficerent.

1117 1555 1200 1594 sed
1236 1559 1279 1593 et
1309 1553 1554 1593 levioribus
1588 1555 1780 1598 delictis.
1839 1554 1955 1601 Lon-

1061 1606 1205 1666 golius
1237 1608 1288 1650 ad
1321 1608 1558 1651 ablativum
1594 1610 1801 1668 intelligit
1835 1629 1958 1670 prae·

1061 1666 1330 1724 positionem
1360 1667 1421 1708 in.
1480 1666 1658 1710 Hessius
1680 1669 1956 1714 animadver-

1059 1723 1113 1765 tit
1150 1738 1253 1764 cum
1287 1722 1409 1764 nudo
1447 1723 1577 1766 etiam
1605 1724 1801 1768 ablativo
1830 1726 1954 1785 iungi

1061 1780 1256 1825 verbum
1273 1782 1523 1822 convictus.
1555 1781 1613 1824 cf.
1637 1781 1824 1826 sueton.
1849 1784 1959 1828 Ner.

1061 1854 1101 1881 c.
1125 1836 1195 1879 31.
1253 1836 1316 1879 At
1338 1836 1444 1879 binc
1467 1838 1655 1880 verbum
1679 1842 1872 1883 convicti
1889 1859 1955 1885 re-

1061 1891 1226 1936 motius
1260 1900 1324 1934 est
1362 1893 1726 1954 interpositisque
1762 1899 1958 1941 vocabu·

1062 1952 1115 1994 lis
1152 1965 1336 2007 prorsus
1379 1950 1676 2002 disiunctum,
1729 1969 1861 2010 quani
1909 1968 1959 2001 ut

1061 2008 1166 2051 inde
1190 2008 1327 2064 possit
1348 2008 1540 2064 pendere
1561 2010 1795 2054 ablativus.
1842 2012 1959 2058 Sunt

1061 2065 1211 2124 potius
1234 2063 1276 2107 h.
1293 2064 1321 2106 l.
1342 2064 1519 2110 ablativi
1543 2067 1758 2119 absoluti,
1789 2078 1840 2116 ut
1860 2088 1957 2115 sen-

1063 2124 1197 2166 tentia
1233 2121 1314 2164 sit:
1353 2122 1427 2164 sed
1454 2131 1494 2166 et
1524 2121 1689 2168 leviora
1717 2125 1752 2167 si
1776 2131 1956 2183 quando

1061 2187 1166 2224 sunt
1189 2178 1364 2221 delicta.

1115 2252 1202 2290 pro
1238 2239 1376 2277 modo
1401 2251 1690 2290 poenarum..
1740 2238 1816 2283 Sic
1850 2251 1957 2288 vett.

1061 2293 1163 2337 libri
1189 2308 1361 2336 omnes.
1410 2292 1471 2334 Ex
1488 2294 1677 2338 Acidalii
1697 2298 1958 2344 coniectura

1063 2351 1320 2401 Ernestius,
1379 2350 1636 2399 Broterius,
1697 2352 1956 2405 Oberlinus,

1062 2407 1335 2459 Bredovius,
1401 2408 1671 2459 Seebodius,
1727 2409 1957 2458 Bekkerus

1062 2465 1224 2522 aliique
1238 2463 1478 2507 ediderunt
1493 2480 1506 2507 ε
1522 2481 1610 2519 pro
1626 2470 1764 2509 modo
1774 2483 1932 2520 poena
1946 2487 1960 2514 .-

1065 2536 1290 2576 equorum
1326 2530 1409 2563 etc.
1479 2521 1737 2576 Passovius,
1778 2524 1957 2571 Hessius

1063 2578 1228 2635 aliique
1279 2578 1446 2621 rectius
1508 2581 1700 2623 retinent
1757 2591 1956 2629 veterem

1061 2635 1355 2692 scripturam,
1394 2650 1505 2692 quae
1536 2651 1630 2681 non
1664 2636 1812 2682 solum
1836 2651 1956 2687 vete·

1061 2708 1160 2736 rum
1215 2692 1422 2735 codicum
1475 2695 1738 2739 auctoritate
1785 2698 1958 2752 nititur,

1061 2750 1135 2797 sed
1173 2747 1303 2791 etiam
1337 2749 1384 2792 in
1417 2764 1463 2792 se
1495 2749 1603 2794 nibil
1636 2751 1788 2806 habet,
1833 2759 1953 2814 quod

1062 2805 1300 2864 displicere
1323 2807 1477 2862 possit.
1508 2806 1801 2854 Germanice:
1828 2817 1957 2857 Aher

1062 2865 1183 2906 auch
1205 2864 1280 2905 ,im
1303 2863 1416 2906 Fan
1447 2865 1687 2908 Ieichterer
1710 2868 1763 2910 V
1757 2866 1956 2925 ergeszen

1062 2924 1249 2963 werden
1271 2922 1391 2963 nach
1409 2924 1515 2963 dem
1538 2921 1682 2965 Satze
1706 2928 1791 2966 der
1810 2926 1952 2973 Stra-

1048 2980 1139 3034 fen
1161 2979 1245 3019 mit
1270 2979 1396 3021 einer
1413 2981 1602 3021 Anzahl
1632 2995 1720 3022 uon
1746 2981 1956 3038 Pserden

1062 3038 1156 3078 und
1182 3034 1380 3076 kleinem
1409 3036 1458 3076 V
1454 3038 1529 3078 ielz
1550 3039 1620 3079 die
1647 3038 1954 3086 [seber-wiese-

1061 3107 1152 3134 nen
1176 3094 1224 3135 in
1236 3094 1482 3146 Anspruch
1502 3108 1798 3148 genommen.
1843 3100 1955 3143 Poe-

1063 3165 1141 3192 nas
1166 3148 1388 3207 intellige,
1420 3166 1532 3207 quae
1558 3167 1605 3193 ex
1628 3152 1722 3209 lege
1740 3163 1814 3197 aut
1838 3172 1952 3199 con-

1063 3205 1294 3249 suetudine
1338 3216 1515 3264 recepta
1546 3207 1744 3266 singulis
1783 3213 1956 3258 delictis

1063 3262 1330 3306 constitutae
1365 3273 1483 3307 sunt.
1556 3264 1614 3308 cf.
1651 3282 1690 3309 c.
1721 3268 1792 3311 21.
1832 3279 1956 3313 certo

1060 3327 1382 3363 armentorum
1408 3337 1463 3363 ac
1480 3335 1699 3375 pecorum
1718 3340 1926 3372 numero.

1118 3378 1321 3420 convicti.
1366 3377 1585 3421 Absolute
1608 3379 1804 3436 ponitur.
1844 3383 1954 3428 Sue-

1062 3443 1154 3477 tou.
1176 3434 1346 3479 Domit.
1373 3450 1414 3478 c.
1438 3435 1480 3479 8.
1511 3437 1760 3490 repetitam
1787 3447 1832 3481 et
1854 3457 1954 3485 con·

1062 3493 1245 3535 υίείαηι.
1304 3491 1515 3535 Ceterum
1538 3494 1767 3539 convictus
1790 3499 1956 3545 reiali·

1331 3551 1381 3609 C
