2150 4022
547 261 1070 330 DIALOGUS.
1156 268 1346 332 CAP.
1390 273 1486 338 13,-

1818 271 1943 328 277

101 411 233 470 tut,
267 398 316 455 ii
337 397 555 475 quibus
579 408 877 474 praestant
899 398 1324 472 indignantur?
1367 399 1526 476 quod
1545 396 1783 470 adligati
1807 383 1940 455 cum

97 483 437 543 adulatione
469 503 578 540 nec
600 478 1043 558 imperantibus
1073 503 1334 559 unquam
1367 485 1504 540 satis
1541 481 1695 538 servi
1729 483 1938 539 viden-
2003 550 2011 556 ψ

96 581 197 628 tur
224 588 332 624 nec
361 568 536 624 nobis
562 568 703 625 satis
733 568 951 624 liberi?
1006 589 1153 645 quae
1179 565 1321 624 haec
1348 588 1571 626 summa
1598 586 1799 624 eorum
1827 587 1938 642 po·-

94 652 278 713 tentia
304 652 429 709 est?
474 664 703 710 tantum
729 673 898 727 posse
925 653 1123 710 liberti
1148 654 1356 713 solent.

1442 651 1546 708 Me
1573 671 1712 708 vero
1747 697 1784 722 ‚‚
1795 653 1935 708 dul-

94 737 255 808 ces”,
295 748 362 794 ut
375 735 661 811 Virgilius
686 739 798 806 ait,
841 737 1169 808 ,‚Musae”‚
1210 749 1502 794 remotum
1528 758 1560 794 a
1585 736 1936 794 sollicitudi-

91 823 269 880 nibus
290 835 351 881 et
379 823 534 879 curis
562 834 616 880 et
642 823 978 880 necessitate
1004 823 1267 900 quotidie
1294 822 1520 899 aliquid
1559 832 1763 878 contra
1800 823 1933 879 ani-

145 1013 182 1057 ii
228 1013 395 1069 quibus
438 1019 704 1068 praestant.
791 1012 977 1057 Correxi

88 1070 322 1129 vulgarem
354 1070 643 1113 librariorum
681 1085 881 1114 errorem
916 1073 977 1119 hi,

88 1129 280 1185 quibus,
323 1127 456 1183 idque
483 1143 536 1170 eo
559 1126 792 1179 fidentius,
833 1144 974 1185 quum

89 1201 114 1228 e
140 1184 243 1228 MS.
267 1183 406 1243 Neap.
427 1185 465 1227 ii
490 1192 720 1227 enotatum
745 1186 816 1229 sit.
873 1185 975 1238 [Ea-

89 1241 191 1284 dem
207 1241 294 1285 scri
330 1250 430 1285 tura
450 1241 539 1284 iam
557 1242 672 1299 apud
689 1241 849 1294 Orelh,
869 1242 974 1284 dein

87 1298 205 1357 apud
231 1258 419 1342 BeEker.
448 1309 491 1341 et
517 1298 823 1352 Boetticher.].
883 1298 973 1342 Sed

88 1371 183 1399 non
217 1355 429 1399 convenit
460 1356 578 1398 inter
613 1355 879 1414 interpretes
917 1357 972 1398 de

86 1412 176 1456 loci
196 1412 443 1462 sententia,
470 1414 674 1474 adeoque
696 1412 760 1456 ini
784 1413 902 1456 inter
926 1428 972 1455 se

85 1469 341 1528 discrepant
363 1501 375 1519 ‚
445 1479 495 1512 ut
551 1471 778 1528 corrigere
830 1470 972 1514 velint

84 1527 222 1571 verba
255 1527 350 1570 sine
382 1526 473 1570 ulla
504 1525 752 1570 diversitate
785 1528 972 1585 scriptu·

84 1599 160 1628 rae
211 1583 259 1626 in
309 1584 522 1626 omnibus
571 1583 693 1627 libris
729 1584 972 1642 descripta.

82 1648 338 1696 praestant
359 1641 414 1683 ab
437 1641 688 1685 Heumann.
708 1642 890 1699 Bipont.
912 1640 972 1684 al.

86 1697 257 1744 dietum
281 1698 373 1741 acc‘
409 1698 583 1740 iebatur
607 1713 716 1756 pro:
757 1714 870 1756 quos
891 1714 970 1741 an·

83 1753 302 1799 tenellum
356 1771 379 1798 e
399 1756 608 1812 equentia
662 1765 706 1799 et
758 1757 970 1813 potentia.

85 1811 349 1856 Gronovius
406 1812 571 1856 rectius
630 1812 852 1870 cogitabat
911 1813 972 1859 ,de

140 1871 353 1936 aestando
376 1886 454 1918 eo,
483 1869 606 1926 quod
629 1879 870 1936 roga-ntur,
898 1869 974 1912 of·-

116 1941 213 1978 cw,
244 1942 461 1979 munere3
489 1942 632 1981 neque
654 1943 699 1969 in
727 1944 773 1969 ea
797 1936 973 1969 senten·

84 1983 147 2030 tia
178 1984 392 2042 quicquid
429 1993 518 2038 est,
571 1984 694 2040 quod
737 1983 974 2032 offensioni

82 2056 176 2084 esse
198 2043 351 2099 possit.
407 2039 520 2084 Nam
543 2043 703 2094 gravis
729 2049 794 2083 est
817 2043 974 2083 liberis

80 2099 183 2153 ipsa
203 2098 530 2154 beneficiorum
549 2100 759 2150 potentia
771 2129 784 2146 .
806 2107 853 2140 ut
871 2096 970 2140 Flo-

80 2171 159 2199 rus
177 2155 238 2199 ait
256 2155 297 2204 4,
310 2156 439 2203 292.
453 2188 465 2206 ,
490 2154 603 2197 adde
616 2155 807 2212 Diogen.
824 2156 970 2198 Laert.

82 2214 153 2256 10.
175 2213 259 2268 §9.
320 2213 423 2255 Non
446 2211 583 2269 igitur
602 2213 710 2255 haec
731 2213 842 2256 adeo
866 2219 970 2255 sunt

79 2270 258 2328 inepta,
298 2278 347 2314 ut
375 2286 478 2312 cum
503 2269 653 2326 Lipsio
685 2272 843 2325 quibus
874 2284 969 2313 non

76 2335 252 2382 praest.
275 2326 563 2371 scribendum
588 2327 668 2376 sit,
698 2327 770 2369 cui
797 2328 969 2369 obtem*

79 2384 256 2443 peravit
274 2382 515 2426 Weikert.
539 2389 582 2423 et
599 2381 901 2426 Woltmann.
919 2383 966 2426 in

79 2442 234 2485 transl.
252 2456 433 2485 vernae.
473 2438 638 2482 Similis
660 2439 876 2482 sententia
899 2439 966 2482 in-

81 2507 147 2543 est
160 2496 431 2553 Schultingii
452 2496 776 2539 emendationi:
807 2498 967 2553 quibus

75 2563 329 2611 psaestant
370 2554 551 2604 minus;
610 2553 813 2611 displicet
852 2568 965 2596 vero

80 2611 246 2657 Sebetii
274 2619 612 2661 commentum,
654 2611 775 2668 quod
811 2611 969 2654 Schul-

79 2669 219 2728 tingio
243 2684 424 2728 quoque
446 2667 641 2724 placuit:
681 2671 775 2715 his,
804 2670 967 2723 quibus

77 2741 176 2779 vr„
223 2727 555 2780 indignantur,
606 2733 654 2767 ut
687 2724 965 2768 indicaretur

78 2784 254 2829 animus
275 2791 504 2827 oratorum
529 2781 799 2839 importunis
820 2790 863 2824 et
883 2781 965 2824 im-

79 2842 349 2900 pudentibus
375 2838 582 2898 precibus
603 2840 820 2883 offensus.

127 2899 342 2951 ‚adligati
375 2912 482 2940 eum
522 2899 807 2939 adulatione.
888 2895 965 2940 Sic

80 2955 182 3000 MS.
226 2954 366 3013 Neap.
408 2963 452 2996 et
491 2954 595 2998 edd.
642 2953 737 2996 fere
788 2970 961 2997 omnes.

81 3010 353 3057 insolentior
399 3019 547 3054 autem
592 3011 686 3056 visa
737 3019 803 3054 est
856 3026 963 3053 cum

81 3068 380 3128 praepositio.
439 3083 572 3123 quam
627 3083 720 3110 non
777 3068 961 3126 probari

82 3142 211 3184 posse
242 3125 571 3168 contenderunt
600 3123 826 3183 plerique;
862 3141 962 3169 cor·

79 3183 316 3241 rigandum
339 3182 472 3240 igitur
491 3190 598 3225 erat.
657 3182 961 3240 Schultingius

81 3241 290 3283 omnium
311 3241 577 3282 adulatione
598 3238 811 3290 malebat,
834 3255 960 3299 prae·

82 3296 250 3341 ferebat
285 3303 432 3340 tamen
467 3299 632 3339 hennil!
661 3299 937 3339 adulatione
948 3314 962 3348 ;

81 3353 395 3396 neumannus:
444 3354 800 3407 diligentissima
833 3356 963 3396 adul.

84 3409 182 3456 vel:
214 3411 487 3453 cautissima
513 3413 666 3461 adul„
691 3427 803 3469 quae
825 3410 962 3453 nimis

85 3467 296 3511 recedunt
314 3483 337 3510 a
358 3467 546 3511 lectione
565 3466 765 3524 vulgata;
783 3466 965 3512 schulz.

84 3525 206 3571 corui
231 3524 305 3568 vel
329 3524 593 3568 Caesarum
625 3527 782 3574 adul„
823 3540 962 3582 quum

87 3587 283 3630 constet,
318 3596 397 3625 eos
410 3581 614 3638 plurium
640 3582 965 3641 imperatorum

1048 1013 1236 1070 gratiam
1265 1020 1465 1057 sectatos
1503 1028 1624 1063 esse3
1669 1010 1932 1057 Schneider.

1050 1071 1268 1115 Observv.
1314 1086 1357 1127 p.
1394 1070 1436 1112 6.
1455 1086 1467 1113 ε
1522 1071 1652 1123 allig.
1697 1072 1940 1113 communi

1044 1131 1199 1183 adul„
1241 1144 1289 1170 ea
1323 1126 1515 1175 scilicet,
1552 1142 1638 1184 qua
1669 1125 1741 1168 atii
1775 1142 1933 1170 ornnes

1045 1185 1323 1243 affligantur,
1354 1201 1466 1242 quae
1488 1193 1578 1228 tota
1599 1183 1776 1227 civitate
1797 1200 1930 1240 repe-

1043 1243 1182 1294 ritur3
1214 1241 1481 1299 Wopkens.
1503 1256 1516 1284 ε
1552 1244 1634 1284 all.
1654 1247 1764 1282 sunt
1785 1244 1934 1292 adul„

1045 1307 1087 1342 et
1120 1299 1362 1343 Hofmann.
1398 1297 1678 1354 Peerlkamp.
1695 1313 1728 1353 τΔ
1751 1300 1936 1352 alligati

1045 1372 1188 1413 quum
1211 1357 1309 1399 sint
1333 1358 1488 1406 adul„
1527 1357 1650 1413 quod
1676 1353 1750 1398 vix
1773 1353 1927 1397 feren-

1043 1416 1168 1457 dum.
1229 1413 1276 1456 si
1302 1412 1411 1469 quid·
1431 1413 1694 1456 mutandum
1716 1419 1805 1467 est,
1837 1427 1933 1454 ma-

1043 1471 1121 1513 lim
1143 1471 1279 1512 omni
1293 1470 1426 1514 scribi
1440 1486 1454 1522 ;
1475 1469 1687 1512 audacius
1703 1477 1849 1512 autem
1863 1468 1936 1514 vie

1044 1529 1198 1579 detur,
1228 1527 1602 1584 praepositionem
1623 1526 1843 1569 librorum
1867 1536 1930 1569 te·

1042 1585 1264 1628 stimoniis
1294 1584 1510 1627 firmatam
1533 1592 1608 1626 aut
1629 1583 1754 1625 uncis
1778 1583 1927 1628 inclu-

1044 1643 1147 1684 dere
1168 1650 1216 1684 ut
1237 1642 1434 1699 spuriam
1457 1649 1530 1683 aut
1551 1639 1717 1683 delere.
1781 1641 1937 1684 Indu-

1043 1707 1195 1742 serunt
1210 1699 1398 1742 Seebod.
1415 1696 1591 1741 Dronk.
1609 1706 1648 1740 et
1664 1698 1819 1749 Oceli„
1842 1697 1928 1740 eie-

1044 1759 1102 1801 cit
1143 1773 1239 1799 eam
1279 1755 1545 1803 Oberlinus.
1617 1753 1930 1799 Defenderam

1043 1829 1244 1873 praepos.
1270 1811 1446 1855 Osann.
1469 1815 1530 1867 [et
1553 1812 1794 1867 Boettich.]
1819 1811 1930 1856 eolt.

1045 1887 1141 1928 cap.
1156 1869 1197 1914 7.
1211 1885 1314 1911 cum
1336 1871 1490 1922 gratia
1509 1873 1630 1911 venie
1641 1901 1652 1922 ,
1679 1869 1790 1910 Hist.
1812 1869 1928 1919 1,52.

1044 1943 1147 1969 cum
1163 1942 1276 1969 cura
1291 1927 1424 1981 adiit,
1449 1942 1562 1984 quae
1579 1927 1631 1968 ab
1650 1927 1692 1968 h.
1706 1925 1735 1968 l.
1752 1925 1928 1969 alienis-

1043 1984 1155 2028 sima
1183 1993 1314 2036 sunt;
1351 1985 1500 2026 nullus
1522 1991 1668 2025 autem
1695 1990 1831 2027 exstat
1853 1983 1927 2027 lo-

1044 2057 1149 2089 cus,
1179 2057 1269 2099 quo
1293 2044 1436 2095 adlig.
1461 2056 1565 2082 cum
1587 2054 1641 2083 re
1664 2039 1834 2082 dictum
1857 2041 1931 2092 sit,

1040 2104 1106 2141 ad
1128 2114 1226 2141 rem
1248 2098 1318 2142 vel
1341 2113 1393 2140 re
1416 2099 1576 2154 aliqun-
1597 2095 1838 2141 sexcenties
1858 2096 1926 2142 iili

1041 2156 1184 2199 verbo
1207 2155 1474 2213 iunguntur.
1534 2154 1707 2205 [Hand.
1729 2153 1925 2199 Turseli.

1040 2212 1148 2256 vol.
1175 2213 1230 2256 11.
1264 2229 1309 2270 p.
1337 2214 1434 2256 142.
1462 2221 1611 2256 censet
1640 2211 1797 2254 litteris
1819 2227 1925 2254 cum

1041 2286 1294 2328 expressum
1330 2286 1423 2313 esse
1454 2268 1776 2326 compendium
1799 2269 1924 2312 verbi

1038 2329 1237 2382 oinium]
1271 2351 1325 2360 —
1384 2327 1476 2368 Pro
1498 2328 1832 2379 imperantibus
1852 2325 1926 2369 ed.

1037 2383 1227 2426 Bekkeri
1249 2384 1619 2438 imperitantibus
1640 2381 1775 2430 dedit,
1794 2390 1922 2440 typo-

1037 2441 1181 2483 thetae
1205 2456 1356 2484 errore
1381 2441 1483 2483 satis
1510 2446 1679 2496 aperto.
1712 2461 1765 2471 -·-
1824 2440 1922 2482 De-

1035 2498 1172 2555 nique
1196 2513 1357 2540 eorum
1382 2497 1435 2539 ab
1458 2495 1609 2552 Lipsio
1632 2495 1922 2541 emendatum

1037 2565 1101 2598 est
1122 2569 1207 2610 pro
1228 2563 1330 2597 vett.
1355 2553 1456 2596 edd.
1482 2567 1663 2595 rerum.

1094 2613 1248 2654 dulces
1262 2611 1439 2653 Musae.
1498 2609 1569 2653 Cf.
1584 2609 1737 2668 Virgil.
1750 2609 1923 2669 Georg.

1034 2668 1077 2717 2,
1111 2668 1209 2711 475.
1245 2669 1321 2710 Me
1366 2682 1476 2709 vero
1512 2667 1721 2721 primum
1762 2669 1932 2711 dulces*

1034 2734 1145 2777 ante
1179 2726 1340 2768 omnia
1368 2725 1529 2766 Musae
1547 2756 1559 2778 ‚
1606 2739 1808 2779 quarum
1837 2740 1918 2768 sa-

1035 2797 1116 2826 cra
1134 2783 1244 2837 fero
1266 2784 1448 2835 ingenti
1464 2795 1711 2836 percussus
1734 2797 1919 2838 amore,

1036 2840 1295 2893 adcipiant.
1340 2839 1526 2881 Eaedem
1548 2841 1767 2896 μειλίχιαι
1777 2840 1921 2883 Arato

1035 2897 1199 2939 Phaen.
1223 2913 1267 2939 v.
1296 2897 1361 2938 16.
1406 2918 1456 2929 -—
1518 2895 1661 2939 Paulo
1685 2906 1785 2955 post
1807 2906 1917 2941 vett.

1034 2954 1131 2997 edd.
1161 2953 1213 2995 ad
1235 2953 1438 2996 Rhenan.
1461 2961 1672 2996 remotae
1694 2955 1871 2999 habent.

1088 3010 1476 3054 sollicitudinibus
1504 3017 1548 3052 et
1578 3012 1709 3056 curis.
1769 3011 1918 3055 Perti-

1032 3075 1142 3111 nent
1166 3067 1275 3109 haec
1293 3066 1346 3109 ad
1369 3065 1418 3110 ἓν
1437 3065 1516 3110 διὰ
1537 3067 1697 3124 δυοῖν,
1735 3069 1918 3124 eiusque

1032 3127 1198 3184 figurae
1222 3123 1414 3181 speciem
1440 3140 1562 3176 eam,
1599 3126 1677 3167 ubi
1705 3127 1811 3169 loco
1832 3126 1915 3169 ad-

1029 3180 1180 3225 iectivi
1205 3180 1482 3226 substantivo
1497 3182 1808 3241 coniungendi
1829 3183 1920 3225 du·-

1031 3238 1129 3297 plex
1152 3238 1338 3296 ponitur
1356 3239 1698 3284 substantivum.
1746 3239 1913 3283 Eadem

1032 3304 1134 3340 sunt
1169 3295 1284 3352 apud
1318 3295 1482 3351 Quint.
1516 3296 1623 3340 Inst.
1657 3312 1724 3339 or.
1752 3299 1820 3351 11,
1848 3298 1914 3349 15,

1030 3354 1102 3395 44.
1155 3351 1274 3395 Ptin.
1308 3353 1393 3411 Ep.
1424 3353 1467 3401 2,
1501 3356 1568 3396 11.
1613 3355 1654 3405 5,
1682 3354 1725 3396 6.
1762 3354 1804 3404 8,
1835 3354 1912 3399 23.

1032 3409 1109 3453 Sic
1131 3425 1228 3467 cap.
1244 3408 1308 3452 18.
1319 3414 1466 3467 sama
1482 3412 1722 3467 gloriaque
1736 3444 1747 3464 ‚
1780 3425 1821 3453 c.
1836 3411 1916 3456 28.

1032 3466 1308 3519 malignitas
1328 3476 1373 3510 et
1392 3470 1565 3510 invidia
1579 3499 1591 3522 ‚
1633 3484 1675 3512 c.
1699 3468 1769 3511 36,
1789 3468 1913 3512 invi-

1032 3524 1160 3565 diam
1182 3530 1265 3567 aut
1286 3527 1474 3569 crimen.
1533 3524 1657 3579 [MS.
1678 3525 1812 3570 Fam.
1835 3540 1915 3569 co-

1036 3580 1174 3635 tidie,
1227 3589 1275 3625 ut
1315 3582 1409 3626 sere
1450 3581 1580 3626 solet.
1621 3582 1769 3626 Bekk.
1852 3583 1921 3629 cs·
