2150 4022
1746 0 1810 18 12),st

1758 19 1823 56 55¹2--

1741 91 1750 96 ῃ
1774 63 1784 82 ,'
1802 63 1828 92 Ἰν

1857 158 1886 193 θ

224 254 343 313 130
473 249 717 312 IULII
764 247 1082 310 Acme.
1124 231 1869 327 vrrA‘cAP.9.10.·
1918 327 1922 332 .

222 382 544 457 inglorium
612 391 670 437 et
739 379 912 437 atteri
974 381 1282 440 sordidum
1341 375 1758 443 arbitrabatur.
1873 379 2081 442 Minus

224 468 549 526 triennium
592 465 658 520 in
695 484 773 527 ea,
802 465 1092 539 legatione
1129 468 1399 523 detentus
1436 479 1502 523 ac
1546 468 1743 525 statim
1797 469 1870 524 ad
1917 485 2082 543 spem

226 554 561 610 consulatus
586 542 889 608 revocatus
914 563 999 607 est
1023 552 1337 608 comitante
1362 551 1675 627 opinione,
1709 546 2082 627 Britanniam

148 646 156 653 '
228 639 282 694 ei
316 635 684 712 provinciam
721 636 878 712 dati:
936 637 1119 694 nullis
1149 637 1212 691 in
1239 631 1352 692 hoc
1377 637 1497 693 suis
1524 638 1924 708 sermonibus,
1979 636 2082 694 sed

229 723 364 799 qnia
389 741 496 797 par
517 720 847 781 videbatur.
913 719 1093 777 Haud
1118 741 1346 796 semper
1368 734 1522 779 errat
1542 721 1727 790 fama,
1760 723 2080 799 aliquando

228 820 284 864 et
320 807 510 880 elegit.
595 804 821 863 Consul
858 807 1118 880 egregiae
1151 818 1278 863 tum
1316 807 1438 881 spei
1473 807 1656 863 filiam
1693 807 1895 863 iuveni
1927 803 2083 864 mihi

229 892 544 967 despondit
586 911 651 948 ac
684 902 818 967 post
855 893 1227 948 consulatum
1267 892 1601 949 collocavit:
1647 903 1703 949 et
1726 892 1919 948 statim
1944 891 2082 949 Bri-

228 979 465 1035 tanniae
491 977 859 1053 praepositus
889 987 973 1033 est
1000 977 1225 1034 adiecto
1250 977 1623 1052 pontificatus
1652 978 1997 1038 sacerdotio.

347 1107 349 1109 ’
397 1116 472 1176 X.
514 1113 860 1173 Britanniae
883 1114 1062 1171 situm
1084 1114 1452 1191 populosque
1475 1115 1678 1172 multis
1699 1115 2083 1191 scriptoribus

228 1213 582 1260 memoratos
619 1220 742 1257 non
779 1201 842 1255 in
879 1200 1376 1275 comparationem
1403 1219 1575 1258 curae
1604 1200 1901 1274 ingeniive
1929 1202 2083 1257 refe-

231 1450 358 1495 nium
382 1445 495 1490 illud
527 1444 676 1504 plures
709 1443 919 1500 deinceps
950 1442 1125 1493 missos,

231 1507 307 1556 vel
329 1507 375 1549 in
399 1504 660 1547 universum
683 1502 1026 1544 contentionem
1050 1501 1125 1545 ad-

232 1579 389 1613 versus
427 1569 743 1619 procuratores
779 1557 996 1613 intelligi,
1036 1574 1123 1615 qua

231 1623 500 1683 plerumque
534 1624 853 1675 procuratores
883 1616 1124 1658 utebantur

234 1681 476 1725 adversum
514 1675 700 1732 legatos.
771 1671 982 1715 Ceterum
1015 1690 1121 1715 mu·

234 1737 323 1783 tavi
373 1732 462 1778 loci
521 1730 967 1788 interpunctionem,

233 1795 339 1840 inde
383 1809 407 1836 a
445 1789 596 1848 Lipsio
643 1795 744 1845 post
783 1797 1125 1843 procuratores

269 1851 467 1896 onebant
505 1855 751 1905 punctum,
799 1853 843 1888 et
875 1845 1031 1888 reduxi
1065 1844 1124 1888 li-

233 1871 422 1955 grorum
447 1915 550 1949 ante
573 1902 772 1970 Lipsium
798 1902 1023 1946 editorum
1047 1919 1122 1946 ra-

230 1970 432 2016 tionem,
479 1977 593 2020 quae
633 1959 868 2010 invenitur
905 1959 1038 2003 etiam
1079 1960 1125 2004 in

268 2025 381 2068 rima
432 2019 568 2078 Lipsii
623 2016 889 2061 recensione
941 2018 1122 2074 (1574.).

233 2043 353 2128 gam
375 2078 556 2121 Tacitus
578 2075 614 2119 si
638 2072 768 2117 vellet
802 2073 955 2117 locum
985 2075 1123 2118 incidi

233 2147 336 2201 post
363 2141 715 2191 procuratores,
759 2131 862 2175 dein
898 2140 1124 2190 pergeret:

236 2211 374 2241 nam
413 2201 458 2236 et
497 2194 673 2234 vincere
709 2198 820 2240 etc.,
877 2189 951 2234 vel
987 2189 1125 2232 simili

235 2254 391 2300 modo.
459 2249 556 2293 Nec
588 2249 735 2292 solum
774 2247 829 2290 ad
866 2246 1124 2290 contentio-

235 2329 341 2358 nem
365 2308 580 2353 adversus
608 2312 926 2364 procuratores
959 2302 1125 2356 refero,

235 2368 358 2430 quod
376 2363 590 2425 Agricola
613 2362 790 2406 vincere
814 2361 1057 2419 inglorium
1082 2371 1124 2405 et

177 2434 181 2438 '
236 2424 366 2473 atteri
406 2421 639 2467 sordidum
680 2420 1006 2471 arbitrabatur,
1045 2419 1122 2463 sed

236 2485 290 2530 ad
334 2479 683 2526 aemulationem
734 2478 868 2520 etiam
913 2477 1123 2520 adversus

235 2541 448 2597 collegas.
516 2534 634 2579 Nihil
666 2534 786 2577 enim
821 2534 992 2583 obstat,
1031 2550 1121 2592 quo

234 2600 385 2644 minus
426 2595 472 2638 in
507 2602 746 2649 utramque
781 2598 952 2649 partem
991 2593 1122 2635 verba

234 2662 450 2715 spectent.
512 2652 766 2696 Sordidum
790 2656 852 2693 est
879 2657 1006 2706 turpe
1038 2664 1122 2692 uec

232 2710 498 2758 honestioris
516 2705 898 2752 conditionisviro
917 2706 1121 2764 dignum,

232 2772 276 2815 id
339 2767 461 2826 quod
524 2781 606 2808 nos
668 2766 858 2808 divimus
923 2765 1118 2819 m‘edrig‚

232 2824 533 2880 schimpflich.
608 2822 753 2865 Nimis
788 2829 1002 2880 premunt
1032 2821 1119 2864 hoc

235 2882 530 2929 vccabulum,
571 2880 648 2938 qui
674 2888 831 2938 putant
850 2895 903 2921 eo
928 2878 1117 2936 spectari

233 2944 285 2988 ad
322 2940 580 2985 inferiorem
616 2944 965 2996 procuratorum
998 2951 1113 2979 con-

231 2999 463 3046 ditionem.

289 3070 444 3114 minus
466 3065 732 3108 triennium.
793 3065 848 3108 Et
870 3063 1113 3108 triennium

232 3119 324 3172 erat
361 3143 384 3170 e
420 3131 658 3182 praecepto
691 3123 963 3166 Maecenatis
995 3121 1114 3180 apud

231 3187 370 3230 Dion.
405 3183 472 3231 52,
497 3179 566 3223 23.
599 3181 675 3222 καὶ
707 3179 971 3238 ἀρχέτωσαν
1000 3176 1115 3239 μήτε

230 3246 420 3303 ἔλαμπον
452 3239 568 3283 ἐτῶν
589 3240 728 3296 τριῶν
755 3241 811 3281 (εἰ
835 3234 898 3295 μή
924 3254 988 3287 τις
1009 3236 1115 3282 ἀδι-

231 3300 382 3358 κήσειέ
401 3300 460 3354 τι)
484 3293 598 3355 μήτε
627 3298 787 3339 πλεῖον
811 3299 963 3339 πέντε.

288 3369 544 3413 comitante
580 3366 805 3420 opinione.
885 3364 1115 3409 Ernestius

229 3426 468 3472 infeliciter
529 3423 807 3466 coniectabat
872 3421 1111 3481 legendum

229 3491 471 3528 constante
490 3481 722 3535 opinione.

285 3572 428 3612 nullis
468 3568 517 3610 in
555 3567 639 3608 hoc
671 3565 768 3607 suis
802 3569 1108 3610 sermonibus.

1039 1745 1135 1788 qUa·

1194 1445 1395 1490 Breviter
1418 1447 1606 1491 dictum.
1661 1445 1920 1490 Sententiae
1946 1442 2082 1487 nullis

1194 1505 1284 1547 suis
1306 1505 1604 1556 sernffinibus,
1633 1505 1710 1562 qui
1732 1504 1785 1546 ad
1808 1503 1896 1546 hoc
1916 1508 2082 1561 specta·

1195 1569 1295 1604 rent
1328 1562 1401 1605 vel
1433 1563 1596 1618 quibus
1628 1561 1738 1605 haec
1762 1577 1831 1604 res
1857 1569 2079 1617 ageretur.

1194 1618 1404 1662 Heinsius
1448 1620 1634 1662 malebat
1651 1634 1671 1662 ε.
1719 1619 1864 1670 nullis
1904 1618 1955 1660 in
1993 1620 2083 1660 Ῑιοο

1196 1691 1307 1719 usus
1325 1678 1730 1730 prensat1·onibus,r
1755 1691 1868 1731 quae
1890 1683 1992 1719 sunt
2015 1674 2082 1718 lu-

1197 1734 1339 1777 dibria
1364 1734 1523 1778 critico
1548 1733 1642 1777 viro
1668 1749 1759 1777 non
1783 1732 1888 1776 satis
1907 1731 2058 1791 digna.

1253 1818 1405 1873 elegit.
1467 1817 1544 1862 Sic
1567 1815 1704 1862 MSS.
1719 1815 1890 1862 Vaticc.
1913 1827 1957 1860 et
1976 1815 2082 1861 edd.

1194 1885 1295 1918 ante
1346 1875 1638 1923 Rhenanam,
1696 1875 1773 1934 qui
1829 1873 2086 1919 emendavit

1192 1936 1330 1988 eligit.
1390 1933 1655 1975 Rhenanum
1685 1933 1843 1976 imitati
1867 1941 1975 1978 sunt
1994 1931 2078 1976 ffl-

1195 1990 1277 2034 dus
1308 2006 1403 2048 sqq.
1435 1990 1488 2033 ad
1514 1988 1800 2039 Ernestium,
1843 1989 1922 2048 qui
1950 1984 2080 2035 &ete-

1193 2064 1289 2091 rem
1311 2047 1504 2089 sormam
1527 2047 1734 2092 restituit.
1789 2047 1945 2091 Recte.
1974 2062 2083 2093 nam

1195 2106 1384 2149 aoristus
1416 2105 1549 2158 elegit
1583 2122 1679 2148 eam
1714 2104 1843 2149 habet
1871 2102 1984 2153 vim,
2019 2113 2083 2158 ut,
2128 2120 2139 2143 x

1196 2165 1305 2206 dum
1337 2163 1537 2212 exhibet,
1613 2163 1702 2207 uod
1737 2162 1975 2220 aliquando
2013 2163 2081 2206 fa-

1196 2231 1319 2265 ctum
1352 2228 1438 2272 est,
1479 2178 1615 2263 simlia
1638 2222 1756 2264 idem
1779 2220 1871 2262 fieri
1898 2220 2082 2264 solitum

1194 2279 1377 2323 indicet.
1437 2278 1498 2322 cf.
1521 2276 1791 2322 Ramshorn.
1817 2276 1901 2321 Gr.
1924 2278 2079 2332 §.164

1197 2354 1246 2437 pil
1274 2339 1383 2452 (301.
1429 2337 1494 2437 bi.
1522 2335 1780 2438 fisgla'ding
1831 2343 1931 2379 not.
1976 2335 2080 2380 crit.

1193 2411 1217 2438 a
1325 2403 1434 2438 uint.
1486 2425 1499 2442 ,
1551 2425 1564 2442 ,
1645 2425 1658 2438 .
1991 2417 2008 2436 s

1952 2438 1967 2459 0

1251 2479 1483 2534 egregiae.
1541 2478 1643 2522 MS.
1660 2476 1802 2520 vatic.
1814 2475 1942 2522 3429.
1966 2477 2079 2531 (test.

1192 2535 1388 2590 Dronk.)
1415 2539 1650 2589 graeciae,
1689 2535 1735 2577 in
1761 2534 1987 2591 margines
2015 2537 2082 2579 al.

1189 2602 1375 2649 gratae.
1440 2594 1668 2636 Broterius
1701 2591 1759 2635 de
1783 2590 1917 2634 MSS.
1947 2599 2078 2636 tacet.

1191 2651 1402 2696 Heinsius
1423 2652 1585 2695 frustra
1613 2649 1902 2693 emendabatz
1944 2663 2077 2703 egre-
2135 2684 2138 2690 .

1190 2712 1272 2766 gia
1307 2717 1466 2751 aetate
1504 2724 1559 2751 ac
1594 2707 1745 2763 specie
1768 2707 1954 2762 filiam,
2002 2705 2078 2750 vel

1193 2768 1427 2822 egregiam
1452 2772 1608 2807 aetate
1629 2773 1730 2807 tum
1750 2764 1916 2818 specie.
1961 2763 2076 2807 Nam

1189 2826 1402 2880 egregiae
1423 2824 1528 2876 spei
1530 2824 1641 2879 filia
1661 2820 1887 2880 aptissime
1900 2820 2079 2866 dieitur

1189 2881 1338 2939 puella
1363 2881 1578 2924 tredecim
1604 2893 1858 2928 annorum,
1898 2878 1973 2924 cui
2001 2896 2077 2923 sa·

1186 2939 1241 2982 tis
1267 2939 1483 2982 decorum
1517 2945 1606 2989 est,
1646 2937 1682 2981 si
1708 2939 1930 2996 egregiam
1955 2937 2011 2980 de
2030 2951 2079 2980 se

1186 2997 1332 3041 facere
1355 3011 1478 3053 spem
1502 2994 1662 3039 fertur.
1738 3000 1742 3006 '

1243 3081 1497 3122 collocavit.
1559 3073 1673 3122 Edd.
1695 3077 1801 3122 Put.
1824 3077 1881 3122 V.
1908 3087 1952 3122 et
1976 3077 2074 3123 Ate.

1185 3140 1402 3186 collavit,
1432 3136 1539 3180 vitio
1564 3134 1903 3195 typographico.

1242 3221 1357 3264 CAP.
1385 3223 1450 3263 10.
1490 3236 1585 3263 non
1607 3223 1656 3263 in
1677 3221 2072 3272 comparationem

1186 3294 1326 3322 curae
1371 3279 1600 3333 ingeniive
1643 3283 1863 3334 reseram.
1930 3276 1989 3322 Η.
2035 3293 2075 3327 e.

1187 3352 1280 3378 non
1317 3336 1536 3386 referam,
1578 3345 1626 3380 ut
1659 3353 1708 3380 ea
1741 3335 1895 3378 relatio
1930 3335 2074 3380 valeat

1186 3394 1233 3436 in
1254 3393 1638 3450 comparationem
1660 3405 1813 3442 curae,
1833 3406 1966 3449 quam
1987 3407 2071 3450 ego

1184 3460 1228 3494 et
1259 3465 1393 3507 quam
1427 3450 1539 3493 alius
1573 3449 1797 3500 adhibuit,
1837 3449 2072 3507 ingeniive,

1186 3508 1310 3606 qumll·
1333 3523 1414 3563 ego
1437 3515 1479 3549 et
1500 3507 1622 3564 quod
1652 3505 1764 3552 atius
1793 3506 1846 3550 ad
1880 3506 1926 3550 id
1958 3522 2071 3564 opus

1185 3574 1274 3608 attu
1300 3573 1346 3606 tt.
