2150 4022
541 287 776 357 DIAL
792 286 1066 350 OGUS.
1153 291 1345 354 CAP.
1393 296 1487 355 17.

1807 298 1926 357 291

89 419 235 476 anni
281 419 356 481 ab
383 419 641 477 interitu
671 417 982 478 Ciceronis
1027 419 1093 476 in
1139 415 1298 478 hunc
1342 424 1502 480 diem
1549 425 1932 501 colliguntur,

89 504 267 580 unius
305 499 568 566 hominis
607 516 778 562 aetas,

865 525 1004 560 nam
1045 504 1167 579 ipse
1210 526 1314 578 ego
1355 510 1419 564 in
1452 507 1761 568 Britannia
1802 513 1930 571 vidi

90 609 320 659 senem,
362 589 468 666 qui
494 609 552 645 se
573 590 865 646 fatebatur
891 590 945 645 ei
972 609 1197 664 pugnae
1225 591 1587 664 interfuisse,
1643 618 1756 672 qua
1780 595 1929 655 Cae·-

90 693 302 742 sarem,
356 674 708 732 inferentem
737 694 898 739 arma
926 672 1296 744 Britanniae,
1347 698 1541 736 arcere
1569 681 1843 739 litoribus
1872 696 1928 742 et

87 759 306 834 pellere
345 759 601 832 adgressi
639 770 792 818 sunt.

879 760 960 821 ita
988 759 1036 816 si
1070 780 1233 828 eum,
1280 763 1382 836 qui
1409 778 1666 824 armatus
1691 764 1756 827 C.
1780 766 1929 826 Cae-

90 843 208 900 sari
245 843 485 914 restitit,
548 844 643 902 vel
684 843 986 919 captivitas
1023 845 1118 900 vel
1157 845 1429 903 voluntas
1462 850 1560 914 veI
1590 851 1777 908 fatum
1815 853 1929 911 ali-

89 929 250 1005 quod
270 929 346 994 'in
369 930 576 992 urbem
599 930 1000 1003 pertraxisset,

1055 930 1212 986 idem
1241 942 1297 987 et
1320 930 1626 998 Caesarem
1653 936 1844 1010 ipsum
1873 952 1930 1004 et

85 1011 433 1074 Ciceronem
476 1015 681 1073 andire
723 1015 917 1092 potuit
965 1026 1021 1072 et
1067 1015 1284 1071 nostris
1323 1038 1558 1095 quoque
1598 1022 1928 1084 actionibus

87 1251 198 1312 perii
232 1269 376 1298 annus
411 1272 434 1298 a
463 1256 677 1300 Kalendis
715 1256 835 1299 luliis
868 1256 973 1299 anni

87 1325 289 1369 LXXlV.
332 1342 375 1384 p.
411 1324 515 1369 Chr.
560 1327 614 1369 ad
657 1326 763 1369 anni
797 1327 976 1372 LXXV.

119 1382 281 1437 ertinet
334 1383 559 1441 Kalendas
618 1384 770 1435 itidem
825 1384 973 1430 Iulias.

85 1400 286 1484 §umero
310 1441 508 1484 rotundo
541 1441 680 1483 utitur
700 1441 887 1491 Noster,
927 1451 975 1485 ut

86 1498 182 1542 fieri
207 1497 321 1541 solet
344 1498 388 1540 in
414 1497 582 1540 maiore
615 1515 830 1548 numero,
870 1517 973 1558 pro·

85 1568 184 1627 prie
206 1569 322 1610 enim
347 1569 534 1615 CXVlll
568 1570 675 1612 anni
699 1569 972 1613 efficiuntur.

88 1625 308 1679 Colligere
332 1627 379 1670 in
409 1627 747 1682 computatione
769 1628 972 1669 solemne

86 1684 296 1734 verbum,
343 1692 394 1740 ut
425 1685 480 1728 de
506 1683 665 1728 Germ.
704 1700 743 1726 c.
773 1683 845 1727 37.
879 1689 970 1726 du-

85 1742 209 1787 centi
235 1740 400 1796 ferme
428 1751 476 1785 et
503 1745 661 1784 decem
698 1744 816 1784 anm·
842 1745 972 1784 colli·

86 1806 285 1855 guntur,
306 1799 308 1802 ’
327 1807 370 1842 et
402 1799 517 1856 Plin.
550 1798 606 1842 N.
633 1798 686 1841 ll.
716 1799 780 1849 13,
809 1798 873 1847 13,
897 1801 970 1843 27.

87 1861 151 1899 ad
173 1870 293 1915 quos
315 1874 347 1899 α
370 1871 514 1910 regno
536 1858 718 1915 Numae
748 1858 972 1911 colligun-

86 1936 165 1972 tur
186 1929 306 1970 anni
326 1927 538 1984 DXXV.
597 1925 745 1970 Unius
776 1926 973 1969 hominis

84 1994 273 2030 aetatem
307 1993 374 2030 tot
403 1985 532 2029 annis
563 1983 787 2027 contineri
815 1986 974 2026 eodem

82 2043 180 2087 iure
218 2041 326 2086 dicit
365 2037 584 2098 scriptor,
637 2056 727 2098 quo
761 2040 973 2098 Agricola

84 2100 404 2159 quinquaginta
435 2115 510 2141 sex
542 2113 685 2142 annos
717 2107 845 2141 natus
871 2114 970 2140 me-

83 2159 162 2202 dio
186 2160 236 2200 in
260 2160 411 2212 spatio
437 2157 716 2210 integrae
741 2158 972 2198 aetatis

83 2225 269 2272 ereptus
298 2215 462 2259 dieitur
493 2229 586 2271 cap.
611 2214 682 2255 44.

98 2318 114 2327 ‘
130 2319 396 2377 fatebatur.
459 2313 534 2358 Sic
569 2314 703 2357 MSS.
733 2313 873 2371 Neap.
909 2316 973 2365 [et

86 2378 220 2421 Fan-n.
236 2374 338 2418 edd.
351 2370 540 2414 Bekker.
556 2380 598 2414 et
615 2370 903 2426 Boett-ieher.]
919 2394 972 2403 -—

84 2435 131 2479 in
154 2431 340 2490 reliquis
365 2428 576 2472 omnibus
589 2429 833 2482 fateretur
859 2429 974 2471 seri-

83 2503 209 2552 ptum
236 2496 315 2533 est.

145 2595 188 2637 ei
203 2604 405 2646 pugnae.
465 2586 591 2630 Hanc
611 2585 970 2629 emendationem

83 2649 278 2700 Mureti,
319 2644 490 2690 pithoei
524 2652 567 2686 et
589 2643 782 2688 Acidalii
818 2657 973 2685 omnes

84 2726 167 2769 pro
191 2707 348 2751 vitiosa
373 2703 472 2746 MS.
497 2701 636 2758 Neap.
663 2709 704 2742 et
727 2700 825 2743 edd.
851 2701 971 2742 anti-

85 2781 272 2826 quarum
298 2761 494 2806 lectione
515 2766 559 2800 et
579 2773 762 2812 pugnae
785 2772 969 2823 recepe-

84 2833 217 2876 runt,
257 2835 368 2879 quae
396 2817 692 2861 commutatio
727 2830 818 2856 non
855 2830 969 2857 luso-

85 2881 160 2926 lita
194 2880 298 2922 fuit..
350 2873 413 2920 Cf
457 2873 686 2932 Spalding.
720 2870 774 2914 ad
811 2871 971 2926 Quint.

87 2940 196 2982 lust.
219 2952 288 2980 or.
308 2935 348 2983 5,
374 2933 440 2983 10,
462 2926 532 2974 96.
734 2974 740 2979 ,

142 3034 444 3082 Britanniae.
526 3029 603 3073 Sic
652 3027 753 3072 libri
800 3044 970 3077 omnes,

86 3095 160 3140 sed
173 3087 268 3136 eam
287 3089 523 3137 lectionem
539 3085 738 3131 vitiosam
758 3094 971 3144 putarunt

87 3158 271 3212 propter
310 3147 558 3190 subiectum
595 3143 714 3186 verbi
755 3142 972 3196 adgressi

84 3200 194 3254 sunt
219 3206 449 3249 omissum.
478 3245 480 3247 ,
508 3200 662 3257 Quare
689 3217 736 3242 ex
764 3200 866 3242 edit.
893 3199 966 3242 Bi-

68 3305 70 3309 ,
118 3272 210 3309 ont.
246 3261 500 3307 coniectura
534 3258 785 3311 Britannis
816 3255 968 3300 Ober-

105 3324 165 3368 in.
201 3318 387 3363 Bekker.
420 3325 462 3360 et
493 3315 768 3358 Li'memann.
809 3313 965 3357 edide-

87 3370 227 3430 runt,
266 3386 314 3420 ut
356 3390 405 3418 ex
445 3371 597 3416 dativo
637 3371 966 3414 nominativum

87 3434 345 3493 supplerent
388 3430 443 3473 ad
484 3430 616 3484 adgr.
659 3435 784 3481 sunt.
857 3427 964 3470 Bri-

86 3493 220 3538 tanni
238 3522 250 3535 .
269 3523 280 3533 .
304 3493 437 3542 adgr.
463 3493 570 3529 sunt
597 3483 661 3527 vel
691 3484 968 3527 Britanniae

88 3584 99 3596 .
114 3582 127 3594 .
143 3580 155 3593 .
177 3551 429 3601 adgressae
448 3549 561 3586 sunt
584 3541 811 3586 Ernestius
834 3542 965 3585 male-

1020 1372 1190 1417 -steinii
1237 1373 1502 1415 sententiam
1552 1376 1768 1431 probare,

1048 1258 1229 1314 quidem
1280 1257 1410 1301 facile
1457 1258 1715 1315 cogitantur
1755 1262 1933 1308 incolae

1046 1315 1329 1368 Britanniam
1378 1315 1468 1358 noli
1511 1324 1660 1359 tamen
1694 1318 1930 1366 Rauehen-

1830 1379 1934 1436 quit

1045 1429 1133 1474 hoc
1177 1431 1323 1472 minus
1371 1430 1714 1484 offendendum,
1772 1434 1934 1494 inquit,

1046 1504 1184 1545 quum
1211 1487 1450 1530 Britannus
1476 1489 1569 1544 ipse
1597 1489 1675 1540 sit,
1716 1492 1792 1549 qui
1823 1510 1929 1537 nar-

1045 1554 1136 1596 ret,
1166 1546 1270 1602 quid
1294 1544 1362 1587 sui
1385 1546 1583 1590 fecerint.
1646 1547 1791 1592 Immo
1816 1550 1932 1594 Gal-

1042 1602 1112 1645 lus
1146 1611 1210 1649 est
1229 1603 1367 1660 Aper.
1419 1602 1480 1645 cf.
1507 1620 1546 1646 c.
1572 1606 1637 1646 10.
1661 1621 1718 1650 ne
1741 1609 1853 1663 quid
1874 1612 1933 1652 de

1047 1659 1200 1702 Gallis
1221 1660 1395 1702 nostris
1414 1662 1595 1716 loquar.

1102 1762 1332 1802 voluntas.
1403 1758 1656 1804 Heumann.
1690 1763 1812 1807 coni.
1847 1780 1932 1808 vo-

1045 1819 1221 1871 luptas,
1266 1825 1315 1872 ut
1349 1815 1396 1858 in
1431 1815 1681 1873 Virgiliano
1717 1820 1796 1863 illo
1832 1822 1930 1868 Eel.

1045 1876 1085 1925 2,
1098 1873 1165 1916 65.
1188 1875 1333 1916 trahit
1353 1888 1441 1916 sua
1462 1889 1684 1931 quemque
1707 1880 1933 1936 voluptas,

1045 1932 1119 1974 sed
1146 1931 1203 1974 ibi
1228 1931 1542 1988 intelligendus
1577 1942 1641 1975 est
1673 1950 1829 1993 amor,
1870 1938 1931 1981 li..

1045 1989 1169 2031 bido.

1100 2088 1222 2130 idem
1260 2095 1304 2129 et
1338 2089 1606 2131 Caesarem.
1670 2091 1768 2135 MS.
1793 2092 1931 2153 Neap.

1046 2154 1089 2189 et
1108 2148 1295 2201 quidem
1316 2153 1358 2186 et
1375 2146 1505 2188 Caes.
1536 2171 1589 2180 --
1637 2148 1760 2199 [MS.
1776 2151 1928 2208 Farn.]

1044 2203 1144 2245 edd.
1180 2203 1299 2260 Spir.
1338 2203 1436 2249 Put.
1474 2202 1570 2247 Riv.
1610 2205 1712 2250 Ber.
1747 2207 1851 2252 Ale.
1888 2219 1933 2252 et

1045 2262 1231 2316 quidem
1262 2259 1415 2310 Caes.,·
1455 2260 1697 2305 Rhenanus
1728 2268 1932 2318 correxit,

1046 2318 1167 2375 quod
1225 2317 1433 2374 deinceps
1488 2318 1752 2375 vulgabatur
1805 2323 1931 2366 idem

1047 2377 1320 2423 Caesarem,
1353 2390 1484 2430 quain
1513 2375 1778 2428 lectionem,
1815 2388 1859 2421 et
1883 2399 1929 2424 ex

1045 2431 1310 2487 Neap.libro
1338 2431 1616 2488 interposito,
1642 2449 1724 2491 ego
1748 2432 1930 2495 quoque

1046 2487 1246 2545 probavi.
1279 2487 1508 2530 Dronkius
1524 2489 1712 2532 malebat
1727 2501 1771 2534 ct
1793 2495 1932 2545 idem,

1047 2545 1253 2601 [Rupert.
1278 2546 1319 2585 is
1341 2546 1566 2599 quidem}
1588 2569 1638 2578 -—
1666 2547 1756 2591 Pro
1776 2549 1930 2602 potuit

1044 2601 1235 2645 Seebod.
1261 2602 1333 2645 ed.
1355 2618 1421 2659 pr.
1439 2604 1647 2656 potuerit
1671 2605 1839 2661 voluit;
1867 2618 1928 2653 te·

1045 2674 1182 2702 mere.

1098 2745 1364 2787 actionibus.
1421 2745 1557 2786 Actio
1587 2763 1668 2804 pro
1699 2748 1929 2807 ipsa-'ora-

1042 2803 1164 2845 tione
1189 2801 1377 2849 dieitur,
1409 2801 1539 2846 etiam
1563 2805 1751 2862 scripta,
1781 2823 1932 2864 quan..

1042 2875 1175 2916 quam
1207 2858 1456 2901 orationem
1492 2859 1545 2902 ab
1569 2862 1744 2906 actione
1769 2865 1927 2910 distin-

1043 2915 1136 2974 guit
1170 2915 1291 2958 Ptin.
1327 2914 1465 2972 Epist.
1503 2919 1541 2964 l,
1574 2919 1643 2961 20.
1708 2920 1818 2965 Vide
1854 2923 1926 2968 in-

1042 2983 1177 3029 terpr.
1192 2973 1316 3016 Suet.
1332 2972 1439 3015 Ner.
1465 2975 1584 3022 015.
1630 2975 1857 3037 Spalding.
1875 2985 1929 3027 ad

1044 3029 1202 3086 Quint.
1240 3030 1346 3071 lnst.
1382 3045 1452 3073 or.
1491 3033 1711 3083 10,1,21.
1753 3044 1795 3078 et
1834 3049 1927 3083 not.

1042 3088 1139 3130 erit.
1163 3086 1215 3129 ad
1237 3087 1279 3133 4,
1309 3088 1343 3134 1,
1367 3084 1438 3130 32.
1500 3088 1637 3133 Recte
1662 3090 1795 3150 igitur
1831 3086 1927 3138 ear-n

1041 3143 1283 3201 lectionem
1301 3176 1312 3193 ,
1351 3159 1462 3200 quae
1487 3146 1533 3188 in
1556 3146 1694 3204 Neap.
1722 3150 1825 3193 cod.
1850 3169 1925 3203 eff-

1040 3210 1146 3251 stat‚
1177 3200 1348 3256 Lipsius
1371 3200 1556 3246 adscivit
1579 3220 1661 3262 pro
1691 3205 1788 3250 edd.
1816 3201 1925 3259 vett.

1039 3259 1315 3305 auctoribus.
1407 3257 1482 3302 Ob
1529 3259 1707 3307 illarum
1753 3262 1797 3304 in
1845 3264 1929 3324 hae

1040 3331 1151 3357 voce
1185 3330 1453 3371 consensum
1480 3315 1656 3361 Dronk.
1687 3326 1729 3361 et
1753 3318 1928 3378 Osann.

1037 3370 1275 3429 aecor-ibus
1310 3371 1589 3425 maluerunt,
1633 3375 1756 3431 quod
1793 3393 1926 3422 usur-

1039 3436 1167 3484 patur
1195 3427 1248 3471 de
1272 3426 1451 3487 oratore
1472 3429 1587 3478 infra
1615 3446 1655 3475 c.
1676 3432 1770 3484 26..
1809 3426 1925 3494 apud

1039 3484 1257 3544 Cicerone
1349 3486 1488 3530 etiam.
1522 3487 1648 3533 Brut.
1690 3505 1728 3533 e.
1764 3490 1834 3535 89.
1881 3501 1926 3536 et

1037 3539 1189 3591 Horat.
1203 3540 1258 3586 A.
1312 3573 1323 3586 .
1341 3543 1495 3588 v.369.
1526 3543 1613 3587 Sed
1632 3546 1803 3591 codicia
1820 3551 1924 3592 seri·

70 3611 179 3660 *bat-
244 3603 314 3657 Tu
343 3594 576 3659 adquie'we
605 3597 650 3645 1„
686 3595 889 3658 vulg'asto,
929 3598 964 3641 si
1033 3605 1211 3657 pturam
1238 3598 1575 3678 praeferendam
1604 3601 1736 3649 duco.

1280 3658 1419 3716 '12
