2150 4022
237 246 364 311 25⁶

738 245 862 308 DE
921 243 1597 311 ORATORIBUS

235 391 338 442 au‘t
373 382 446 438 ad
484 391 577 450 te,
629 376 904 437 Materne
925 423 942 450 ,
972 398 1153 448 non,
1205 379 1552 456 quia-poeta
1578 399 1639 437 es
1656 374 1858 458 neque
1878 391 2084 459 utpm

236 490 304 529 eo
332 485 532 522 versus
563 465 768 522 facias:
823 460 889 520 hi
925 465 1084 521 enim
1123 460 1306 520 Basso
1343 465 1507 521 domi
1538 466 2087 545 naseuntumjpul-

237 551 365 611 chri.
403 551 642 627 quidem
682 561 738 606 et
775 549 1048 606 iucundi:
1102 569 1358 626 quorum
1395 561 1593 607 tamen
1627 547 1724 607 hie
1760 552 1946 608 exitus
1981 546 2086 622 est,

234 651 328 708 ut,
390 655 523 692 cum
563 647 684 693 toto
725 655 912 713 anno,
968 654 1076 710 per
1111 653 1318 690 omnes
1355 635 1510 705 dies,
1566 654 1775 709 magna
1819 637 2087 695 noctium

227 733 398 800 parte
421 719 618 779 *unum
644 722 866 779 librum
891 719 1126 778 excudit
1146 730 1204 776 et
1230 718 1630 792 elucubravit,
1680 741 1888 798 rogare
1923 722 2085 781 ultm

231 944 324 1003 pic.
348 944 505 988 Sever.
527 941 633 986 dial.
658 957 697 987 c.
717 942 760 992 8,
780 941 824 987 7.
859 950 962 985 tum
984 943 1128 986 Mar·-

233 1003 362 1045 tinus
395 1013 638 1044 recurrens
671 1004 736 1042 ad
761 1009 878 1043 nota
898 1002 1128 1053 subsidi03

229 1061 433 1104 Laetam.
469 1059 574 1116 epit.
606 1075 645 1102 e.
670 1058 714 1101 5.
750 1060 1024 1100 testimonia
1051 1089 1122 1103 ...

225 1119 556 1172 praetermisi,
616 1131 735 1170 quae
784 1117 827 1158 si
865 1118 1119 1172 desideras,

230 1178 296 1217 ad
333 1175 457 1229 ipsos
497 1176 577 1215 tibi
610 1177 752 1215 libros
786 1178 1122 1217 recurrendum

230 1239 330 1286 est,
403 1248 517 1290 quos
570 1232 684 1274 duos
742 1230 869 1275 locos
921 1232 1124 1275 excitavit

229 1289 502 1347 Wopkens,
533 1315 543 1328 ι
564 1289 651 1331 Sed
683 1288 906 1332 dubitavit
936 1289 990 1331 de
1023 1289 1123 1332 lati-

227 1347 366 1391 nitate
409 1346 620 1389 dietionis
661 1347 694 1390 1.
734 1347 806 1388 Fr.
845 1345 1125 1396 Gronovius,

228 1414 272 1448 et
303 1409 520 1446 decurret
552 1403 808 1457 substituit,
854 1403 1147 1447 Heumanno.

226 1463 554 1522 patrocinante.
617 1462 873 1517 Usurpatur
899 1464 1046 1504 autern
1073 1479 1126 1505 eo

228 1519 478 1576 significatu
524 1524 771 1561 decurrere
810 1521 926 1575 apud
970 1519 1126 1564 lustin.

233 1580 299 1628 16,
336 1579 378 1621 3.
413 1579 454 1618 4.
521 1576 650 1620 Curt.
685 1577 727 1627 6,
758 1578 799 1626 7,
822 1578 893 1620 27.
927 1577 968 1629 7,
990 1580 1030 1626 1,
1052 1578 1125 1620 78.

228 1637 346 1680 Plin.
384 1635 524 1692 Epist.
559 1637 626 1686 10,
654 1634 722 1679 97.
795 1635 855 1677 At
887 1650 993 1677 vero
1028 1650 1124 1678 non

229 1711 342 1753 opus
374 1701 437 1735 est
470 1693 811 1743 emendatione,
861 1695 1124 1750 praesertim

227 1769 366 1810 quum
393 1751 524 1793 verba
549 1766 651 1792 cum
677 1766 727 1791 re
753 1749 998 1807 composita
1021 1749 1125 1793 sim-

225 1809 413 1869 plicium
450 1808 496 1854 vi
526 1823 578 1850 ea
600 1815 741 1851 aetate
766 1807 1027 1865 frequenter
1053 1807 1123 1852 di-

228 1878 298 1913 cta
322 1876 427 1911 sint.

285 1989 370 2025 aut
393 1983 458 2024 ad
481 1988 547 2030 te,
579 1978 816 2032 Materne,
854 1996 973 2033 non,
1014 1982 1126 2037 quia

223 2050 367 2099 poeta
389 2054 457 2083 esc
495 2038 571 2081 Sic
590 2039 718 2082 MSS.
733 2039 870 2080 Farn.
886 2038 1025 2097 Neap.
1049 2039 1122 2082 ed.

227 2099 347 2159 Spir.
363 2097 481 2156 Lips.
497 2105 539 2138 et
560 2095 660 2138 edd.
677 2113 800 2153 seqq.
817 2112 973 2139 omnes
998 2111 1124 2153 prae-

224 2166 294 2202 ter
319 2155 423 2199 edd.
447 2152 606 2196 Oberl.
638 2162 676 2194 et
702 2153 896 2196 Seebod.
926 2153 1123 2204 alteram,

226 2216 275 2259 in
309 2214 471 2271 quibus
503 2210 755 2254 restitutum
789 2218 879 2258 est,
920 2211 1041 2268 quod
1074 2210 1122 2253 in

227 2273 329 2316 edd.
355 2271 458 2313 Pu-t.
482 2269 582 2312 Riv.
607 2267 706 2311 Ber.
728 2267 830 2312 Alc.
856 2267 1002 2311 Rben.
1019 2267 1123 2312 Ald.

228 2331 409 2375 Pithoe.
451 2334 611 2377 exstat,
664 2339 767 2366 non
801 2330 867 2368 ad
899 2333 968 2381 te,
1014 2326 1122 2368 Ma-

226 2396 383 2442 terne,
428 2385 540 2442 quia
569 2391 712 2436 poeta
744 2397 805 2426 es.
866 2383 1126 2442 praeplacet

225 2445 361 2491 codd.
391 2443 551 2496 lectio,
598 2441 700 2497 quia
729 2441 987 2484 Maternum
1022 2441 1126 2484 elo-

226 2501 434 2562 quentiae
459 2514 643 2558 operam
673 2498 844 2541 dedisse
868 2497 1126 2556 aliquando,

227 2561 305 2605 sed
339 2558 546 2602 maluisse
575 2572 727 2599 versus
758 2555 906 2600 facere
934 2557 1127 2613 ideoque

227 2616 531 2675 eloquentiam
557 2614 779 2662 omittere,
798 2614 1001 2671 pluribus
1018 2630 1126 2658 eon-

226 2683 438 2720 testatum
472 2682 552 2716 est.
615 2670 900 2730 Confugiunt
928 2686 1036 2729 ergo
1061 2670 1125 2714 iili

228 2733 286 2776 ad
315 2742 355 2775 te
371 2765 382 2782 ,
423 2731 659 2783 Materne,
704 2737 860 2788 utpote
880 2736 1125 2779 oratorem,

228 2806 324 2834 non
344 2789 448 2848 quia
474 2796 607 2847 poeta
632 2804 693 2830 es.

283 2904 334 2946 hi
351 2904 476 2944 enim
498 2902 659 2945 Basso
687 2902 818 2943 domi
845 2907 1120 2944 nascuntur.

225 2961 328 3004 MS.
362 2960 501 3017 Neap.
535 2961 677 3001 etiam
714 2975 798 3016 pro
844 2959 967 3002 enim
1006 2958 1121 3001 exhi·

224 3021 358 3070 bere,
387 3018 442 3061 ad
470 3032 541 3059 me
562 3016 903 3073 transscriptum
929 3023 1018 3070 est,
1047 3032 1120 3059 er·

224 3093 330 3120 rore
361 3082 544 3133 aperto,
586 3074 621 3115 si
655 3073 835 3130 quidem
871 3073 941 3116 ed.
963 3072 1119 3116 Ober-

226 3134 311 3179 lin.
327 3164 339 3182 ‚
371 3147 565 3191 quacum
588 3131 661 3172 ille
688 3131 801 3174 liber
825 3129 1017 3174 collatus
1041 3138 1120 3182 est,

229 3193 371 3235 etiam
396 3189 576 3249 praebet
601 3188 655 3231 ad
678 3187 892 3231 orationis
914 3188 1009 3233 vim
1031 3204 1116 3231 au-

228 3249 444 3308 gendanu
502 3245 643 3290 codex
700 3245 837 3303 igitur
892 3245 1120 3289 consentit

228 3323 331 3351 eum
378 3304 481 3348 edd.
529 3303 738 3347 omnibus
761 3334 773 3352 ,
833 3318 946 3362 quae
993 3304 1119 3345 enim

228 3370 427 3408 servant.
524 3360 720 3404 Seebod.
771 3360 843 3405 ed.
893 3361 968 3405 alt.
1013 3376 1121 3405 cor·

227 3421 400 3480 rigebat
435 3420 488 3462 ln·
519 3420 639 3461 enim
681 3419 850 3469 eciam,
899 3417 1124 3463 infelicis-

226 3479 351 3522 sime.
384 3499 442 3509 --
482 3476 613 3518 domi
639 3483 902 3517 nascuntur
935 3491 1123 3534 prover-

225 3536 352 3579 bialis
386 3534 589 3591 loquutio
619 3541 682 3575 est
715 3532 768 3575 de
797 3532 877 3586 iis,
921 3534 975 3576 ad
1004 3549 1121 3591 quae

227 3592 418 3637 alioruin
451 3591 603 3636 labore
637 3605 728 3632 non
757 3605 870 3647 opus
894 3589 1122 3637 habemus.

1198 943 1289 986 Iam
1326 941 1538 986 Ciceroni
1581 941 1738 987 usitata
1770 951 1838 988 est
1867 943 1994 1004 epist.
2030 945 2087 989 ad

1197 1000 1290 1045 div.
1305 1002 1348 1056 9,
1367 1000 1407 1051 3,
1427 1000 1471 1044 6.
1493 1002 1575 1043 sed
1597 1001 1705 1056 quid
1728 1016 1810 1058 ego
1831 1015 1953 1046 nunc
1973 1004 2089 1046 haec

1195 1061 1261 1100 ad
1285 1066 1350 1110 te,
1380 1059 1508 1100 cuius
1537 1060 1704 1100 domi
1730 1069 2091 1112 nascuntur,-

1197 1117 1324 1174 cpist.
1347 1116 1402 1159 ad
1427 1114 1562 1158 Attio.
1582 1115 1705 1164 1,19.
1731 1120 1840 1173 quid
1861 1120 1983 1161 enim
2003 1133 2087 1173 ego

1194 1175 1398 1216 aliorum
1433 1174 1480 1215 in
1513 1185 1589 1214 me
1625 1171 1963 1234 ἔπιφωνήματα
1995 1190 2086 1218 ex·

1193 1240 1417 1286 spectem,
1467 1245 1574 1272 cum
1603 1231 1717 1275 haec
1749 1232 1819 1274 iio
1833 1235 1914 1275 mi
1935 1247 2090 1278 nas-

1196 1303 1304 1330 can
1318 1296 1336 1329 t
1351 1304 1446 1338 ur;
1485 1287 1606 1331 Plin.
1628 1287 1768 1347 Epist.
1791 1290 1834 1341 6,
1852 1291 1893 1341 6,
1913 1291 1959 1336 6.
1975 1291 2086 1348 -pri-

1198 1360 1306 1388 mus
1344 1348 1488 1387 etiam
1531 1353 1577 1387 et
1613 1348 1940 1391 cummaxime
1974 1365 2089 1392 na-

1196 1418 1220 1446 s
1232 1419 1254 1445 c
1268 1419 1292 1445 e
1305 1420 1335 1446 η
1350 1411 1367 1444 t
1380 1404 1433 1444 ib
1446 1419 1475 1444 u
1489 1416 1512 1444 s
1545 1406 1660 1446 meis
1678 1407 1913 1458 opusculis
1934 1409 2088 1455 incer.

1200 1469 1264 1503 est
1278 1478 1294 1513 ,·
1335 1462 1374 1511 8,
1395 1462 1436 1512 4,
1461 1461 1506 1504 6.
1539 1464 1603 1516 sic
1635 1470 1685 1504 ut
1717 1470 1855 1504 erunt
1880 1457 2090 1507 recentia

1198 1526 1242 1560 et
1260 1521 1396 1560 rudia
1410 1525 1454 1560 et
1469 1519 1622 1560 adhuc
1641 1521 1816 1562 similia
1839 1534 2012 1564 nasce
2023 1535 2087 1564 n·-

1197 1577 1373 1618 tibus.
1451 1573 1547 1618 cfr.
1592 1575 1788 1635 Interpr.
1835 1577 1891 1620 ad
1935 1577 2084 1624 Plaut.

1197 1633 1294 1676 mil.
1329 1633 1440 1690 glor.
1466 1632 1521 1680 ΙΙ,
1545 1633 1588 1681 2,
1611 1623 1684 1676 36.
1743 1633 1996 1680 Burmann.
2030 1637 2088 1681 ad

1194 1690 1382 1733 Petron-
1407 1706 1447 1732 ο.
1469 1689 1540 1737 38.
1569 1706 1614 1748 p.
1641 1691 1736 1734 161.
1793 1691 2009 1750 Heusing.
2029 1695 2088 1738 ad

1198 1747 1292 1791 Cic.
1330 1748 1383 1790 de
1420 1746 1544 1791 offic.
1585 1764 1631 1806 p.
1661 1747 1762 1792 263.
1794 1773 1855 1784 —-
1902 1753 2095 1805 pulchri

1195 1808 1381 1860 quidem
1413 1812 1458 1847 et
1479 1805 1678 1850 iucundi.
1718 1804 1780 1851 cf.
1804 1806 1924 1852 Ptin.
1947 1803 2088 1867 Epist.-

1193 1865 1238 1912 7,
1269 1864 1341 1915 ΞΟ,
1370 1862 1415 1908 2.
1447 1879 1476 1906 ο
1510 1864 1762 1917 iucundas,
1811 1880 1840 1909 ο
1864 1865 2089 1922 pulchras

1194 1924 1330 1964 vices.

1255 2036 1457 2079 excudit.
1544 2034 1623 2080 Sic
1667 2036 1802 2082 MSS.
1844 2037 1982 2084 Farn-
2031 2042 2086 2093 (1.
2126 2073 2128 2075 »

1193 2092 1336 2151 Lips.)
1366 2102 1408 2136 et
1431 2092 1569 2151 Neap.
1584 2125 1598 2145 ,
1635 2094 1740 2139 edd.
1760 2093 1936 2147 Pithoe.
1958 2095 2087 2141 Heu-

1193 2167 1344 2194 mann.
1368 2149 1511 2194 Orell.
1544 2149 1703 2206 [Bekk.
1733 2151 1955 2199 Boettieh.
1983 2154 2089 2199 Ru·-

1193 2213 1350 2268 pert.].
1437 2206 1617 2252 Dicitur
1669 2208 1792 2254 enim
1842 2216 2089 2267 excudere,

1196 2264 1460 2323 metaphora
1484 2265 1539 2308 ab
1566 2265 1778 2323 operibus
1803 2268 1910 2312 artis
1934 2270 2084 2328 ducta,

1194 2337 1307 2381 pro:
1338 2337 1637 2378 componere,
1659 2339 1764 2366 cum
1785 2327 2089 2374 meditatione

1197 2388 1243 2424 et
1291 2386 1510 2423 accurate
1551 2381 1774 2437 effingere
1819 2383 1901 2437 (ef.
1941 2384 2088 2435 Orell.

1197 2438 1458 2506 Proleggm.
1510 2453 1554 2495 p.
1596 2437 1754 2484 XLIV.
1795 2457 1815 2484 s
1849 2442 1907 2498 .),
1964 2442 2086 2489 velut

1196 2494 1316 2609 {¹33¹}
1324 2496 1532 2611 ffissh'i
1567 2495 1952 2625 ·.21‘}.A.‘,‘j,.¹.;.31⁷1;
1972 2501 2086 2616 (ἐέῧῖ

1196 2614 1430 2653 excudam
1508 2611 1686 2666 alitquid
1755 2615 2083 2675 Ηρακλείδιον,

1197 2671 1324 2723 quod
1374 2671 1523 2710 lateat
1576 2668 1626 2710 in
1680 2671 1913 2716 thesauris
1968 2675 2086 2726 tuis;

1195 2725 1317 2769 Ptin.
1340 2724 1483 2783 Epist.
1508 2727 1546 2776 1,
1570 2723 1613 2773 3,
1637 2726 1680 2769 4.
1709 2728 1878 2784 esfinge
1907 2731 2087 2788 aliquid

1195 2791 1241 2826 et
1290 2785 1467 2826 excude
1490 2815 1502 2836 ,
1575 2787 1700 2838 quod
1749 2787 1812 2828 sit
1860 2797 2084 2843 perpetuo

1195 2849 1354 2891 tuum3
1395 2839 1583 2882 salvian.
1621 2842 1760 2898 praef.
1790 2843 1846 2888 ad
1880 2848 1993 2904 opus
2026 2846 2083 2890 de

1194 2899 1426 2956 gubernat.
1451 2898 1544 2939 dei:
1587 2906 1637 2939 ut
1657 2900 1845 2956 aliquod
1862 2904 2084 2947 limatum

1193 2969 1310 3010 opus
1347 2956 1500 2999 studio
1540 2958 1836 3008 ingeniorum
1877 2964 2083 3004 excude—

1192 3019 1316 3055 rent.
1375 3012 1529 3055 Minus
1561 3021 1662 3070 apta
1680 3014 1816 3074 Lipsii
1845 3025 1911 3061 est
1934 3034 2085 3063 emen·

1193 3069 1312 3114 datio
1347 3071 1556 3125 extudit,
1613 3072 1736 3129 quod
1802 3073 1951 3118 uidem
1982 3090 2082 3120 non

1191 3142 1294 3171 raro
1327 3126 1569 3170 confusum
1597 3138 1663 3173 est
1691 3145 1717 3173 a
1747 3129 1780 3173 li
1813 3130 1942 3176 rariis
1975 3147 2083 3177 eum

1192 3185 1408 3240 excudit,
1478 3194 1548 3228 ut·
1579 3186 1789 3232 Heinsius
1838 3189 1894 3233 ad
1943 3188 2083 3239 ovid.

1190 3243 1352 3285 Amor.
1369 3240 1541 3294 3‚5,34.
1565 3244 1910 3299 demonstravit,
1938 3248 2080 3303 quod·

1224 3315 1279 3343 ue
1324 3299 1618 3351 transfertur,
1665 3300 1715 3345 ut
1753 3302 1980 3363 Spalding.
2021 3304 2082 3351 ad

1192 3315 1356 3413 ί(ιέιιίιιῐ.
1396 3358 1503 3401 lnst.
1539 3375 1605 3405 or.
1631 3360 1669 3412 1,
1691 3359 1732 3410 3,
1755 3358 1799 3407 6.
1823 3360 2002 3420 ζίηςιιίῐ,
2053 3377 2082 3406 a

1194 3415 1445 3473 sculptae,
1506 3416 1585 3473 qui
1628 3416 1878 3461 innumeris
1916 3418 2083 3479 scalpri

1192 3472 1406 3516 ictibus.e
1437 3475 1538 3517 rudi
1573 3489 1801 3519 mar-more
1824 3475 1972 3519 Deum
2003 3476 2082 3521 ali-

1193 3545 1328 3632 &uem
1362 3531 1578 3577 extundit.
1616 3531 1741 3578 velut
1771 3534 1888 3591 apud
1915 3532 2079 3592 virgil.

1240 3604 1362 3645 eorgc
1392 3591 1430 3639 l,
1455 3589 1552 3634 133·
1583 3589 1626 3640 42
1647 3588 1747 3635 315·
1801 3588 1916 3637 Gen·
1943 3590 2012 3644 1⁷,
2030 3591 2078 3641 2·
