2150 4022
591 263 1127 329 DIALOGUS.
1211 264 1407 328 CAP.
1447 269 1540 328 18.

1860 269 1985 325 293

136 415 315 474 quarn
346 394 472 454 Ser.
507 393 771 464 Galbae,
822 392 890 453 C.
928 390 1217 461 Carboni,
1278 414 1541 471 quosque
1580 395 1727 452 alios
1768 394 1979 452 merito

136 481 408 556 antiquos
434 480 856 539 vocaverimus,

944 491 1081 536 sunt
1110 477 1269 533 enim
1301 475 1532 536 horridi
1558 492 1616 538 et
1641 479 1898 555 impoliti
1925 492 1997 538 εἴ

134 567 312 624 rudes
346 576 403 623 et
438 566 750 634 informeS,
806 575 862 620 et
890 584 1038 641 quos
1067 563 1294 621 utinam
1324 564 1586 622 imitatus
1612 565 1777 622 nulla
1815 577 1981 640 parte

188 778 294 824 Ser.
321 778 526 834 Galbae,
557 779 609 823 C.
635 779 850 822 Carboni.
914 779 1019 823 MS.

133 835 271 894 Neap.
305 838 356 881 S.
390 838 558 880 Gallae
591 846 675 879 auc
711 838 759 880 C.
795 837 1020 887 Carboni,-

133 894 202 937 ed.
233 893 355 951 Spir.
402 896 490 938 Cai
525 895 766 938 Carbonis.
818 902 903 936 aut
943 896 1015 937 in-

133 952 396 1018 terpositum
438 968 530 995 non
569 967 756 1009 prorsus
790 950 1017 1008 improba·

131 1023 293 1061 verim,
349 1025 451 1053 cum
486 1009 661 1066 saepius
694 1008 934 1066 scriptores
967 1023 1016 1050 ea

131 1066 348 1124 particula
387 1067 452 1109 usi
479 1066 567 1110 sint.
592 1068 644 1110 ad
678 1066 1015 1122 coniungendas

130 1123 347 1166 enuntiati
386 1132 558 1182 partes,
606 1140 700 1166 non
743 1125 795 1165 ad
839 1122 1011 1166 disiun-

131 1180 322 1239 gendas‚
364 1189 413 1224 ut
443 1180 587 1225 Cicer.
613 1180 740 1224 Orat.
782 1186 817 1230 1,
850 1181 920 1223 4.=
962 1181 1011 1221 in

125 1241 275 1293 poetis
308 1253 402 1281 non
429 1239 636 1281 Homero
665 1239 760 1280 soli
787 1241 913 1279 Iocus
944 1243 1015 1278 est

129 1302 212 1338 aue
240 1297 514 1351 Archilocho
554 1302 636 1338 out
670 1295 893 1348 Sophocli
930 1300 1014 1335 aut

129 1351 369 1408 Pindaro,
408 1357 494 1396 sed
517 1356 686 1395 horum
715 1354 789 1393 vel
807 1351 1015 1394 secundis

130 1413 206 1454 vel
224 1414 367 1454 etiam
395 1410 519 1464 infra
547 1413 788 1453 secundos.
848 1409 1012 1452 schut-

127 1468 293 1536 tingius
314 1483 519 1510 mancam
543 1468 789 1510 orationem
816 1482 909 1509 esse
935 1482 1014 1523 pu·

127 1534 238 1569 tavit
276 1533 461 1584 propter
499 1540 595 1583 cap.
625 1525 724 1571 25„
777 1525 850 1566 ubi
897 1525 1015 1566 inter

128 1584 334 1642 antiquos
357 1592 618 1625 numeratur
639 1581 692 1625 C.
710 1582 883 1624 Laelius
904 1595 1013 1638 quo-

162 1657 244 1689 ue,
275 1640 469 1696 ideoque
491 1639 584 1682 eius
608 1654 778 1681 nomen
803 1638 845 1680 h.
872 1637 900 1680 l.
930 1638 1013 1681 ad-

129 1657 235 1742 dere
255 1697 420 1740 voluit:
450 1695 549 1741 Ser.
575 1697 781 1747 Galbae,
811 1695 859 1737 C.
887 1696 1011 1737 Lae-

126 1757 188 1798 lio
210 1763 256 1799 et
279 1754 491 1798 Carboni.
551 1753 674 1809 Quid
695 1752 881 1810 impedit
904 1768 1013 1810 quo-

128 1813 278 1856 minus
309 1812 507 1855 Laelium
551 1814 656 1854 aliis
689 1810 1011 1864 adscribamus,

129 1871 206 1930 qui
227 1869 399 1928 antiqui
419 1878 651 1913 vocentur.

183 1957 352 1998 merito
404 1955 616 2011 antiquos
673 1952 1011 1995 vocaverimus·

126 2011 204 2056 Sic
227 2013 513 2056 emendatum
536 2019 600 2054 est
621 2026 673 2052 ex
693 2010 827 2054 codd.
842 2008 1011 2052 Vatiee.

124 2086 151 2115 a
190 2069 423 2124 monerio,
493 2085 627 2128 quem
681 2066 857 2124 sequuti
906 2075 1012 2108 sunt

129 2126 340 2186 deinceps
381 2127 476 2171 fere
520 2142 692 2170 omnes.
775 2122 1012 2182 Multoque

124 2185 265 2242 magis
301 2202 350 2229 ea
383 2185 587 2228 firmatur
619 2183 839 2240 scriptura
876 2181 1011 2225 codd.

124 2244 262 2301 Neap.
275 2247 340 2296 [et
354 2243 508 2298 Farn.]
532 2241 808 2284 auctoritate.
839 2238 889 2281 ln
913 2238 1013 2282 edd.

126 2299 317 2358 antiquis
333 2303 529 2358 itemque
539 2295 842 2356 Lips.Pithoei
858 2304 899 2337 et
916 2311 1013 2352 sqq.

126 2374 267 2416 usque
285 2350 354 2402 ‘ad
387 2356 645 2400 Ernestium
683 2362 726 2396 et
748 2353 1010 2397 verborum

127 2415 285 2459 ordine
311 2421 606 2459 transmutato
635 2419 678 2453 et
707 2409 834 2453 verbi
874 2409 1012 2451 niodo

127 2473 299 2516 editum
332 2481 397 2515 est
427 2474 640 2527 antiquos
667 2468 837 2510 merito
869 2481 1013 2507 voca-

126 2545 310 2578 remus,
364 2529 485 2588 quod
531 2541 762 2587 perperam
813 2522 1012 2566 defendit

125 2588 355 2632 Ernestius
389 2586 554 2631 collato
589 2588 828 2630 docerem;
864 2597 1012 2638 neque

127 2645 311 2703 perinde
334 2653 422 2693 est,
459 2644 503 2686 id
529 2642 649 2700 quod
675 2637 884 2682 oberlin.
912 2639 1010 2695 opi-

126 2705 341 2755 nabatur,
390 2711 540 2745 utrum
585 2697 768 2757 elegeris
810 2703 1012 2752 tempus3

125 2761 327 2812 ‚,immo,
368 2759 513 2818 inquit
540 2758 590 2801 F.
614 2756 671 2800 A.
694 2752 855 2797 Wolf.
884 2755 1009 2795 Ver-

129 2820 316 2862 mischte
357 2817 590 2872 Schriften
630 2830 674 2870 p.
713 2812 834 2864 161.,
884 2821 1007 2854 reete

159 2875 376 2918 raefertur
396 2870 768 2929 vocaverimus-i.
792 2883 831 2910 e.
847 2883 1008 2912 vocare

125 2891 256 2986 iicet3
298 2948 386 2977 nec
408 2930 586 2974 defendi
610 2936 755 2985 potest
776 2927 1007 2983 vulgatum

127 3005 415 3035 vowremus.
483 2989 636 3043 Longe
679 2986 761 3028 alia
794 2985 909 3026 ratio
944 2991 1008 3025 est

127 3050 485 3094 enuntiatorum,
516 3045 593 3087 ubi
624 3042 732 3086 boni
767 3041 1008 3098 scriptores

416 3109 615 3204 ppuunt,
652 3099 811 3144 Cicero
844 3100 890 3140 in
919 3097 1007 3155 pri·

129 3106 390 3164 imperfecta

176 3164 185 3173 “
465 3157 690 3203 anishorn.
715 3173 760 3214 p.
784 3156 883 3198 408.
907 3170 1005 3212 sqq.

127 3180 228 3208 mis.
245 3163 271 3181 ”
329 3161 398 3206 Cf.

124 3243 129 3302 i
186 3264 402 3318 impoliti.
488 3258 572 3302 Ed.
625 3255 729 3301 Ald.
783 3254 1005 3308 impositi,

127 3321 448 3421 typographico
484 3330 675 3382 errore&
703 3311 1010 3381 porhinettius

127 3379 316 3425 coniicie
333 3385 394 3420 vat
413 3379 730 3431 incomposm,
759 3379 942 3413 temere.

186 3482 325 3523 rudes
357 3484 402 3520 et
432 3474 674 3533 informes.
734 3472 1010 3529 Synonyma,

129 3546 178 3582 ut
201 3551 295 3594 cap.
318 3535 383 3586 20,
410 3535 522 3576 rudi
538 3537 776 3575 caemento
797 3536 842 3570 ee
865 3527 1010 3582 insor-

128 3594 278 3638 mibus
314 3593 500 3646 tegulis..
541 3591 629 3633 An.
669 3587 736 3636 12.
763 3585 834 3629 35.
871 3589 1013 3626 rudes

1090 787 1136 822 ee
1175 779 1400 835 informes
1439 776 1675 823 saxorum
1719 794 1981 836 compages.

1089 836 1242 895 Agric.
1294 853 1335 881 c.
1377 837 1420 881 3.
1470 838 1708 881 incondita
1759 854 1815 881 ac
1867 838 1982 880 rudi

1088 910 1209 937 voce.
1242 921 1300 930 ·—
1358 894 1528 938 Eodem
1555 896 1692 938 modo
1715 893 1833 938 infra
1858 910 1978 941 cont

1086 952 1239 995 iuncta
1292 961 1398 995 sunt
1442 954 1630 1006 plenior
1681 961 1727 994 et
1779 950 1978 1003 uberior,

1086 1024 1284 1067 quocum
1331 1008 1390 1052 cf.
1435 1010 1522 1052 An.
1569 1010 1636 1058 12,
1676 1010 1748 1052 60.
1789 1011 1978 1064 plenius

1085 1082 1230 1122 quma
1265 1075 1413 1108 antea
1446 1073 1492 1108 et
1525 1068 1735 1118 uberius;
1771 1075 1815 1108 et
1841 1070 1978 1110 solu-

1085 1132 1187 1166 tum
1241 1130 1285 1165 et
1331 1137 1576 1175 enervem,
1633 1123 1706 1168 cui
1758 1139 1973 1182 compara

1084 1182 1178 1225 An.
1202 1183 1240 1229 1,
1263 1182 1332 1223 50.
1361 1183 1591 1236 languida
1618 1187 1664 1224 et
1686 1183 1860 1224 soluta.

1141 1309 1251 1350 quos
1280 1297 1459 1337 utinam
1491 1299 1625 1339 nulla
1650 1302 1792 1350 parte
1823 1294 1974 1337 imita·

1084 1360 1158 1394 tus
1205 1360 1342 1395 esset.
1422 1353 1538 1400 Edd.
1572 1355 1691 1412 Spir.
1728 1352 1828 1396 Put.
1865 1351 1970 1398 Riv.

1086 1409 1187 1453 Ber.
1210 1409 1308 1453 Alc.
1333 1425 1450 1466 quos
1469 1414 1648 1455 utinam
1666 1411 1881 1452 imitatus
1903 1423 1972 1451 es·

1084 1476 1151 1509 set
1166 1466 1382 1519 exhibent,
1405 1470 1524 1525 quod
1543 1468 1744 1527 ineptum
1763 1475 1806 1510 et
1817 1465 1971 1513 ⁴sensui

1087 1523 1365 1567 contrarium
1393 1534 1482 1575 est3
1514 1527 1565 1568 ad
1595 1524 1860 1568 sententiam
1884 1523 1971 1580 igi-

1083 1590 1159 1623 tur
1182 1590 1301 1623 recte
1326 1581 1566 1624 Rhenanus
1589 1583 1727 1624 edidit
1750 1596 1863 1638 quos
1887 1582 1974 1624 uti·

1085 1654 1197 1680 nam
1217 1639 1430 1681 imitatus
1451 1654 1546 1681 non
1567 1648 1700 1691 esset,
1722 1655 1852 1696 quem
1870 1637 1972 1681 Atd.

1085 1697 1204 1753 Lips.
1239 1695 1449 1738 Pithoeus
1481 1705 1523 1739 et
1569 1698 1838 1754 posteaiorvs
1880 1695 1974 1740 sere

1085 1769 1244 1796 omnes
1278 1762 1546 1809 sequuntur.
1611 1754 1698 1796 Sed
1735 1753 1972 1795 meliorem

1085 1809 1327 1853 lectionem
1345 1810 1476 1853 MSS.
1490 1810 1662 1854 Vaticc.
1683 1810 1972 1868 [quibuscum

1082 1867 1190 1910 facit
1208 1868 1310 1910 cod.
1326 1868 1458 1910 Farn.
1473 1876 1504 1910 t.
1518 1866 1741 1922 Bekkero]
1758 1867 1973 1925 praebue-

1082 1932 1215 1968 runt:
1274 1940 1388 1980 quos
1429 1926 1615 1967 utinam
1656 1927 1792 1966 nulla
1830 1930 1972 1977 parte

1079 1984 1248 2024 imitat.
1272 1988 1407 2034 esset,
1441 1998 1574 2039 quam
1633 1981 1973 2024 roban-unumn-

1081 2047 1164 2082 ter.
1197 2039 1380 2096 Bipont.
1407 2038 1565 2083 Oberl.
1637 2038 1770 2082 ronk.
1795 2038 1972 2082 Osann.

1083 2095 1226 2140 Orell.
1259 2095 1587 2150 [Boetticher.].
1645 2096 1843 2139 Eandem
1877 2103 1971 2139 sta-

1083 2153 1233 2198 bitivit
1255 2154 1541 2210 MS.Neap.,
1582 2153 1628 2196 in
1665 2169 1755 2211 quo
1787 2155 1972 2196 utinam

1082 2215 1129 2254 in
1159 2213 1240 2253 illa
1270 2221 1408 2264 parte
1439 2213 1555 2254 imit.
1592 2218 1711 2254 esset
1739 2219 1969 2268 repertum

1084 2277 1174 2323 est,
1217 2267 1441 2323 fr·quenti
1469 2268 1735 2311 confusione
1759 2267 1963 2313 voeabu-

1084 2325 1235 2368 lorum
1259 2327 1342 2366 illa
1368 2335 1408 2368 et
1430 2329 1552 2379 ulla,
1598 2325 1652 2367 de
1679 2341 1763 2382 qua
1787 2323 1968 2368 Cortius

1083 2383 1172 2439 egit
1205 2382 1260 2425 ad
1290 2382 1459 2425 Lucan.
1493 2383 1534 2430 5,
1565 2383 1661 2424 617.
1732 2380 1860 2439 Negti
1894 2396 1968 2423 en·

1082 2440 1220 2482 tiores
1256 2455 1360 2481 vero
1394 2438 1578 2482 fuerunt
1607 2438 1815 2481 Obertin.
1848 2397 1968 2480 gek-

1085 2496 1178 2540 ker.
1231 2505 1275 2539 et
1328 2497 1635 2551 minumum,
1709 2495 1785 2553 qui
1834 2495 1967 2539 verba

1083 2562 1484 2611 transposuerunt:
1513 2569 1629 2609 quos
1652 2557 1841 2594 utinam
1861 2553 1968 2594 imi-

1083 2619 1212 2653 tatus
1236 2612 1368 2651 nulla
1394 2618 1531 2664 parte
1562 2619 1699 2652 esset.
1761 2610 1969 2653 Muretus

1082 2668 1387 2712 coniecturam
1426 2667 1662 2725 proposuit
1696 2668 1969 2725 praeclaram

1081 2726 1197 2768 haud
1235 2725 1396 2767 dubie:
1450 2740 1562 2780 quos
1600 2725 1784 2766 utinam
1820 2739 1878 2765 ne
1917 2724 1968 2766 in

1080 2786 1162 2825 illa
1178 2791 1317 2836 parte
1337 2783 1550 2824 imitatus
1571 2788 1714 2832 esset,
1741 2783 1898 2840 [quam
1918 2782 1967 2822 in

1078 2848 1198 2882 textu
1237 2840 1382 2897 posuit
1423 2839 1456 2880 Ι.
1495 2838 1745 2891 Bekkerus;
1790 2839 1827 2882 si
1859 2838 1967 2896 quid

1082 2897 1239 2948 video,
1277 2897 1539 2939 rectissime.
1595 2912 1723 2947 nam,
1754 2904 1802 2939 ut
1826 2895 1965 2939 omit-

1079 2964 1167 2998 tam
1196 2955 1298 2996 cod.
1325 2954 1462 3010 Neap-
1489 2953 1824 3005 auctoritatem,
1854 2967 1967 3010 quae

1082 3029 1172 3054 non
1213 3014 1459 3068 spernenda
1503 3019 1592 3062 est,
1645 3009 1738 3068 ipsa
1781 3019 1964 3054 senteu-

1080 3069 1139 3111 tia
1180 3069 1346 3125 flagitat
1379 3084 1474 3110 eam
1509 3067 1818 3125 scripturam,
1857 3082 1961 3109 cuni

1080 3126 1273 3183 scriptor
1334 3125 1376 3167 id
1442 3141 1579 3168 unum
1633 3125 1852 3194 vituperet
1917 3122 1966 3164 in

1079 3183 1241 3237 Catvo,
1286 3180 1441 3226 Coelio
1467 3190 1508 3225 et
1531 3183 1576 3224 in
1601 3181 1698 3238 ipso
1722 3182 1961 3234 bicerone,

1082 3240 1204 3298 quod
1239 3239 1355 3282 haud
1390 3254 1494 3282 raro
1529 3239 1816 3295 antiquorum
1853 3235 1961 3289 iilo·

1081 3314 1180 3340 ruui
1219 3305 1446 3339 oratorum
1482 3295 1763 3353 asperitatem
1790 3292 1968 3348 mal-ue}-

1081 3355 1169 3398 rint
1214 3352 1375 3398 imitari
1418 3368 1548 3410 quam
1593 3352 1683 3397 vim
1720 3350 1962 3399 vehemen-

1081 3412 1306 3468 namque,
1339 3426 1471 3467 quam
1499 3407 1588 3452 illis
1613 3407 1829 3461 adscribit
1847 3423 1963 3462 con-

1082 3470 1277 3511 sentiens
1316 3465 1411 3510 fen-e
1450 3475 1652 3512 veterum
1692 3465 1968 3524 scriptorum

1082 3524 1404 3568 testimonium.
1466 3524 1619 3579 Neque
1649 3530 1799 3565 tamen
1832 3525 1967 3565 nulla

1079 3596 1240 3637 purae,
1265 3582 1383 3638 quod
1407 3581 1452 3624 iu
1474 3579 1653 3638 reliquis
1676 3579 1797 3622 tibris
1817 3581 1973 3630 exstat„
