2150 4022
394 216 640 334 mmi
686 260 1686 353 Aemc.v1rA-CA1>220.

1845 231 1965 329 157

117 399 411 482 stellisque
450 392 842 460 circumdatae
864 407 1040 453 'tanta
1081 397 1313 454 ratione
1350 412 1639 474 curaque,
1690 408 1760 456 ut
1801 399 1968 456 nulla

116 504 251 551 ante
273 488 616 549 Britanniae
645 505 799 541 nova
824 501 960 558 pars
986 481 1316 540 inlacessita
1344 483 1662 542 transierit.

117 685 352 737 postpars
374 674 587 720 excidisse
608 674 792 732 (placuit
814 684 864 715 ea
888 668 1004 714 ratio

115 735 331 781 tamaltio
345 750 464 792 quoq
473 750 524 776 ue
542 743 583 776 et
596 730 882 785 Ricklefsio):
907 729 1007 782 „ita

118 798 230 838 bene
249 797 419 835 munita
439 791 615 849 oppida,
640 798 687 831 ut
702 803 931 845 nunquam
952 786 1006 828 ab

119 846 544 894 hostibus'taeessita
571 848 661 890 sint
686 846 834 896 bello,
897 856 1006 886 uum

118 909 224 952 alias
247 922 392 952 novae
415 914 561 965 partes
590 904 849 963 provinciae
913 916 1005 944 om.

120 966 317 1009 adiectae
350 965 510 1006 crebro
547 965 599 1005 ab
633 962 830 1004 barbaris
862 966 1007 1002 tenta-

119 1032 299 1073 rentur,
338 1021 374 1064 si
397 1022 514 1063 forte
538 1019 741 1076 recipere
774 1014 1013 1075 possent.”

120 1080 328 1138 Eugelius
369 1095 552 1136 quoque
600 1085 698 1135 post
736 1089 858 1131 pars
899 1088 1012 1134 sup-

120 1136 286 1196 plendo
309 1135 515 1193 intelligit
542 1135 611 1176 ita
634 1132 701 1175 vel
725 1142 827 1175 tam
863 1139 906 1174 et
935 1145 1010 1172 ex-

120 1194 283 1253 plicat,
314 1192 569 1237 utDronkii
596 1190 743 1234 verbis
770 1198 897 1239 utar,
925 1193 1014 1239 „ut

123 1250 247 1294 nulla
276 1276 334 1287 --
363 1265 465 1309 pars
497 1260 587 1292 tam
617 1247 852 1290 illacessita
885 1252 968 1300 (sc.
991 1260 1014 1287 a

120 1307 356 1364 Romanis)
398 1307 623 1350 transierit
667 1305 720 1346 ad
769 1303 1016 1352 Romanos,

123 1367 167 1407 in
197 1365 414 1407 ditionem
447 1379 634 1413 eorum3
674 1362 872 1420 primum
906 1360 1015 1402 bar-

120 1424 254 1467 baros
282 1421 395 1464 iram
421 1422 647 1479 posuisse,
675 1436 768 1462 non
795 1435 905 1463 vero
933 1425 1013 1459 sta-

122 1480 202 1523 tim
227 1479 273 1521 in
299 1477 525 1521 ditionem·
540 1478 739 1528 venisse,
780 1492 920 1534 quum
947 1490 1015 1517 ca-

123 1536 260 1580 stellis
301 1545 343 1579 et
378 1536 608 1594 praesidiis
642 1534 790 1577 Rom.'
816 1535 1016 1577 circum-

125 1594 213 1637 dati
241 1596 283 1636 e}
307 1608 331 1635 a
356 1592 537 1651 reliquis
560 1593 783 1635 Britannis
809 1591 1013 1634 nondum

123 1651 385 1709 perdomitis
429 1650 645 1706 segregati
691 1657 858 1699 essent,
915 1654 1013 1688 tum

126 1724 200 1751 eos
238 1708 294 1751 ad
331 1706 646 1750 Romanorum
687 1706 928 1749 amicitiam
969 1719 1015 1746 se

125 1763 447 1823 applicuisse.’'
523 1763 750 1806 Hertelius
794 1763 1013 1819 denique:

125 1832 166 1865 et
207 1821 508 1867 circumdatae
548 1838 610 1864 sc.
643 1820 702 1863 ita
730 1820 1016 1878 transierunt,

126 1890 174 1923 ut
197 1879 247 1934 (i.
265 1895 304 1923 e.
329 1879 463 1934 sicut)
491 1877 615 1927 nulla
640 1888 723 1920 etc.
784 1879 845 1921 At
870 1890 1018 1932 neque

125 1938 210 1980 hac
256 1935 391 1986 dura,
445 1951 575 1993 quam
619 1935 745 1978 finxit
781 1933 1021 1982 Hei-telius,

126 1992 267 2052 ellipsi
293 2008 436 2050 neque
469 1991 746 2049 interpositis
780 1991 854 2038 vel
889 1989 1014 2046 cogi-

118 2051 263 2102 tando
297 2051 509 2109 suppletis
539 2049 767 2107 particulis
797 2051 887 2103 sic,
929 2050 1013 2101 ita,

125 2118 226 2152 tam
250 2124 364 2165 opus
386 2118 471 2159 est,
500 2115 550 2149 ut
572 2107 659 2150 loci
683 2108 798 2149 ratio
824 2112 1015 2149 constet.

127 2166 331 2208 Primum
365 2174 520 2208 contra
545 2163 823 2207 Walchium
858 2162 1018 2205 dicen·-

128 2224 236 2266 dum
261 2231 349 2274 est,
388 2230 434 2264 et
455 2221 616 2280 copula
641 2230 743 2264 ante
762 2220 1018 2276 praesidiis

126 2281 270 2339 posita
296 2280 483 2322 minime
515 2279 779 2322 sententiam
806 2277 1022 2334 coniungi

127 2353 232 2382 cum
262 2339 425 2392 quibus
450 2339 613 2384 rebus,
654 2337 728 2378 sed
765 2333 1021 2379 continuari

131 2402 305 2438 tantum
333 2394 640 2436 narrationem
667 2404 710 2435 et
740 2393 929 2435 indicari
962 2391 1023 2442 id,

132 2452 252 2509 quod
277 2452 450 2493 factum
471 2451 550 2500 sit,
595 2459 832 2508 postquam
858 2449 1021 2492 eivita-

130 2520 195 2552 tes
219 2509 331 2551 iram
386 2516 622 2558 osuerant3
652 2508 775 2564 quasi
801 2507 1020 2562 scriptum

130 2566 208 2610 sit:
247 2525 502 2622 quotfvero
528 2565 695 2607 adtinet
720 2565 772 2606 ad
805 2563 1022 2621 praesidia

130 2621 420 2679 castellaque,
451 2638 562 2679 quae
586 2622 632 2663 in
658 2621 914 2664 deditorum
936 2636 1020 2678 po-

130 2682 342 2739 pulorum
392 2681 523 2722 terris
574 2678 683 2737 poni
737 2678 884 2721 solent
935 2677 1020 2731 (cf.

130 2755 171 2782 c.
195 2739 266 2781 22.
291 2739 605 2793 ponendisque
630 2738 818 2790 insuper
847 2739 1019 2778 castel-

130 2798 188 2838 lis
208 2795 544 2851 spatiumfuit)
562 2827 573 2850 ,
608 2794 802 2838 civitates
823 2792 910 2836 illis
933 2793 1020 2836 cir·

137 2853 372 2899 cumdatae
418 2859 522 2895 sunt
559 2860 679 2894 tanta
720 2867 825 2895 cura
867 2857 910 2893 et
945 2867 1021 2893 ra-

133 2913 280 2957 tione,
313 2917 362 2951 ut
387 2917 472 2952 etc.
534 2908 611 2952 Sic
631 2910 723 2952 An.
748 2909 789 2956 2,
812 2908 884 2951 28.
913 2915 1019 2950 sta-

133 2968 218 3009 tim
253 2968 447 3021 corripit
472 2982 628 3020 reum,
676 2970 776 3008 adit
799 2969 1021 3016 consules,

135 3025 445 3078 cognitionem
466 3031 656 3066 senatus
670 3026 834 3077 poscit.
864 3031 919 3065 et
948 3038 1020 3064 vo-

135 3090 303 3123 cantur
322 3089 490 3134 patres
512 3089 597 3124 etc.
658 3080 750 3136 Qui
772 3087 880 3123 sunt
904 3080 1020 3123 desi-

133 3139 291 3181 derant
313 3145 413 3195 post
436 3140 775 3190 circumdatae,
814 3137 1022 3181 Tacitum

132 3196 199 3239 sui
229 3193 490 3238 dissimilem
516 3212 607 3238 esse
627 3197 797 3249 iubent.
835 3196 899 3238 Et
920 3205 1021 3238 ante

134 3260 292 3307 tanta,
338 3253 459 3310 quod
495 3261 628 3295 exstat
659 3252 709 3294 in
741 3252 843 3295 MS.
875 3252 1020 3296 Vatic-

134 3309 262 3353 3429.
288 3317 330 3352 et
363 3309 463 3352 edd.
492 3310 686 3366 antiquis
718 3319 818 3352 ante
842 3309 1021 3352 Rhena-

135 3380 271 3417 nurn,
321 3381 345 3408 a
382 3366 484 3410 MS.
516 3366 660 3411 Vatic.
692 3367 821 3410 4498.
856 3367 1020 3409 rectius

137 3424 284 3467 abesse
303 3423 507 3474 videtur,
539 3439 677 3481 quare
696 3424 740 3466 id
763 3440 787 3466 a
804 3422 1019 3466 Rhenano

136 3479 330 3523 deletum
355 3480 527 3524 nollem
548 3497 570 3524 a
591 3479 818 3524 Walehio
841 3496 1018 3526 revoca·

136 3543 230 3578 tum
257 3553 365 3580 esse.
428 3538 554 3582 Cura
570 3546 737 3595 spectat
757 3540 812 3580 ad
834 3538 1022 3595 diligen-

136 3593 238 3635 tiam
266 3610 316 3638 ac
341 3594 643 3643 celeritatem,
679 3610 763 3651 qua
792 3596 836 3637 in
864 3594 1022 3637 locan-

1079 668 1148 714 dis
1185 670 1375 714 castellis
1407 671 1621 730 Agricola
1651 687 1759 715 usus
1788 671 1867 721 sit„
1918 669 1973 715 In

1078 727 1158 772 tali
1196 728 1446 772 verborum
1486 744 1601 773 nexu
1639 736 1691 772 ut
1725 745 1818 774 esse
1854 743 1971 774 con-

1077 785 1360 828 iunctionem
1385 796 1427 829 et
1448 786 1648 830 indicare
1670 794 1814 830 tantae
1836 786 1971 830 ratio-

1078 843 1149 887 nis
1182 852 1225 885 et
1259 858 1392 886 curae
1423 853 1664 892 eventum,
1715 843 1788 889 vel
1818 842 1970 904 primo

1082 901 1324 944 oculorum
1374 900 1535 943 obtutu
1583 904 1779 960 apparet.
1864 902 1972 946 Non

1081 958 1218 1015 igitur
1252 957 1464 1000 audiendi
1495 967 1624 1008 sunt,
1681 960 1781 1016 qui,
1831 955 1974 1005 veluti

1083 1015 1263 1066 Susius,
1305 1015 1551 1066 Hertelius,
1591 1014 1868 1069 Walchius,
1922 1023 1975 1058 ut

1083 1088 1165 1132 pro
1203 1076 1318 1115 sicut
1362 1072 1536 1116 dictum
1581 1089 1673 1115 esse
1712 1077 1977 1131 opinantur3

1084 1131 1234 1173 minus
1270 1130 1403 1173 etiam
1437 1130 1493 1182 ii,
1534 1131 1611 1187 qui
1633 1137 1683 1172 ut
1706 1140 1748 1174 et
1773 1131 1974 1174 coniun-

1086 1188 1249 1231 ctionis
1269 1195 1314 1229 et
1332 1186 1534 1232 adverbii
1549 1187 1594 1232 vi
1614 1186 1682 1230 uti
1698 1187 1976 1236 fabulantur,

1086 1245 1202 1288 velut
1216 1239 1399 1302 Selling.
1414 1244 1461 1288 in
1477 1246 1680 1290 observv.
1693 1261 1738 1303 p.
1753 1246 1820 1288 18.
1852 1249 1978 1288 Ante

1086 1301 1284 1358 intellige
1323 1310 1426 1346 ante
1460 1302 1790 1360 praesidiorum
1822 1311 1864 1346 et
1898 1317 1975 1345 ca-

1085 1361 1318 1404 stellorum
1354 1358 1644 1404 locationem.
1703 1363 1841 1404 Nova
1859 1360 1977 1403 Bri-

1085 1421 1277 1460 tanniae
1302 1432 1422 1471 pars
1454 1425 1518 1461 est
1549 1433 1656 1474 pars
1681 1432 1826 1475 nuper
1848 1417 1980 1460 dedi·-

1083 1476 1206 1517 tione
1246 1474 1477 1518 Romanae
1517 1475 1774 1534 provinciae
1814 1474 1980 1519 addita.

1088 1532 1150 1576 cf.
1176 1547 1215 1576 c.
1236 1533 1309 1575 22.
1334 1535 1501 1575 tercius
1520 1533 1873 1587 expeditionum
1895 1546 1977 1575 an-

1086 1604 1178 1632 nus
1198 1597 1524 1643 novasgentes
1545 1591 1743 1644 aperuit.
1805 1589 1852 1632 T
1845 1604 1980 1634 rans·

1084 1651 1152 1688 ire
1188 1647 1498 1704 accipiendum
1530 1657 1594 1690 est
1627 1648 1681 1690 de
1712 1645 1979 1697 defectione,

1087 1704 1351 1746 transitione
1382 1704 1460 1759 (cf.
1496 1702 1608 1747 Hist.
1639 1706 1681 1756 2,
1715 1704 1789 1748 99.
1818 1704 1860 1752 3,
1887 1706 1982 1762 61.)

1089 1763 1142 1804 ad
1168 1760 1351 1803 hostiles
1375 1770 1547 1819 partes,
1575 1770 1618 1804 et
1641 1777 1771 1820 saepe
1794 1762 1982 1820 ponitur

1087 1833 1170 1876 pro
1195 1818 1520 1872 transfugere,
1548 1826 1600 1862 ut
1624 1827 1666 1861 et
1679 1818 1980 1878 Oudendorp.

1091 1876 1243 1918 docuit
1284 1878 1338 1918 ad
1371 1877 1574 1919 Frontin.
1617 1877 1805 1935 Strateg.
1827 1875 1881 1929 ’,3,
1914 1879 1981 1929 16,

1087 1934 1183 1981 22..
1226 1940 1267 1975 et
1299 1933 1626 1991 comprobatur
1653 1934 1767 1992 Nep.
1799 1935 1980 1978 Datam.

1086 1992 1128 2039 6,
1142 1991 1184 2033 6.
1245 1989 1421 2034 Caesar.
1444 1990 1554 2034 bell.
1582 1992 1668 2035 civ.
1693 1993 1731 2041 l,
1746 1992 1818 2035 60.
1848 1992 1977 2044 3,60.

1088 2048 1146 2092 cf.
1159 2048 1283 2091 Suet.
1298 2047 1382 2090 lul.
1401 2065 1439 2091 c.
1452 2049 1522 2091 75.
1535 2049 1706 2093 Neron.
1722 2066 1761 2092 c.
1774 2050 1815 2093 3.
1849 2050 1981 2092 Inla-

1085 2107 1240 2148 eessiti
1259 2113 1490 2149 transeunt
1506 2138 1519 2155 ,
1548 2106 1714 2165 quibus
1735 2107 1908 2150 nul-lum
1933 2108 1996 2157 in,

1087 2163 1277 2206 transitu
1331 2164 1533 2207 occurrit
1592 2165 1982 2222 impedimentum,

1091 2236 1204 2278 quos
1229 2220 1364 2276 igitur
1393 2236 1530 2264 nemo
1561 2221 1819 2279 adgreditur
1851 2231 1894 2266 et
1926 2224 1981 2266 ab

1091 2277 1366 2320 transeundo
1423 2278 1650 2330 deterret,
1680 2278 1683 2286 ’
1730 2279 1807 2336 qui
1855 2275 1982 2323 bello

1091 2350 1329 2394 pugnaque
1370 2337 1496 2378 vacui
1539 2344 1786 2380 transeunt.
1863 2337 1980 2380 Sen-

1092 2393 1228 2435 tentia
1248 2392 1384 2436 totius
1405 2393 1495 2437 loci
1517 2393 1625 2437 haec
1647 2400 1738 2436 est:
1769 2393 1984 2452 Agricola

1094 2449 1297 2493 civitates
1350 2450 1398 2492 in
1452 2450 1727 2494 deditionem
1781 2461 1984 2510 acceptas

1094 2505 1322 2564 praesidiis
1358 2507 1644 2565 castellisque
1681 2507 1985 2553 circumdedit

1093 2571 1212 2606 tanta
1235 2563 1481 2619 diligentia,
1511 2573 1559 2607 ut
1583 2565 1703 2608 nulla
1724 2565 1984 2618 Britanniae
2059 2584 2063 2585 ⁷
2132 2572 2136 2578 ’

1093 2624 1196 2678 pars
1219 2635 1364 2678 nuper
1388 2637 1437 2664 ca
1473 2630 1540 2674 ta,
1575 2631 1811 2680 antequam
1845 2620 1991 2682 prae-¹

1093 2677 1201 2721 sidia
1234 2685 1276 2719 et
1306 2679 1439 2721 castel
1461 2695 1484 2721 a
1517 2689 1818 2738 ponerentur,
1860 2680 1984 2725 inla-

1093 2735 1249 2778 cessita
1275 2735 1329 2778 ad
1353 2746 1506 2793 gentes
1529 2738 1733 2780 nondum
1758 2738 1983 2796 perdomi-

1092 2800 1156 2835 tas
1198 2791 1385 2835 deficere
1421 2794 1634 2851 potuerit.
1699 2795 1809 2839 Eam
1848 2795 1982 2856 expli·

1093 2849 1224 2893 candi
1246 2849 1467 2892 rationem
1489 2848 1695 2902 firmant,
1728 2869 1840 2911 quae
1860 2853 1980 2898 infra

1093 2923 1133 2950 c.
1157 2906 1226 2950 22.
1258 2907 1492 2964 leguntur:
1528 2911 1714 2952 nullam
1747 2913 1808 2954 ab
1839 2913 1982 2966 Agri-

1093 2967 1196 3007 cola
1216 2967 1420 3016 positum
1442 2969 1682 3010 castellum
1707 2976 1792 3010 aut
1813 2971 1860 3012 vi
1889 2971 1984 3012 ho-

1091 3023 1229 3065 stium
1265 3031 1582 3078 expugnatum
1595 3058 1607 3079 ,
1659 3035 1742 3068 auc
1773 3027 1985 3081 pactione

1094 3086 1199 3121 aut
1226 3077 1383 3133 saga
1420 3083 1746 3126 desertum.
1805 3084 1984 3128 Lauda-

1094 3145 1168 3179 tur
1189 3135 1324 3194 igitur
1355 3136 1594 3196 singularis
1628 3139 1759 3184 huius
1788 3140 1983 3198 impera-

1094 3192 1206 3236 toris
1253 3194 1536 3250 providentia
1559 3228 1572 3245 ‚
1643 3213 1730 3255 qua
1782 3198 1984 3250 cavebat,

1096 3266 1153 3293 ne
1188 3250 1410 3300 civitates,
1460 3269 1570 3311 quas
1605 3269 1748 3299 novas
1789 3264 1982 3311 ceperat,

1091 3306 1267 3351 incuria
1309 3307 1610 3354 adlicerentur
1658 3311 1712 3354 ad
1760 3310 1978 3356 defectio-

1092 3378 1221 3416 nem;
1264 3363 1469 3410 solebant
1499 3368 1618 3411 enim
1651 3369 1847 3412 victores
1873 3385 1982 3415 con·

1095 3421 1202 3466 tenti
1242 3421 1430 3467 victoria
1466 3425 1682 3468 incuriosi
1728 3441 1821 3470 esse
1864 3427 1985 3472 circa

1093 3480 1176 3522 alia
1196 3479 1250 3522 ad
1273 3479 1471 3526 civitates
1488 3483 1533 3524 in
1550 3490 1764 3540 potestate
1786 3484 1981 3529 retinen-

1095 3537 1169 3578 das
1194 3537 1452 3582 necessaria.
1502 3538 1782 3583 Vertenduxn
1804 3550 1867 3584 est
1892 3543 1981 3585 sic:

1096 3594 1160 3635 So
1189 3597 1416 3645 geschalze
1447 3611 1519 3650 es,
1573 3595 1683 3654 dass
1714 3598 1829 3641 viole
1858 3599 1978 3640 Vo'l-
