2150 4022
197 192 316 282 1052

491 209 735 282 iuml
783 205 1105 301 Aemo.
1143 212 1762 289 VITKCAP.·³19.›
1908 216 1939 290 ζ

183 348 590 414 commodare:
644 370 754 409 nec
777 372 967 427 poena
995 371 1256 430 semper,
1310 352 1668 432 sed.·saepiu‘s
1687 357 2054 435 poeniten&

193 448 502 495 contentus
556 453 697 496 esse.
796 438 1005 495 officiis
1067 451 1126 540 ext
1185 439 1798 501 administrationibus
1826 445 2055 521 potius

193 543 318 580 non
345 533 685 598 peccaturos
709 543 1096 599 praeponere,

1151 545 1327 600 quam
1362 526 1682 596 damnare,
1725 549 1875 590 cum
1913 550 2052 605 pet-i

198 619 440 667 cassent.
462 624 467 628 ·
527 606 838 666 Frumenti
864 622 919 667 et
942 610 1304 667 tributorum
1333 611 1671 668 auctionem
1697 616 2055 692 aequalitate

191 829 305 872 eiam
329 827 375 870 in
398 827 464 871 his
489 844 684 886 agnosco
707 846 810 874 cum
837 829 1082 874 Walchio.

191 885 364 944 Nequit
400 885 519 934 enim
558 887 754 943 cogitari-
789 888 843 935 de
889 888 1082 944 benigne

220 945 434 1001 raeben'te
456 951 498 987 et
521 944 799 997 concedente
814 980 823 995 ,
852 946 929 988 sed
950 944 1081 988 intel·

190 960 397 1058 iigendus
423 1010 486 1045 est
514 1000 748 1059 promptus
778 1003 832 1046 ad
862 1003 1082 1060 praeben·

192 1059 327 1105 dum,
358 1066 411 1102 et
443 1059 574 1116 plane
598 1059 865 1102 vocabulum
889 1076 1081 1118 respou-

191 1116 265 1159 det
288 1124 471 1160 nostro:
503 1117 588 1173 mit
612 1124 760 1160 etwas
784 1119 972 1173 dienen,
1013 1119 1087 1162 bei

190 1176 275 1217 der
309 1174 458 1217 Hand
495 1176 623 1229 sein,
668 1183 716 1217 ut
747 1174 1081 1220 transferendus

189 1231 246 1274 sit
289 1231 445 1275 locust
497 1232 694 1277 Ieichten
742 1234 792 1277 V
787 1236 1083 1286 ergehungen

190 1291 343 1333 diente
368 1302 422 1332 er
442 1290 528 1333 mit
542 1290 852 1344 Verze1·lzung‚
885 1289 1082 1348 grossen

191 1348 275 1391 mit
299 1346 513 1402 Strenge,
570 1345 697 1395 Licet
721 1350 930 1391 conferre
949 1348 1083 1392 Ovid.

187 1403 355 1455 Amor.
396 1406 434 1457 1,
466 1403 508 1452 8,
529 1403 600 1448 86.
633 1410 903 1453 commodat
935 1406 1085 1448 illusis

188 1461 390 1505 numina
416 1465 569 1509 surda
593 1463 642 1504 V
638 1478 780 1513 enus;
810 1464 918 1508 Stat.
942 1461 1084 1508 Theb.

187 1520 230 1567 4,
255 1519 327 1561 76.
361 1522 658 1562 commodare
678 1522 824 1562 alicui
840 1521 964 1573 ira-55
1001 1518 1082 1563 Se-

189 1591 289 1620 nec.
303 1577 425 1621 Med.
440 1577 540 1620 907.
556 1579 753 1621 scelera.
779 1601 835 1610 —
867 1576 1083 1621 Similiter

191 1649 376 1692 zeugma
398 1634 547 1681 verbis
580 1649 665 1677 nec
687 1651 851 1690 ,poena
881 1650 1093 1692 semper,-

188 1695 273 1735 sed
306 1694 495 1746 saepius
522 1692 811 1745 poenitentia
841 1700 1084 1741 contentus

191 1754 292 1792 esse
313 1748 459 1793 inesse
482 1749 710 1794 Ernestius
731 1750 978 1809 suspicatus
1004 1759 1083 1803 est,

188 1809 263 1851 uti
282 1806 562 1865 intelligens,
593 1809 671 1851 sed
690 1824 948 1866 perperam,
979 1823 1080 1850 con-

188 1872 346 1912 tentus
384 1864 541 1922 iungas
579 1881 685 1908 cum
718 1881 891 1922 ppena.
963 1865 1079 1908 Sen-

186 1922 325 1966 tentia
352 1920 461 1966 haec
486 1930 575 1966 est:
621 1923 884 1982 Agricolam
907 1923 1080 1980 saepius

187 1978 468 2037 acquievisse
520 1980 566 2023 in
618 1980 895 2038 poenitentia
918 2012 930 2030 ‚
996 1995 1082 2022 nec

186 2053 361 2095 semper
385 2052 496 2094 opus
520 2036 656 2081 fuisse
678 2053 846 2095 poena,
887 2047 938 2080 ut
963 2053 1079 2080 con-

186 2102 333 2138 tentus
376 2105 507 2140 esset.
592 2096 716 2138 Bene
751 2095 880 2138 vertit
912 2095 1080 2137 Boetti-

187 2152 375 2197 cherus:
398 2154 521 2196 auch
541 2156 677 2195 dann
698 2153 873 2208 stt-aste
888 2166 938 2194 er
953 2153 1080 2195 nicht

185 2213 357 2255 immet·
372 2243 384 2266 ,
417 2210 489 2267 oft
505 2215 702 2265 genis‘gte
724 2212 824 2253 ihm
850 2210 999 2252 Reae.

239 2294 402 2350 potius
441 2307 534 2336 non
565 2301 842 2348 peccaturos
874 2308 1080 2348 praepo-

184 2364 314 2396 nere.
375 2351 452 2395 Sic
484 2367 508 2393 e
537 2350 673 2394 MSS.
703 2349 850 2394 Vatic.
874 2350 1001 2394 3429.
1039 2357 1083 2392 et

184 2410 316 2453 4498.
351 2409 528 2452 Broter.
555 2408 734 2451 Ernest.
757 2408 858 2465 Bip.
888 2407 1083 2451 Seehod.

184 2465 375 2510 Becker.
398 2465 579 2510 Dronk.
606 2465 776 2510 Hertel.
801 2464 1005 2510 Walch.
1026 2464 1083 2518 [I.

184 2523 420 2578 Bekker.];
436 2524 645 2581 idemque
661 2524 906 2568 verborum
921 2521 1081 2566 ordine

184 2582 422 2625 immutato
442 2587 669 2635 praepon.
689 2584 846 2636 potius
863 2594 960 2622 non
980 2595 1080 2634 pee-

184 2647 272 2683 cat.
288 2639 334 2680 in
357 2639 512 2682 codice
530 2639 694 2696 reperit
709 2637 920 2691 Ursinus,
942 2635 1083 2696 quiin

187 2697 272 2740 alio
296 2695 413 2738 libro
440 2698 698 2754 praeficere
733 2696 953 2754 scriptum
989 2709 1082 2738 esse

183 2760 385 2798 testatur.
468 2754 582 2796 Illud
623 2753 819 2797 coniecit
856 2753 1080 2804 Muretus,

158 2811 271 2855 ·hoc
293 2810 502 2866 probavit
523 2811 719 2854 Pichena
752 2826 858 2853 cum
886 2825 1078 2854 censore

185 2869 232 2911 in
257 2866 427 2924 ephem.
452 2868 512 2910 lit.
529 2869 702 2911 lenens.
729 2884 771 2911 a.
795 2868 923 2911 1816.
948 2867 1078 2925 ·p.74.

183 2925 299 2968 Edd.
324 2933 425 2968 vett.
451 2941 609 2968 omnes
641 2939 940 2979 praeponere
974 2940 1078 2966 ver-

185 2984 296 3027 hum
331 2984 582 3025 omiserunt
619 2983 672 3025 ad
694 2983 892 3041 Lipsium
925 2997 1080 3038 usque,

186 3039 262 3099 qui
280 3041 539 3096 praeficere
565 3040 756 3084 verbum
781 3039 930 3083 deesse
954 3054 1078 3081 mar-

186 3096 279 3156 gini
301 3096 548 3154 adscripsit.
585 3097 666 3139 Alii
686 3098 767 3138 alia
785 3097 1082 3141 coniecerunt

185 3154 449 3205 scribenda,
490 3154 523 3197 Ι..
554 3154 629 3196 Fr.
656 3153 885 3198 Gronov.:
927 3156 1085 3207 impo-

185 3227 296 3256 nere
318 3225 413 3254 non
431 3218 719 3265 peccaturos,
747 3211 980 3254 Heinsiusz
1001 3225 1083 3266 po·

188 3273 270 3314 tiri
299 3268 371 3315 vel
404 3267 544 3325 officii
575 3276 619 3310 et
655 3269 1084 3311 administrationis

181 3329 336 3383 potiri.
382 3326 452 3368 ‘ln
477 3335 568 3368 tam
589 3325 820 3383 praeclaro
845 3326 1083 3369 Vaticano-

186 3401 289 3429 rum
327 3384 549 3427 librorum
591 3398 812 3425 consensu
851 3383 1083 3439 quomodo

190 3458 295 3486 cum
326 3439 649 3484 Doederleinio
683 3439 926 3497 Sellingius
960 3438 1084 3484 verbi

190 3499 384 3557 ellipsim
431 3497 671 3542 defendere
715 3498 949 3554 potuerint
988 3511 1083 3540 non

190 3572 419 3614 assequor.

1704 733 1711 771 3
1763 759 1767 762 .

1214 831 1490 873 tributorum
1514 832 1797 875 auctionem.
1828 830 1903 877 Sic
1914 833 2052 878 MSS.

1155 887 1300 932 Vatic.
1315 887 1444 938 3429.
1470 889 1516 932 in
1539 898 1684 937 textu,
1713 889 1842 944 4498.
1867 891 1912 937 ia
1932 907 2051 941 mar-

1155 946 1283 1004 gine,
1315 945 1415 990 edd.
1441 945 1544 989 Put.
1574 962 1643 1005 pr.
1667 944 1859 992 Medi01·.
1883 937 2051 1001 Veniet,

1156 1002 1252 1046 Alc.
1280 1002 1424 1046 Rhen.
1455 1003 1584 1062 Ald.‚
1624 1005 1898 1056 recentiores
1930 1004 2058 1061 Bro'ss'

1153 1069 1239 1103 ter.
1288 1059 1577 1161 17¹)qoederlein.
1625 1061 1807 1106 Dronk.
1859 1062 2056 1108 Becker.⁴

1154 1117 1307 1162 Walc
1343 1151 1354 1162 .
1383 1143 1438 1151 -
1479 1117 1683 1166 Rhen'an.
1715 1120 1787 1175 (in,
1813 1115 2049 1180 castigem)

1152 1174 1274 1233 Lips.
1301 1174 1475 1219 Acidal.
1497 1183 1735 1231 suaserunt
1767 1175 2054 1220 tributor-‘um'

1154 1234 1449 1276 exactionem
1463 1266 1476 1285 ,
1497 1238 1766 1293 receperunt
1776 1230 1960 1279 Ernest.
1971 1233 2046 1292 Bi·

1154 1299 1277 1349 pont.
1296 1290 1457 1340 Oberl.
1476 1289 1614 1335 Bekk.
1629 1288 1799 1334 He’rtel.
1813 1324 1826 1343 ,
1859 1291 2050 1343 eandem

1156 1348 1423 1405 scripturam
1438 1348 1731 1392 exhibuerunt
1742 1341 2055 1402 MSS.Vaticc.'

1154 1403 1283 1449 3429.
1301 1405 1347 1447 in
1369 1406 1582 1464 margine,
1603 1406 1730 1450 4498.
1744 1406 1791 1457 in
1814 1412 1950 1449 textu.
1983 1405 2049 1448 Ex

1156 1462 1479 1507 Vaticanorum
1506 1462 1728 1519 librorum
1753 1458 2049 1507 fluctuatione

1156 1529 1356 1565 veterem
1390 1536 1482 1563 esse
1516 1520 1763 1578 scripturae
1789 1517 2049 1579 discrepan-

1155 1577 1260 1621 tiam
1293 1583 1413 1621 recte
1449 1576 1723 1638 colligimus.
1787 1575 2055 1637 ‚Utrumque

1155 1633 1388 1692 probabile
1407 1642 1495 1689 est,
1525 1649 1629 1677 nam
1654 1635 1690 1678 si
1714 1633 2054 1697 receperis-”exg

1156 1691 1414 1748 actionem,
1447 1692 1666 1735 sententia
1690 1690 1802 1739 haec
1823 1691 1934 1740 eritz'
1966 1703 2044 1736 ex-

1154 1749 1379 1793 actionem
1411 1748 1713 1802 tributorum,
1766 1764 1864 1794 rem
1900 1747 2053 1797 cuivis*

1153 1806 1409 1864 provinciae
1431 1806 1809 1859 molestissimam,
1831 1823 1884 1850 eo
1900 1804 2051 1852 molli-

1151 1863 1241 1915 vit,
1266 1863 1389 1923 quod
1407 1863 1770 1921 inaequalitatem
1788 1863 2053 1922 munerum,

1186 1921 1315 1980 uippe
1353 1936 1465 1977 quae
1500 1922 1623 1979 prius
1660 1921 1957 1979 provinciales
1982 1919 2054 1977 ‘ofli

1150 1937 1346 2021 ilenderit
1391 1978 1688 2022 cummaxime
1712 2011 1726 2030 ,
1793 1977 1972 2023 tolleret·
2008 1989 2054 2025 et

1152 2034 1396 2093 unicuique
1414 2051 1498 2096 pro
1521 2036 1682 2093 opibus
1705 2052 1756 2079 ea
1778 2036 2051 2095 imponeret.

1150 2094 1430 2136 Auctionem
1470 2093 1548 2136 ubi
1582 2093 1834 2139 servaveris
1867 2093 2054 2138 exedi-⁸

1150 2150 1351 2195 tionibus
1396 2151 1649 2203 veteribus,
1700 2150 1922 2210 intelliges
1964 2161 2050 2198 att-'⁴

1153 2208 1351 2252 ctionem
1397 2207 1675 2251 tributorum
1709 2220 1735 2253 a
1774 2206 2049 2276 Vespasiano

1153 2263 1404 2323 provinciis
1427 2266 1598 2308 recenti
1615 2281 1834 2314 memoria
1855 2282 2049 2325 impera·
2109 2278 2121 2292 ⁶

1152 2330 1262 2367 tam.
1297 2378 1300 2385 ²
1325 2320 1485 2365 Narrat
1511 2323 1633 2365 enim
1658 2322 2053 2394 Sueton.Vespas;.

1153 2396 1194 2423 c.
1222 2380 1290 2423 16.
1308 2394 1320 2422 :
1350 2394 1445 2422 non
1467 2381 1593 2422 enim
1615 2379 1856 2434 contentus·
1874 2387 2052 2425 omissa

1136 2439 1231 2498 ,ἧς-αὑ
1281 2435 1437 2479 Galba
1487 2437 1738 2492 vectigalia
1791 2450 2049 2490 revocasse,

1149 2509 1274 2536 nova
1314 2500 1359 2536 et
1402 2495 1568 2550 gravia
1609 2497 1872 2552 addidisse,
1937 2504 2052 2541 au·

1153 2552 1221 2596 xi
1229 2565 1327 2594 sse
1361 2553 1604 2595 tributa
1632 2553 1893 2607 provinciis
1923 2566 2051 2596 non—

1156 2610 1299 2652 nullis
1320 2617 1367 2652 ει
1391 2611 1671 2664 duplicasse.
1733 2609 1866 2655 Adde
1887 2611 2051 2670 xiphi-s

1155 2667 1234 2710 lin.
1271 2666 1340 2714 66,
1373 2667 1414 2710 8.
1482 2665 1591 2709 Eam
1629 2681 1739 2711 vero
1778 2667 2053 2726 auctionem,

1154 2732 1311 2782 utpote
1356 2723 1610 2781 graviorem
1646 2724 1790 2766 multo
1822 2732 1866 2768 et
1898 2725 2048 2771 mole·

1148 2781 1331 2824 stiorem
1356 2796 1468 2828 rem,
1491 2780 1525 2823 si
1546 2780 1748 2839 mitigar'e
1769 2779 2048 2839 aliquatenus

1149 2837 1320 2882 studuit
1361 2837 1602 2894 Agricola,
1655 2837 1816 2882 maiori
1865 2849 2047 2886 verten-

1151 2895 1260 2938 dum
1295 2900 1390 2937 erat
1424 2895 1568 2947 laudi,
1611 2908 1747 2952 quam
1773 2897 1812 2940 si
1833 2895 1954 2942 idem
1976 2898 2050 2943 fe-

1150 2953 1262 2997 cisse
1294 2967 1398 2999 eum
1424 2951 1472 2994 in
1495 2954 1747 3006 exactione,
1783 2954 1899 2998 iusta
1928 2957 2049 3001 scili·

1152 3018 1223 3053 cet
1251 3017 1294 3050 et
1319 3009 1541 3065 legitima,
1573 3009 1827 3054 tradidisset
1847 3011 2048 3062 Tacitus.

1152 3065 1549 3124 Acquiescendum
1571 3067 1711 3123 igitur
1734 3067 1854 3113 duco
1868 3069 1921 3114 'in
1939 3071 2048 3115 scri·

1152 3132 1282 3182 ptura
1305 3124 1500 3182 vulgata.
1563 3124 1733 3169 Eadem
1755 3127 1942 3173 varietas
1954 3131 2046 3175 An.

1151 3178 1223 3234 13,
1247 3180 1318 3224 51.

1211 3265 1501 3320 aequalitate
1526 3279 1796 3311 munerum.
1843 3266 1947 3315 MS.
1962 3268 2047 3316 Va·

1153 3323 1229 3367 tic.
1253 3321 1382 3366 8429.
1410 3323 1526 3377 (test.
1554 3321 1752 3380 Dronk.)
1789 3325 1838 3373 in
1866 3341 2049 3382 aequa-

1155 3383 1339 3423 litatem
1354 3410 1366 3427 ,
1410 3380 1528 3423 unde
1552 3388 1654 3426 nata
1678 3388 1743 3424 est
1763 3381 1950 3430 Beckeri
1964 3394 2048 3432 'su-

1155 3436 1321 3496 spicio:
1351 3438 1631 3481 tributorum
1652 3439 1917 3486 auctt‘onem
1931 3443 2049 3498 etjn

1154 3495 1498 3550 aequalitatem
1551 3509 1815 3542 tannetum.
1844 3500 2045 3553 motha-e,

1159 3550 1391 3599 Acidalius
1446 3558 1489 3595 et
1546 3553 1753 3601 Muretus
1810 3556 2045 3612 aequitate
