2150 4022
427 236 672 299 11JL11
717 216 1039 298 AGRIC.
1085 237 1326 298 v1TA
1368 237 1567 300 CAP.
1607 241 1705 303 32,
1871 242 1991 299 183

140 371 301 441 „alia
335 379 436 425 est„
522 385 740 442 paucos
769 386 1049 434 numer0‚
1091 365 1314 425 circum
1338 369 1599 444 trepidos
1636 366 1991 441 ignorantia,

138 455 411 526 „codmn
437 453 630 527 ipsum
656 473 721 507 ac
745 472 907 508 mare
932 463 988 508 et
1015 452 1216 521 silvas»,
1261 453 1460 526 ignota·
1495 453 1696 511 omnia
1734 454 1988 510 circum-

133 549 530 615 ‚‚spectameS‚
579 538 806 593 clausos
846 538 1284 613 quodammodo
1326 559 1391 594 ac
1429 539 1660 596 vinctos
1692 539 1778 595 dii
1810 539 1988 597 nobis

133 625 568 695 „tradiderunn
654 643 730 677 ne
764 633 979 678 terreat
1002 642 1190 678 vanus
1214 623 1520 697 adspectus
1550 636 1607 681 et
1635 624 1765 680 auri
1787 625 1985 697 fulgor

133 721 353 785 „atque
390 707 646 780 argenti,
699 709 858 784 quod
900 728 1092 784 neque
1132 707 1275 780 tegit
1310 728 1501 783 neque
1539 710 1830 768 vulnerat.
1916 709 1982 764 in

133 795 306 868 „ipsa
327 791 586 850 hostium
613 793 734 849 acie
759 793 1129 850 inveniemus
1153 803 1383 849 nostras
1407 813 1639 850 manus:
1669 805 1985 867 agnoscent

132 879 456 950 „Britanni
496 898 659 934 suam
699 898 962 948 causeum
1018 879 1491 940 recordabuntur
1521 877 1685 935 Galli
1721 880 1979 953 priorem

129 965 538 1034 „libertatem3
610 961 878 1020 deserent
917 964 1053 1020 illos
1094 964 1273 1029 ceteri
1314 961 1636 1032 Germani,
1692 975 1978 1041 tanquam

129 1096 163 1120 „
178 1071 367 1126 nuper
391 1048 591 1124 Usipii
618 1049 1004 1126 reliquerunt.

129 1269 419 1318 exercebant,
470 1285 635 1326 eosque
669 1267 838 1326 opponi
875 1269 1014 1312 credo

129 1326 370 1375 militibus,
421 1327 496 1384 qui
535 1326 732 1369 delectus
765 1326 860 1382 lege
892 1342 916 1367 e
953 1327 1017 1370 ci-

127 1384 253 1429 vium
290 1384 602 1426 Romanorum
645 1398 839 1425 numero
881 1391 925 1424 et
968 1400 1018 1426 ex

126 1440 378 1498 provinciis
414 1441 467 1483 ad
505 1441 748 1484 exercitum
782 1449 1018 1484 venerant.

126 1497 197 1542 Cf.
221 1498 312 1541 An.
334 1499 376 1551 4,
395 1498 441 1541 4.
475 1499 796 1540 voluntarium
817 1497 1016 1540 militem

124 1558 310 1604 deesse:
348 1571 404 1598 ac
425 1555 471 1597 si
489 1556 751 1610 suppeditet
765 1587 777 1609 ,
813 1570 909 1597 mm
931 1571 1016 1597 ea·-

123 1615 235 1655 dcm
269 1615 441 1655 virtute
479 1629 535 1655 ac
576 1614 811 1654 modestia
855 1627 1013 1667 agere,

122 1671 234 1724 quia
248 1673 524 1725 plerumque
545 1672 705 1722 inopes
726 1685 781 1712 ac
804 1671 912 1724 vagi
933 1672 1016 1712 mi·

122 1728 277 1769 titiam
305 1735 519 1770 sumant.
575 1727 1014 1780 [Commendeturne

125 1801 174 1827 ea
231 1800 258 1826 o
295 1785 412 1832 inio,
475 1801 525 1827 ex
568 1800 654 1842 qua
698 1783 1016 1842 intelliguntur

121 1841 241 1887 servi
260 1800 499 1900 libertique
519 1841 564 1884 in
585 1842 794 1885 cohortes
814 1841 1016 1899 recepti?

124 1898 185 1942 cf.
220 1901 308 1944 An.
346 1898 412 1950 14,
444 1898 487 1942 7.
528 1901 742 1941 cohortes
779 1899 924 1942 etiam
965 1899 1015 1941 in

123 1957 239 1999 urbe
259 1957 582 2011 conscriptasL
644 1956 791 2014 Vulgo
814 1959 912 1998 alia
933 1972 1014 2000 vo-

119 2029 221 2057 cem
262 2013 614 2073 interpretantur
650 2013 826 2057 diversa
860 2031 884 2057 a
917 2012 1013 2056 Bri-

121 2073 288 2115 tannia.
387 2071 539 2123 „Aliis
605 2072 746 2129 patria
812 2071 1012 2129 quidem,

119 2127 354 2171 l)ronl‹ius
376 2129 544 2184 inquit,
584 2131 658 2171 sed
687 2145 783 2172 eam
810 2145 905 2171 non
928 2129 1010 2171 de·

121 2185 311 2229 fendunt
345 2186 392 2228 in
425 2185 721 2238 Britannia'’;
766 2189 833 2229 sie
866 2185 1011 2227 hiim-

116 2243 234 2298 psen
276 2245 397 2286 nicht
433 2246 480 2285 in
515 2246 665 2286 iltrem
701 2244 751 2284 V
745 2246 1008 2298 aterhande,

120 2299 393 2350 Walchius,
441 2301 518 2343 sed
561 2300 606 2343 id
649 2300 815 2345 nullius
853 2310 918 2343 est
954 2302 1008 2344 ad

120 2373 215 2399 rem
242 2357 478 2400 momenti.

172 2428 350 2468 paucos
368 2429 564 2455 numero
578 2447 588 2464 ‚
617 2415 786 2456 circum
806 2417 1008 2469 trepidos

119 2473 401 2526 ignorantia.
447 2470 626 2514 Paucos
646 2486 860 2522 numero,
883 2472 1005 2529 quod

120 2529 166 2571 in
211 2527 334 2571 libris
379 2527 571 2584 antiquis
628 2529 846 2586 scriptum
899 2538 1006 2580 erat,

119 2585 289 2645 Lipsius
324 2587 522 2629 mutabat
557 2586 600 2627 in
628 2601 806 2640 paucos
835 2602 1004 2628 nunne-

119 2657 221 2694 ros‚
281 2651 330 2686 ut
372 2642 733 2700 intelligerentur
781 2643 1005 2688 cohortes.

118 2701 180 2745 cf.
212 2710 307 2746 not.
344 2700 399 2744 ad
438 2700 547 2743 Hist.
575 2702 610 2750 1,
633 2702 675 2743 6.
732 2701 1003 2744 Retinebant

117 2758 368 2817 Lipsianam
426 2758 754 2802 correctionem
808 2756 1007 2801 Piehena

117 2831 214 2874 sqq.
238 2817 293 2859 ad
320 2814 588 2858 Broterium.
644 2830 848 2858 numero
869 2814 1008 2871 vulgo

119 2873 185 2916 sic
220 2873 319 2916 addi
354 2872 492 2920 solet,
533 2871 648 2915 velut
680 2875 795 2930 apud
823 2872 917 2915 Cic.
950 2874 1004 2914 de

121 2940 232 2973 orat.
266 2931 306 2981 2,
335 2931 404 2979 28,
441 2929 535 2973 123.
573 2932 687 2973 haec
731 2939 846 2973 sunt
881 2930 1003 2971 enim

119 2988 216 3028 tria
245 3001 469 3037 ηυηιενυς
506 2986 606 3031 Liv.
632 2989 674 3039 Ξ,
709 2989 775 3030 16.
811 2987 1011 3029 trecenti

119 3058 342 3095 numer03
388 3043 542 3087 lustin.
581 3047 645 3092 10,
686 3047 723 3086 1.
766 3048 895 3099 apud
938 3051 1004 3086 tot

118 3116 310 3144 numero
330 3102 488 3156 filios,
527 3118 599 3144 ma
634 3103 756 3169 isque
790 3103 833 3145 h.
866 3099 896 3144 l.
928 3118 1005 3144 re-

119 3159 312 3215 quiritur
340 3159 385 3201 id
417 3159 474 3200 ob
499 3118 843 3216 paraffielismum
866 3175 1010 3201 mem--

120 3215 323 3258 brorum.
373 3216 609 3273 l‘erperam
635 3233 736 3259 vero
760 3216 1002 3274 explicant:

118 3274 272 3338 pauci,
303 3274 375 3330 qui
410 3281 512 3315 sunt
543 3272 589 3315 in
624 3290 816 3316 numero
849 3273 1007 3331 aliquo

120 3346 149 3371 ι.
182 3347 222 3373 e.
264 3332 419 3389 pretio.
469 3355 515 3363 --
588 3332 760 3380 circum
795 3333 1002 3384 trepidos

121 3396 253 3430 exstat
303 3388 352 3430 in
409 3387 531 3430 libris
588 3388 780 3445 antiquis
806 3422 817 3438 ,
882 3405 998 3445 quo-

122 3459 224 3487 rum
255 3444 461 3488 nonnulli
497 3447 899 3500 circumtrepidos,
954 3454 1002 3487 ut

124 3516 213 3544 una
230 3502 286 3543 sit
307 3520 401 3546 vsox.
464 3503 734 3560 interpretes
757 3505 843 3545 vim
871 3519 1000 3548 voca·

123 3558 223 3603 buli
259 3560 350 3603 eius
404 3560 660 3616 ignorantes
711 3569 786 3604 aut
835 3560 1006 3605 deleve·

1089 1046 1210 1106 Nec
1235 1049 1559 1133 quidquam
1582 1049 1736 1105 ultra
1767 1048 1978 1107 formi-

1088 1277 1196 1311 rnnt
1241 1267 1532 1326 particulam,
1583 1277 1633 1312 ut
1675 1267 1982 1315 Heumannus‚

1091 1326 1338 1371 Oberlinus
1389 1325 1577 1383 aliique,
1644 1333 1720 1370 aut
1767 1339 1978 1367 correxe-

1087 1394 1220 1435 runt,
1254 1392 1304 1425 ut
1336 1383 1593 1433 Emesfius,
1623 1384 1694 1426 cui
1731 1382 1899 1425 ciw'um
1932 1379 1983 1423 in

1088 1450 1288 1485 mentem
1313 1441 1463 1492 venit,
1506 1440 1737 1498 Anquetil.
1760 1437 1845 1494 (cf.
1869 1437 1980 1481 See-

1088 1499 1194 1542 hod.
1223 1498 1430 1542 biblioth.
1452 1498 1551 1541 crit.
1570 1515 1610 1542 a.
1628 1497 1755 1541 1819.
1776 1513 1820 1553 p.
1837 1495 1983 1550 1054.)

1089 1565 1130 1600 et
1152 1556 1347 1599 Seebod.
1375 1558 1578 1597 Iocorum
1607 1555 1819 1610 trepidos
1846 1554 1979 1607 igno-

1086 1614 1275 1667 rantia,
1327 1612 1602 1664 Walchius,
1653 1612 1728 1665 cui
1767 1614 1982 1653 locorum

1088 1671 1160 1716 vel
1186 1671 1430 1724 regionum
1455 1669 1520 1712 vel
1552 1672 1735 1713 viarum
1764 1667 1979 1712 excidisse

1087 1728 1283 1773 videtur.
1383 1727 1594 1779 Frustra,
1652 1743 1756 1770 nam
1810 1727 1980 1768 circum

1088 1784 1286 1829 adverbii
1321 1786 1425 1829 loco
1457 1793 1523 1827 est
1555 1785 1609 1828 ad
1642 1784 1735 1830 vim
1774 1782 1983 1836 trepidos

1088 1841 1297 1889 vocabuli
1319 1842 1582 1899 augendam,
1596 1851 1647 1886 ut
1668 1840 1748 1884 sit:
1773 1854 1979 1898 quocun·

1087 1917 1174 1958 que
1218 1916 1264 1942 se
1308 1906 1517 1951 vertunt,
1572 1915 1622 1942 ex
1666 1899 1794 1941 omni
1836 1904 1978 1955 parte.

1085 1959 1121 2001 F
1123 1965 1359 2016 requentat
1379 1964 1529 1999 noster
1549 1956 1595 1998 id
1615 1955 1898 2003 adverbium,
1927 1962 1979 1996 ut

1085 2017 1175 2059 An.
1205 2018 1242 2069 1,
1266 2013 1340 2057 4⁰.
1363 2013 1433 2058 63.
1457 2013 1513 2055 64
1549 2011 1619 2057 65.
1643 2021 1732 2057 etc.
1767 2039 1827 2051 -—
1886 2009 1978 2053 Pro

1083 2074 1526 2126 circumspectantes
1541 2070 1753 2113 Doed‘ert.
1779 2069 1976 2112 scriben-

1085 2129 1192 2172 dum
1223 2131 1358 2171 suasit
1379 2130 1553 2171 circum
1570 2135 1844 2183 spectantes,
1904 2143 1974 2168 ro-

1083 2188 1236 2231 batum
1260 2186 1373 2230 illud
1394 2204 1418 2230 a
1442 2186 1644 2230 B'eckero
1666 2195 1707 2228 et
1731 2185 1866 2228 H'erte
1884 2183 1946 2226 io.

1138 2289 1311 2330 vinctos
1361 2289 1428 2329 dii
1472 2287 1606 2328 nobis
1652 2286 1969 2327 tradiderunt.

1079 2344 1194 2388 Edd.
1229 2345 1333 2388 Put.
1366 2361 1431 2403 pr.
1465 2344 1589 2386 Med.
1617 2344 1730 2385 Ven.
1762 2340 1971 2383 Beroatd.

1081 2402 1223 2445 Rhen.
1237 2400 1338 2445 Alc.
1362 2403 1585 2444 victos.—
1617 2400 1665 2443 in
1687 2399 1865 2442 estniv.
1893 2414 1968 2440 ex-

1077 2466 1162 2501 stat
1197 2461 1396 2510 vinctos,
1450 2457 1575 2517 quod
1613 2457 1718 2499 inde
1763 2473 1787 2498 a
1820 2455 1971 2512 Lipsio

1078 2524 1346 2571 receperunt
1378 2530 1546 2558 omnes.
1605 2513 1816 2556 Eiusdem
1833 2512 1971 2571 bipsii

1077 2567 1292 2629 palmaria
1313 2580 1379 2615 est?
1405 2571 1659 2615 emendatio
1689 2572 1759 2613 dii
1784 2585 1872 2628 pro
1892 2585 1968 2626 an-

1075 2629 1297 2687 tiquarum
1317 2630 1423 2672 edd.
1437 2630 1532 2679 alii,
1554 2628 1668 2671 illud
1688 2637 1839 2671 tamnen
1860 2641 1971 2672 cum

1074 2687 1263 2743 quadam
1298 2686 1540 2745 pertinacia
1571 2701 1767 2729 servasse
1799 2702 1844 2727 se
1873 2684 1969 2741 glo·

1077 2743 1215 2785 riatur
1226 2743 1403 2788 Dronk.
1417 2742 1590 2802 priores
1603 2742 1857 2801 intelligens
1872 2741 1967 2785 Bri·

1076 2809 1237 2844 tannos
1258 2818 1359 2846 cum
1377 2801 1609 2844 Rhenano.
1645 2799 1752 2856 Quo
1777 2799 1969 2844 ieiunius

1077 2858 1320 2916 quidquam
1351 2857 1588 2917 excogitari
1611 2857 1786 2916 nequit.

1133 2961 1526 3002 recardabaemtur.
1580 2959 1656 3003 Sic
1689 2959 1819 3002 tacite
1852 2976 1957 3002 cot:-

1076 3019 1182 3061 rexit
1211 3017 1452 3059 Rhenanus
1475 3015 1683 3074 priorum
1712 3017 1962 3060 editionum

1075 3077 1402 3118 recordabunt.

1132 3166 1367 3213 tanquam
1390 3189 1402 3201 .
1423 3189 1443 3203 t
1460 3161 1763 3216 reliquerunt.
1828 3158 1872 3200 T
1868 3173 1959 3199 an·—

1075 3231 1219 3271 quam
1265 3215 1504 3273 particula,
1557 3217 1685 3261 cuius
1725 3217 1829 3258 satis
1866 3215 1956 3257 fre—

1075 3288 1214 3330 quens
1247 3280 1311 3314 est
1346 3274 1407 3320 ad.
1437 3274 1716 3332 metaphoras
1749 3272 1960 3315 audacio-

1074 3347 1151 3372 res2
1183 3329 1456 3388 mitigandas
1493 3348 1621 3381 usuS‚
1687 3330 1714 3372 h
1763 3331 1790 3372 l.
1833 3346 1958 3374 usur-

1071 3395 1200 3444 patur
1223 3402 1304 3444 pro
1328 3391 1723 3444 quemadmodum
1740 3423 1750 3442 ,
1798 3390 1959 3444 veluti,

1070 3459 1169 3485 non
1185 3457 1313 3487 secus
1336 3460 1418 3502 ac,
1446 3448 1608 3495 Sicuti,
1644 3454 1692 3486 ut
1715 3446 1831 3502 apud
1860 3444 1959 3490 Cic.

1071 3501 1208 3544 Tusc.
1234 3501 1349 3562 disp.
1371 3507 1411 3558 5,
1438 3506 1480 3557 5,
1503 3504 1566 3549 13.
1599 3503 1656 3543 de
1686 3511 1851 3546 senect.
1887 3504 1967 3551 23,

1073 3558 1144 3602 83.
1168 3558 1294 3604 alibi„
1318 3590 1374 3600 ..-
1432 3563 1526 3606 Pro
1554 3560 1834 3614 reliquerunt
1855 3560 1962 3605 edd-t
