2150 4022
226 241 353 304 304

1336 136 1342 161 ἱ
1423 155 1425 160 ,

614 222 850 299 x=n'DE
910 236 1589 304 ORATORIBUS-

215 385 422 449 ’etflnec
458 367 756 446 accipiunt
790 380 1086 445 tempora,
1141 372 1243 428 sed
1274 372 1671 443 constituunt,
1727 390 1837 431 nec
1870 362 2070 449 exspe-

225 459 502 516 ctandum
536 450 761 512 habent
800 466 1123 524 oratorem,
1171 457 1314 513 dum
1350 457 1664 519 illi›„1ibeat
1699 456 1930 534 de‘ipso
1962 478 2072 515 ne-

223 543 381 618 gotio
408 541 632 610 dicere,
675 541 779 596 sed
808 559 975 615 saepe
1000 541 1158 597 ultro
1186 542 1508 601 admonent
1531 555 1705 621 atque
1730 543 1847 600 alio
1876 542 2072 602 trans—‘-

223 627 585 703 gredientem
610 635 890 682 revocant
920 636 976 682 et
998 625 1275 683 festinare
1306 646 1366 683 se
1390 638 1696 689 testantur.
2010 624 2015 629 ⁵

396 762 530 824 XX.
577 761 727 835 Quis
767 782 927 819 nunc
954 754 1102 819 feret
1126 742 1419 820 oratorem
1447 765 1520 821 de
1546 765 1883 823 infirmitate
1914 763 2076 820 vale-

222 849 450 908 tudinis
473 869 610 905 suae
639 848 1038 925 prae-fantem?
1081 848 1276 924 qualia
1304 861 1442 906 sunt
1465 850 1587 906 fere
1611 851 1903 927 principia
1918 847 2072 906 Cor-

213 935 372 1000 ¹vini.
416 940 418 942 ’

480 936 612 1012 quis
679 933 942 1010 quinque
1008 933 1073 989 in
1123 932 1373 990 Verrem
1432 934 1619 992 libros
1680 933 2078 1013 exspectabit?

226 1021 359 1100 quis
397 1021 470 1078 de
508 1018 846 1095 exceptione
887 1028 942 1075 et
980 1019 1238 1076 formula
1277 1020 1637 1096 perpetietur
1668 1022 1772 1080 illa
1807 1021 2074 1078 inmensa

225 1267 465 1313 stituerunt
491 1264 667 1309 Dronk.
693 1264 867 1308 Osann.
904 1262 1115 1320 [Bekker.

224 1333 270 1370 et
299 1323 612 1375 Boetticher.].
675 1322 969 1373 Rectissime,
1009 1337 1117 1364 nam

214 1389 520 1442 ‘opponuntur
542 1379 615 1424 hic
645 1381 743 1422 iure
774 1388 816 1422 et
849 1381 1044 1433 legibus,
1076 1385 1119 1422 et

224 1443 373 1484 solent
395 1453 646 1496 synonyma
668 1437 818 1496 potius
841 1453 921 1495 per
942 1443 986 1478 et
1010 1451 1118 1480 cone

223 1497 375 1554 iungi,
408 1510 540 1554 quam
570 1511 647 1552 per
671 1501 778 1549 aut,
827 1495 946 1552 quod
973 1509 1024 1534 ex
1050 1494 1119 1537 Li-

225 1555 310 1615 psii
371 1552 681 1597 emendatione
732 1558 965 1610 sequentes
1016 1551 1119 1594 edd.

216 1618 485 1659 'servat-unt.
544 1609 615 1653 De
639 1626 685 1653 re
715 1609 799 1653 cfr.
826 1609 986 1665 Quint.
1010 1608 1121 1651 Inst.

227 1687 294 1717 or.
331 1670 372 1720 4,
406 1669 446 1722 5,
484 1670 550 1712 10.
587 1667 789 1725 festinat
821 1667 944 1708 enim
980 1666 1125 1709 iudex

226 1732 292 1772 ad
330 1729 402 1782 id,
457 1726 581 1783 quod
611 1725 994 1779 potentissimum
1035 1731 1126 1776 est,

226 1795 270 1831 et
310 1787 434 1828 velut
477 1785 739 1838 obligatum
769 1781 1006 1836 promisso
1036 1797 1122 1835 pa·

226 1854 440 1897 tronum,
478 1844 524 1885 si
543 1848 614 1883 est
635 1840 914 1893 patientior,
955 1841 1123 1881 tacitus

227 1903 459 1958 appellat‚·
506 1900 551 1942 si
580 1900 653 1940 vel
691 1903 939 1950 occupatus
972 1899 1045 1938 vel
1070 1898 1118 1938 in

225 1961 388 2015 aliqua
412 1962 646 2012 potestate
668 1958 737 1998 vel
760 1957 905 1997 etiam
938 1955 985 1995 si
1014 1969 1120 1995 mo-

228 2019 360 2061 ribus
387 2015 739 2067 ίηοοιηροειίιιε,
784 2027 889 2053 cum
922 2013 1120 2053 convicio

227 2073 485 2132 efflagitat,
513 2071 630 2115 idem
652 2071 693 2118 4,
714 2075 749 2122 1,
764 2069 835 2112 72.
863 2070 1119 2124 aliquando

229 2141 392 2177 tamen
413 2129 504 2181 uti,
534 2143 614 2170 nec
635 2129 681 2170 si
699 2128 915 2180 velimus,
960 2141 1014 2168 eo
1037 2127 1119 2181 (se.

225 2187 487 2244 prooemio)
516 2187 647 2240 licet,
690 2199 793 2226 cum
814 2185 961 2226 iudex
985 2198 1122 2225 occu-

225 2254 397 2304 patus,
452 2259 559 2286 cum
604 2250 808 2296 angusta
853 2248 962 2284 sunt
1006 2248 1120 2282 tem·

226 2319 374 2361 pora,
417 2317 521 2344 cum
543 2301 694 2342 maior
707 2306 918 2353 potestas
941 2300 999 2341 ab
1019 2300 1122 2352 ipsa

230 2378 283 2406 re
305 2361 422 2415 cogit
445 2359 662 2412 incipere.

288 2426 333 2462 et
355 2432 435 2460 nec
458 2418 700 2471 accaepiunt.
758 2429 844 2456 nec
867 2429 958 2456 0111.
985 2412 1123 2457 MSS.

231 2479 371 2535 Neap.
410 2477 474 2527 [et
503 2473 639 2516 Farn.
682 2481 712 2516 t.
750 2470 939 2527 Bekk.],
986 2486 1125 2529 copu-

232 2536 324 2579 lam
348 2541 391 2575 et
424 2547 530 2577 cum
552 2531 820 2573 Heumanno
846 2528 1026 2572 schulz.
1051 2529 1124 2572 de·

226 2593 364 2641 levit,
426 2606 472 2632 er
506 2605 641 2633 eram.
703 2587 836 2642 [Vide
851 2586 1124 2631 Hand.Tur-

231 2606 504 2695 sellinR'oi'.
520 2646 576 2690 ΙΙ.
603 2645 780 2704 p.535.]
809 2670 860 2678 —
906 2644 997 2688 Pro
1023 2660 1124 2687 con-

231 2710 431 2752 stituunt
462 2705 534 2749 ed.
560 2703 678 2761 Spir.
715 2703 971 2747 consistunt
1004 2718 1128 2761 prae·

225 2766 327 2808 bet.

294 2822 391 2866 CAP
423 2821 496 2863 20.
547 2819 687 2874 feret.
748 2818 824 2861 Sic
837 2817 970 2861 MSS.
985 2817 1127 2876 Neap.

235 2880 392 2936 [Farn.
439 2885 473 2922 t.
518 2875 734 2931 Bekker.]
784 2883 826 2917 et
874 2875 944 2918 ed.
988 2875 1126 2932 Spir.,

232 2936 352 2980 unde
373 2935 577 2976 futurum
599 2934 756 2977 ascivit
772 2932 971 2976 Orellius
994 2934 1127 2990 [,post

235 3008 339 3038 eum
370 2990 554 3034 Bekker.
580 2990 802 3035 Boettich.
830 2999 873 3032 et
896 2991 1125 3050 Rupert.].

233 3050 400 3094 Eadem
439 3049 660 3106 scriptura
687 3058 821 3091 exstat
845 3047 963 3090 haud
993 3047 1126 3090 dubie

233 3109 282 3152 in
317 3106 455 3151 MSS.
489 3104 687 3156 Vatiae„
736 3122 782 3148 ex
816 3105 978 3163 quibus
1014 3121 1127 3161 quae

236 3163 471 3209 Broterius
504 3162 702 3233 ³d¹¹¹¹³½
727 3172 878 3220 aperto
914 3170 1125 3219 corrupta

234 3231 353 3268 sunt.
430 3219 629 3276 ‚,serat,
692 3237 735 3262 in
782 3222 875 3263 eius
924 3221 1028 3264 Not.
1083 3226 1127 3261 et

228 3279 491 3323 Emendatt.
523 3276 739 3336 scriptum
777 3285 863 3320 est:
901 3277 959 3321 ita
991 3276 1125 3321 MSS.

235 3336 406 3382 Vaticc.
429 3345 472 3380 et
495 3333 711 3378 editiones
736 3344 901 3377 veteres
924 3345 1023 3378 ante
1049 3335 1127 3376 Be-

236 3393 471 3442 roaldum,
515 3391 590 3450 qui
627 3391 906 3443 emendavit,
939 3392 1124 3449 feret‘'‚

236 3467 326 3510 quo
364 3466 519 3493 errore
553 3448 727 3492 Seebod
779 3465 959 3507 quoque
998 3450 1123 3494 dece·

270 3519 337 3552 tus
399 3506 608 3550 Beroatd.
672 3508 805 3562 seret
872 3507 1120 3564 adscripsit.

259 3580 383 3609 mmo
406 3563 614 3610 Beroatd.
638 3564 809 3624 primus
823 3565 962 3620 serat
985 3562 1123 3608 edidit

1188 1281 1383 1324 eumque
1428 1266 1701 1324 posteriores
1744 1266 1920 1326 sequuti
1960 1274 2077 1319 sunt,

1189 1332 1232 1367 et
1261 1324 1491 1368 Ernestius
1531 1325 1739 1368 consulto
1772 1324 2022 1370 orationem
2051 1338 2078 1367 a

1187 1381 1356 1426 Nostro
1389 1381 1437 1425 in
1469 1385 1811 1436 exspectaverit
1841 1391 1884 1427 et
1907 1395 2076 1438 perpe·
2100 1394 2113 1405 ³

1189 1442 1332 1482 tz'etur
1359 1439 1573 1484 variatam
1607 1455 1700 1483 esse
1734 1442 1930 1499 putabat.
1988 1429 2091 1496 Sed

1190 1505 1238 1539 ut
1269 1498 1397 1555 prius
1431 1496 1540 1541 iilud
1576 1496 1799 1542 librorum
1827 1498 1915 1542 fide
1939 1497 2089 1554 caret?

1190 1554 1251 1599 ita
1283 1555 1326 1599 h.
1353 1556 1383 1598 Ι.
1404 1571 1585 1614 quoque
1603 1555 1810 1600 futurum
1831 1557 2082 1602 rectissime

1191 1613 1448 1657 restitutum
1474 1621 1554 1657 est.

1250 1700 1309 1740 de
1331 1697 1612 1754 infirmitate
1641 1701 1936 1744 valetudinis.
1993 1701 2080 1747 Ed.

1193 1755 1314 1815 Spir.
1338 1756 1562 1810 ifim'tate.
1598 1779 1655 1790 —
1676 1811 1678 1813 ‚
1712 1757 1812 1803 MS.
1839 1756 1977 1819 Neap.
2003 1775 2081 1803 va·

1194 1814 1430 1869 litudint‘s,
1475 1821 1523 1856 ut
1544 1831 1589 1859 se
1626 1848 1635 1858 .
1662 1815 1761 1874 cap.
1792 1814 2083 1862 valitudina-

1194 1873 1297 1926 rio,
1341 1888 1474 1929 quam
1499 1887 1605 1916 voca
1640 1872 1702 1919 uli
1728 1873 1925 1918 formam
1958 1891 2082 1933 prae·

1193 1930 1295 1973 tulit
1326 1929 1468 1972 Beier.
1506 1931 1561 1975 ad
1593 1929 1691 1976 Cic.
1725 1931 1817 1976 Off.
1853 1934 1892 1983 1.
1914 1933 1986 1983 27,
2006 1933 2082 1979 94.

1193 1987 1246 2031 T.
1275 1987 1308 2030 I.
1340 2003 1383 2045 p.
1410 1987 1508 2031 213.
1534 1995 1578 2030 et
1596 1988 1652 2032 ad
1674 1987 1795 2034 Lael.
1816 1990 1860 2039 2,
1882 1989 1924 2033 8.

1246 2072 1472 2126 principia
1529 2069 1734 2115 Corvini.
1836 2073 1974 2131 Quod
2033 2062 2090 2121 in*

1193 2127 1397 2171 Messalla
1423 2127 1622 2172 Corvino
1651 2129 1816 2175 Noster
1843 2131 2084 2192 vituperat,

1194 2185 1344 2230 laudat
1394 2185 1554 2242 Quint.
1604 2186 1711 2232 inst.
1762 2203 1830 2233 or.
1871 2190 1913 2240 4,
1954 2192 1994 2242 1,
2034 2190 2080 2236 9.

1194 2246 1426 2300 quaedam
1459 2245 1506 2285 in
1539 2244 1613 2286 his
1644 2259 1824 2303 quoque
1853 2259 2084 2293 eommen·

1193 2302 1323 2344 datio
1360 2301 1529 2355 tacita,
1581 2302 1626 2344 si
1658 2315 1748 2346 nos
1785 2304 2001 2361 infirmos
2038 2312 2086 2348 et

1194 2360 1404 2412 impares
1428 2359 1667 2413 agentium
1696 2368 1860 2404 contra
1891 2362 2085 2417 ingen&

1194 2416 1469 2459 dixerimus
1480 2433 1497 2467 ‚·
1535 2418 1695 2472 qualia
1717 2426 1831 2461 sant
1860 2422 2085 2476 pleraque

1195 2474 1452 2521 Messallae
1470 2475 1729 2528 prooemia.
1790 2475 1932 2529 Idem,
1957 2476 2084 2547 quod

1195 2531 1269 2575 hic
1301 2531 1354 2574 de
1379 2530 1583 2574 Corvino
1609 2532 1755 2590 Aper,
1798 2533 1854 2578 de
1885 2534 2086 2580 Curione

1196 2597 1346 2632 narrat
1373 2588 1532 2646 Quint.
1557 2588 1666 2633 lnst.
1689 2605 1756 2635 or.
1774 2590 1815 2643 6,
1835 2590 1877 2644 8,
1899 2591 1971 2636 76.

1260 2673 1561 2725 exspectabit.
1627 2671 1703 2716 Sie
1731 2672 1866 2719 MSS.
1905 2675 2082 2732 [Fama

1199 2741 1243 2776 et
1277 2730 1446 2773 Vatiec.
1494 2728 1576 2771 edd
1636 2728 1816 2776 muter.
1850 2731 1952 2790 Bip.
1982 2731 2084 2779 See·

1172 2783 1176 2788 i
1199 2789 1302 2833 bod.
1329 2784 1505 2830 Dronk.
1521 2787 1692 2830 Osann.
1709 2785 1853 2836 Orell.
1874 2789 2087 2843 [Bekker.

1200 2845 1513 2899 Boetticher.];
1570 2843 1801 2896 similiter,
1857 2846 1928 2891 fre
1962 2849 2085 2892 uenti

1199 2903 1464 2949 confusione
1502 2903 1572 2947 ed.
1593 2901 1712 2960 Spir.
1749 2912 1792 2949 et
1820 2905 1924 2951 MS.
1988 2922 2084 2964 eap.

1196 2960 1481 3015 expectavit,
1527 2961 1605 3004 sed
1646 2958 1692 3004 in
1737 2962 1837 3005 eod.
1874 2964 1902 3006 b
1938 2961 2086 3009 lium

1196 3017 1504 3076 suprascripta.
1565 3017 1772 3063 Correxit
1795 3018 2084 3072 Puteolanus,

1197 3077 1309 3119 bene
1342 3075 1613 3134 perspiciens
1653 3079 1942 3131 exspectavit
1972 3077 2084 3123 ferri

1197 3148 1290 3176 non
1344 3148 1498 3190 posse,
1559 3136 1902 3187 expectaverit.
1960 3136 2084 3195 quod

1198 3190 1291 3233 sive
1326 3191 1668 3246 exspectaverit
1697 3207 1854 3237 omnes
1880 3191 2085 3244 serese-

1197 3254 1382 3305 quentes
1404 3249 1702 3299 retinuerunt,
1763 3265 1891 3294 arum
1911 3245 2084 3294 referre

1198 3304 1430 3363 opinantes
1454 3314 1600 3349 utrum
1630 3306 1721 3351 exh'
1757 3314 1900 3354 eatur.

1253 3390 1354 3444 quis
1386 3393 1444 3432 de
1477 3394 1745 3445 exceptione
1777 3399 1823 3433 et
1843 3391 2081 3448 formula.

1195 3448 1296 3491 MS.
1324 3445 1462 3505 Neap.
1503 3458 1545 3492 et
1576 3447 1644 3492 ed.
1675 3446 1796 3506 Spir.
1833 3449 2083 3493 omiserunt

1194 3505 1555 3564 praepostionem
1579 3510 1664 3557 de,
1693 3519 1808 3563 quae
1829 3506 2081 3562 necessario

1194 3563 1452 3621 requiritur.
1519 3562 1707 3615 [Eadem
1741 3562 1864 3608 deest
1898 3563 1946 3608 in
1979 3563 2081 3609 eod.
