2150 4022
136 258 294 319 ‘174
467 255 711 318 IULII
759 254 1087 318 Aonie.
1120 222 1355 320 vv'rA
1396 238 1727 341 CAR-29.

166 410 275 470 per
306 389 563 446 lamenta
599 407 806 446 rursus
841 407 908 446 ac
943 385 1273 450 maerorem
1304 378 1677 453 muliebriter
1719 395 1876 457 tulit.
1925 389 1946 426 7
1961 379 2021 457 et

166 481 232 536 in
270 477 436 534 luctu
478 474 704 531 bellum
739 474 897 532 inter
928 478 1187 535 remedia
1230 489 1388 538 erat.-
1467 478 1656 555 Igitur
1699 483 2033 558 praemissa-

167 565 376 626 cIasse‚
429 579 579 636 quae
600 590 607 598 1-
619 560 893 635 pluribus
927 563 1072 620 locis
1106 564 1383 638 praedata
1417 585 1700 641 magnum
1732 581 1805 626 et'
1827 569 2021 626 incera-

163 661 293 707 tum
329 658 615 702 terrorem
645 647 889 715 faceret,
931 649 1200 723 expedito
1228 649 1512 721 exercitu,
1556 652 1653 708 cui
1682 673 1753 721 ex¹
1777 645 2021 712 Britanss

165 735 259 790 nis
296 731 647 788 fortissimos
673 740 743 788 'et
780 730 955 805 longa
986 749 1143 808 paee·
1177 735 1516 809 exploratos.
1557 738 1890 809 addideram
1945 729 2020 796 ad

164 829 428 876 montem
471 814 823 892 Grampium
870 818 1166 893 pervenit,
1238 840 1415 896 quem
1466 821 1584 878 iam
1632 819 1828 882 hostes
1862 825 2022 882 inse-

165 906 393 962 derant.
505 922 644 958 nam
691 899 999 984 Britanni,
1066 900 1225 959 nihil
1281 905 1451 974 fracti
1508 926 1740 983 pugnae
1784 910 2022 986 'prioris

164 1001 380 1047 eventu
417 998 474 1044 et
509 981 800 1044 ultibnem
835 1000 936 1045 aut
973 989 1278 1046 servitium
1321 983 1714 1066 exspectantes
1750 998 2023 1052 tandem—

166 1095 279 1153 que
314 1074 502 1142 docti‚
560 1093 875 1130 commune
920 1075 1252 1149 periculum
1305 1078 1620 1134 concordia
1669 1072 2023 1157 propulsanss

165 1163 339 1230 dum,
381 1158 773 1233 legationibus
799 1169 856 1215 et
877 1158 1215 1216 foederibus
1246 1161 1511 1218 omnium
1541 1164 1843 1222 civitatum
1869 1167 2023 1222 vires

167 1247 516 1303 exciverant.
634 1244 870 1320 iamque
909 1265 1084 1319 super
1136 1246 1376 1319 triginta
1424 1248 1613 1305 millia
1662 1263 2024 1309 armatorum

163 1331 671 1406 adspiciebantur,
728 1340 783 1385 et
824 1325 1017 1386 adhuc
1063 1331 1361 1389 adfluebat
1406 1335 1598 1395 omnis
1646 1336 1922 1398 iuventus
1966 1347 2024 1393 et

135 1418 383 1496 *quibus
430 1414 610 1473 cruda
659 1435 724 1470 ac
783 1415 991 1471 viridis
1037 1429 1332 1486 senectUS‚
1396 1418 1541 1474 clari
1600 1421 1759 1478 hello
1814 1433 1876 1479 et
1918 1441 2022 1478 sua

163 1500 412 1581 quisque
452 1502 662 1556 decora
705 1510 1018 1572 gestantes:
1078 1522 1212 1557 cum
1250 1502 1407 1559 inter
1442 1504 1641 1579 plures
1682 1507 1859 1563 duces
1896 1507 2023 1563 vir-

160 1597 376 1646 tute¹et
406 1605 616 1659 genere
656 1596 989 1658 maestam,
1034 1572 1276 1643 noinine
1313 1585 1623 1661 CalgacuS‚
1677 1593 1836 1667 apud
1877 1590 2023 1650 con-¹

161 1685 405 1731 tractam
430 1670 877 1727 multitudinem
900 1672 1193 1747 proelium
1224 1685 1559 1749 poscentem
1598 1676 1664 1731 in
1699 1672 1859 1734 hunc
1893 1695 2024 1733 mo*

163 1761 305 1816 dum
334 1759 615 1836 loquutus
649 1756 860 1814 fertur:
1803 1774 1805 1776 ·

217 2025 395 2056 rursus.
454 2011 514 2054 cf.
549 2018 645 2053 not.
686 2011 740 2054 ad
772 2012 864 2055 An.
893 1987 1055 2060 1514.
1130 2015 1242 2057 ibat.
1300 2014 1377 2058 Sic
1409 2014 1842 2071 Homericum,illud
1874 2017 1927 2062 ll.
1949 2017 2022 2067 23,

159 2079 206 2116 et
231 2071 377 2114 Kritz.
400 2069 452 2112 ad
480 2067 590 2112 Sall.
617 2067 710 2112 Cat.
735 2085 774 2111 e.
800 2068 868 2121 53,
890 2070 931 2112 5.
1129 2071 1230 2115 791.
1254 2069 1522 2132 ὠμογέρων.

220 2177 266 2212 et
295 2170 342 2212 in
371 2170 512 2210 luctu.
592 2165 833 2223 perperam
869 2183 891 2209 a
926 2166 1053 2212 Gisb.
1187 2168 1232 2203 et
1252 2175 1343 2203 sua
1362 2163 1544 2218 quisque
1569 2165 1738 2204 decora
1771 2169 2023 2217 gestantes.

158 2225 338 2270 Koenio
375 2223 560 2283 specim.
595 2223 746 2281 inaug.
793 2240 837 2281 p.
870 2225 910 2266 5.
956 2241 1055 2269 cor·
1128 2225 1174 2261 et
1204 2233 1294 2261 sua
1328 2219 1427 2263 edd,
1466 2228 1568 2263 vett.
1604 2228 1704 2262 ante
1735 2218 1954 2274 Rhenanis
1978 2227 2023 2266 et

156 2293 338 2331 rectum
362 2298 456 2325 esse
477 2284 560 2324 sed
581 2282 630 2322 in
654 2283 685 2323 l.
700 2312 713 2332 ,
745 2280 977 2325 docebunt
992 2300 1055 2335 ea,
1128 2291 1274 2334 nuper
1293 2275 1468 2320 Dronk·
1484 2302 1538 2310 -·
1575 2293 1630 2320 ⁰⁶
1651 2287 1752 2326 Sua,
1773 2277 1895 2336 quod
1908 2277 2023 2322 Rhea

157 2345 278 2402 quae'
296 2337 508 2386 adnotavi
531 2339 585 2381 ad
612 2338 702 2382 An.
730 2340 768 2390 1,
794 2339 860 2382 11.
1128 2349 1251 2377 nano
1296 2334 1508 2385 debetur,
1564 2334 1769 2378 exhibent
1810 2331 2024 2393 deindeps

1130 2407 1305 2435 omnes.
1365 2392 1554 2435 Decor-a
1583 2391 1814 2435 Erne'stius
1849 2386 2023 2437 iiitelli-

217 2451 524 2505 Grarnpium.
597 2448 700 2492 MS.
729 2447 829 2492 Vat.
855 2447 986 2493 3429.
1023 2454 1056 2493 t.
1129 2449 1258 2506 gebat
1283 2449 1476 2505 praemia
1501 2449 1558 2492 ob
1580 2450 1787 2494 virtutem
1810 2449 2021 2500 bellicath

159 2511 336 2554 Broter.
367 2507 649 2563 Graupium.
697 2547 700 2551 ,
1129 2515 1333 2565 accep1a3
1364 2506 1532 2550 Hertel.
1556 2516 1597 2550 et
1622 2506 1819 2552 Walcb.
1845 2524 1900 2552 eo
1932 2506 2020 2552 ita-

311 2569 314 2576 ‘
1127 2565 1236 2608 bant
1267 2566 1320 2608 de
1349 2564 1597 2614 manubiis,
1631 2579 1739 2621 quas
1770 2564 1888 2608 inter
1913 2565 2021 2610 ectis

217 2629 378 2668 hostes
417 2624 703 2666 insederant.
777 2621 881 2667 MS.
910 2622 1056 2667 Vatic.
1129 2622 1329 2667 hostibus
1353 2623 1636 2666 detraxerint.
1685 2621 1906 2679 Equidem
1927 2629 2026 2666 tam·

157 2683 288 2728 3429.
336 2682 487 2724 hostis
532 2682 801 2731 insederat,
868 2681 986 2724 unde
1032 2698 1056 2724 a
1129 2691 1335 2724 accurate
1378 2678 1740 2736 distinguendum
1786 2693 1879 2722 esse
1924 2694 2020 2723 non

157 2738 369 2784 Dronkio
400 2738 645 2796 praelatum
683 2747 726 2782 et
753 2754 777 2780 a
802 2737 988 2783 Becker.
1012 2747 1056 2781 et
1129 2747 1256 2796 puto,
1315 2736 1430 2780 Sunt
1454 2738 1571 2779 enim
1598 2737 1760 2780 deeora
1791 2735 1882 2779 sive
1901 2737 2021 2782 a‘vita

157 2798 323 2842 Hei-tel.
345 2805 579 2854 receptum
607 2804 687 2840 est.
746 2795 832 2839 Ed.
852 2796 955 2839 Put.
983 2812 1053 2855 pr.
1128 2796 1185 2839 ob
1211 2794 1384 2853 generis
1408 2793 1685 2837 nobilitatem
1717 2793 1812 2837 sive
1841 2794 1900 2838 ob
1929 2794 2020 2838 vir-

157 2857 415 2901 insederat.
1127 2862 1266 2896 tutem
1317 2851 1487 2895 tributa
1539 2851 1628 2894 sive
1678 2867 1728 2894 ex
1778 2851 2019 2896 interfecto

1126 2910 1253 2954 hoste
1276 2919 1414 2968 rapta.

215 2970 526 3025 legationibus
562 2975 609 3010 et
625 2968 904 3024 foederibus
948 2967 977 3010 i.
1013 2982 1053 3009 e.
1188 2994 1224 3037 C
1256 2996 1274 3032 Ι
1398 3007 1414 3033 ς
1531 2992 1572 3034 ς·
1658 2990 1778 3036 MSS
1831 2971 1882 3032 ‘V
1912 2992 1942 3034 t-

156 3027 418 3074 foederibus
481 3042 561 3081 per
614 3025 854 3083 legationes
908 3025 1052 3069 factis.
1126 3008 1479 3095 342552233‘et
1503 3009 1698 3106 (ssffister.
1722 3007 2019 3106 tes’fe)13‘:sscj

157 3087 216 3131 Cf·
241 3084 377 3130 Rom·
407 3084 435 3127 ι’
464 3082 494 3126 l'
519 3099 560 3141 p·
587 3084 652 3127 54‘
1126 3109 1291 3167 ponius
1316 3107 1470 3151 Laetus
1494 3108 1541 3151 in
1570 3106 1759 3166 exempl.
1781 3122 1878 3158 suo,
1908 3106 2016 3150 item

1126 3167 1226 3210 edd.
1259 3165 1467 3223 antiquae
1501 3176 1603 3209 ante
1635 3163 1796 3209 Aleiat.
1833 3172 1876 3208 et
1905 3163 2017 3207 Rbe-

1126 3240 1230 3267 nan.
1265 3231 1307 3265 et
1345 3239 1488 3281 nuper
1526 3224 1700 3266 Broter.
1731 3237 1829 3280 sqq.
1897 3218 2014 3264 Edd-

1126 3281 1224 3324 Ale.
1246 3280 1388 3323 Rhen.
1413 3297 1510 3338 sqq.
1543 3281 1597 3324 ad
1627 3279 1803 3323 Broter.
1837 3277 2017 3331 Golgo-

1127 3353 1221 3381 cus.
1293 3337 1578 3381 Cambdeuus
1605 3337 1782 3382 volebat
1807 3334 2015 3379 substitui

1130 3397 1414 3447 Galaneum,
1476 3394 1700 3438 Beckerus
1741 3409 1789 3436 ex
1835 3391 2026 3436 Ossiani.

1127 3453 1402 3497 carminibus
1425 3454 1696 3508 Calgarutn.

214 3201 379 3255 quibus
400 3201 545 3241 cruda
568 3214 623 3239 ac
650 3199 806 3240 viridis
827 3206 1051 3254 seneclus.

156 3259 435 3317 Syuonyma.
499 3254 557 3298 cf.
591 3253 728 3298 Roth.
766 3255 795 3299 l.
833 3257 861 3298 Ι.
910 3272 954 3313 p.
986 3254 1051 3297 15.

154 3316 233 3359 Est
258 3330 360 3357 vero
384 3313 552 3356 locutio
578 3312 708 3355 ducta
731 3329 778 3353 ex
804 3313 1052 3355 imitatione

157 3372 318 3428 Virgil.
348 3373 462 3415 Aen.
484 3371 524 3422 6,
546 3369 646 3413 30²4.
675 3374 757 3410 sed
792 3374 935 3412 cruda
969 3374 1054 3411 deo

156 3431 410 3484 viridisque
480 3435 707 3470 senectus.
800 3428 1048 3469 eorundem

154 3487 402 3530 verborum
438 3484 701 3528 coniunctio
737 3493 800 3526 est
837 3485 951 3542 apud
985 3484 1051 3526 Si-

76 3536 79 3539 ’
152 3545 265 3587 lium
293 3544 331 3594 5,
356 3543 454 3585 569.
489 3544 540 3584 in
576 3557 717 3583 arma
753 3542 832 3582 ille
869 3542 1050 3596 quidem
1183 3543 1489 3581 contractam.
1548 3533 1780 3578 Edd.Put.
1803 3531 2013 3601 pr.Med.

148 3604 300 3644 cruda
334 3607 490 3644 mente
524 3608 568 3643 et
606 3598 920 3642 uiridissimus
950 3601 1050 3641 irae
1125 3596 1284 3639 venet.
1309 3601 1569 3637 contracta.
