2150 4022
164 237 284 295 168
372 233 619 294 mnu
665 230 993 292 Acme.
1040 219 1526 292 vlTA'cAP.
1566 226 1670 295 25.
1701 230 1803 294 26.

162 360 399 422 castella*
446 362 636 422 adorti
684 371 910 418 metum
946 373 1014 419 ut
1051 372 1439 437 provocantes
1477 361 1860 422 addiderant:
1927 383 2025 422 r-e-

163 432 668 525 grediendumque
700 446 843 504 citra
865 446 1244 516 Bodotriam,
1289 459 1346 503 et
1383 447 1786 507 excedendum
1825 451 2026 526 potius

165 557 342 612 quam
386 535 776 610 pellerentur,
839 533 1040 607 ignavi
1079 534 1270 607 specie
1311 532 1700 607 prudentium
1740 536 2030 593 admone-

163 622 334 678 bant:
378 640 514 676 cum
551 618 789 674 interim
828 618 1127 692 cognoscit
1159 614 1359 675 hostes
1386 618 1661 694 pluribus
1675 621 2030 695 {agminibus

166 707 531 780 inrupturOS.
629 724 726 772 ac,
779 725 854 760 ne
880 715 1203 779 superante
1239 723 1489 760 numero
1528 714 1585 761 et
1621 706 1834 780 peritia
1865 707 2030 764 loco-

166 810 301 859 rum
335 789 770 859 circumiretur,
813 783 1004 846 diviso
1049 801 1106 846 et
1143 789 1268 864 ipse
1307 787 1526 861 intres
1554 803 1750 865 partes
1772 793 2031 851 exercitu

169 877 425 936 incessit.

335 959 562 1022 XXVI.
649 959 828 1033 Quod
856 960 963 1017 uhi
995 960 1297 1033 cognitum
1319 954 1508 1028 hosti,
1551 972 1780 1018 mutato
1818 982 2032 1040 repen-“-

171 1058 228 1104 te
271 1047 521 1103 consilio
576 1045 838 1102 universi
885 1066 1108 1101 nonam
1148 1046 1475 1119 legionem,
1537 1055 1605 1103 ut
1641 1045 1894 1106 maxime
1934 1046 2037 1106 ίιι-Ι

171 1132 460 1202 validam,
513 1144 684 1188 nocte
724 1131 1010 1205 adgressi,
1063 1131 1221 1187 inter
1261 1151 1535 1187 somnum
1577 1151 1643 1187 ac
1689 1134 2034 1208 trepidatio-

174 1238 312 1273 nem
348 1217 526 1274 caesis
555 1217 836 1290 vigilibus
874 1217 1171 1290 inrupere.
1268 1216 1502 1292 iamque
1540 1215 1606 1273 in
1649 1217 1790 1292 ipsis
1807 1216 1815 1225 ”
1831 1220 2033 1278 castris

172 1304 547 1378 pugnabant,
596 1323 730 1358 cum
769 1297 1047 1375 Agricola
1083 1301 1195 1359 iter
1231 1297 1491 1358 hostium
1532 1303 1605 1358 ab
1647 1303 2036 1377 exploratori—

175 1390 287 1446 bus
327 1389 564 1444 edoctus
607 1399 662 1444 et
702 1387 962 1460 vestigiis
1002 1387 1300 1444 insecutus
1336 1386 1733 1444 velocissimos
1771 1390 2036 1466 equitum

176 1474 565 1550 peditumque
593 1473 888 1529 adsultare
914 1472 1092 1544 tergis
1121 1472 1513 1547 pugnantium
1549 1473 1744 1543 iubet,
1765 1495 1922 1534 ·mox
1959 1477 2035 1535 ab

177 1723 335 1780 iungas
357 1736 458 1764 mos
471 1724 528 1764 de
547 1721 732 1775 ignotis,
756 1720 831 1763 sed
849 1718 1073 1777 intellige:

177 1781 243 1824 uti
276 1796 376 1823 mos
412 1788 477 1824 est
511 1780 730 1822 maiorem
770 1794 864 1820 esse
905 1777 1074 1820 samam

178 1838 234 1880 de
268 1836 447 1895 ignotiS.
506 1836 568 1880 ef.
602 1844 698 1879 not.
734 1836 790 1878 ad
817 1836 909 1879 An.
939 1838 977 1887 1,
1007 1837 1074 1879 12.

179 1895 262 1938 sub
305 1910 372 1939 vv.
412 1896 600 1938 addidit
642 1896 833 1936 laudem
875 1896 932 1935 de
972 1895 1075 1937 Au-

178 1961 332 2008 gusto,
799 1970 811 1984 υ
1041 1980 1046 1983 κ

1145 1727 1249 1764 sunt
1274 1722 1364 1765 sict
1395 1724 1542 1776 specie
1559 1724 1861 1779 prudentium
1883 1724 2046 1780 ignovi

1145 1782 1334 1820 admon.
1351 1811 1364 1829 ‚
1395 1788 1444 1822 ut
1469 1781 1731 1824 etiamnunc
1754 1790 1891 1826 exstat
1920 1784 2039 1841 apud

1145 1836 1355 1883 Oberlin.
1377 1836 1575 1882 Walch.
1600 1837 1792 1883 Bekker.

1203 1925 1350 1965 quum
1395 1909 1583 1951 interim
1627 1911 1874 1964 cognoscit.
1964 1910 2040 1958 Sic

1148 1965 1254 2009 libri
1281 1983 1452 2009 ornnes».
1514 1966 1668 2024 Nuper
1698 1983 1802 2011 vero
1832 1985 1855 2011 a
1881 1969 2039 2013 Drou-

1146 2023 1248 2076 kio,
1311 2040 1446 2082 quem
1497 2033 1716 2082 sequntur
1760 2025 1945 2071 Becker.
1995 2035 2041 2085 εξ

694 2077 797 2121 MS.
816 2076 919 2121 Vat.
947 2075 1075 2120 3429.

181 2165 378 2205 castella
463 2195 472 2205 .
549 2162 661 2206 Cod.
696 2161 858 2205 Ursini
889 2169 930 2203 et
964 2161 1074 2208 edit.

179 2221 365 2279 Bipont.
388 2235 665 2276 oppugnare
685 2223 810 2263 ultro
831 2221 1077 2261 castellum

183 2278 360 2321 adorsi.
422 2278 476 2320 Et
495 2278 660 2324 rectius
684 2277 872 2326 fortasse
904 2278 1075 2319 castel-

180 2339 281 2379 lum
292 2352 353 2379 sc.
366 2337 609 2393 quoddam,
631 2335 755 2393 quod
770 2335 815 2376 in
831 2343 997 2377 textum
1011 2350 1077 2376 re-

181 2395 298 2451 cepit
311 2392 499 2438 Becker.
514 2403 557 2435 et
570 2391 737 2436 Hertel.
774 2391 975 2433 Verbum
994 2394 1076 2436 ad-

183 2451 304 2496 oriri
330 2450 504 2508 saepius
535 2450 703 2494 dictum
733 2458 800 2492 est
823 2447 876 2493 de
898 2456 1079 2499 conatu,

183 2507 308 2553 velut
342 2508 458 2567 apud
491 2507 656 2566 Nepot.
679 2507 819 2550 Dion.
855 2505 896 2556 6,
921 2508 960 2549 1.
995 2509 1078 2548 de—

185 2580 394 2620 mergere
425 2573 497 2610 est
530 2570 730 2620 adorta,
772 2564 835 2606 id.
859 2563 1080 2622 Thrasyb.

183 2625 229 2678 2,
243 2624 286 2667 5.
310 2639 578 2678 oppugnare
598 2631 713 2668 sunt
726 2623 900 2665 adorti.
942 2620 989 2663 Si
1004 2620 1081 2677 qui

184 2680 321 2724 velint
360 2681 600 2724 defendere
638 2682 801 2723 adorsi
834 2694 938 2722 cum
965 2678 1080 2721 Dra·

185 2737 318 2782 kenb.
348 2739 402 2781 ad
433 2738 533 2782 Liv.
561 2739 631 2788 35,
663 2738 731 2786 51,
763 2739 827 2788 8.‚
877 2751 1078 2794 quocum

185 2796 408 2839 consentit
432 2795 646 2840 Oudend.
679 2796 732 2838 ad
761 2794 929 2852 Appul.
965 2794 1080 2841 Met.

184 2851 222 2896 I.
300 2868 369 2910 ag.
402 2852 502 2901 35..
552 2852 808 2896 consultent
841 2852 869 2894 ii
909 2850 1080 2899 Bremi.

185 2910 240 2954 ad
319 2919 439 2967 epot.
473 2909 690 2970 Thrasyb.
726 2910 755 2953 l.
790 2908 819 2953 l.
865 2915 909 2951 et
950 2907 1080 2950 Miil-

187 2966 272 3016 ler.
296 2969 351 3013 ad
376 2967 472 3012 Cic.
506 2969 560 3013 de
583 2976 695 3014 orat.
725 2967 782 3016 ΙΙ,
806 2967 877 3013 51.
906 2968 950 3021 §.
975 2964 1078 3014 205.

167 2115 170 2118 Α
237 2082 435 2122 castella
459 2082 632 2122 adorti.

380 2153 458 2179 um

243 3095 401 3150 ignovi
415 3097 561 3148 specie
579 3094 887 3147 prudentium
907 3095 1073 3135 admo..

185 3156 371 3201 nebant.
429 3151 506 3194 Sic
526 3152 626 3194 MS.
641 3151 739 3194 Vat.
765 3152 915 3202 3429„
944 3166 1078 3207 quem

186 3213 435 3255 verborum
458 3209 665 3253 ordinem
686 3209 876 3267 requiri,
906 3208 1079 3253 Rhena-

186 3285 272 3313 nus
298 3269 368 3322 (in
396 3266 635 3324 castigat.)
666 3267 754 3308 iam
787 3273 1081 3324 perspexerat,

185 3326 477 3371 restituerunt
539 3339 642 3367 eum
693 3323 818 3366 Brot.
881 3324 1077 3372 Seebod,

186 3383 364 3427 Dronk.
386 3380 574 3426 Becker.
608 3380 778 3423 Hertel.
814 3404 869 3414 —-
928 3382 1077 3433 specto

184 3443 346 3495 ignavi
408 3441 714 3493 prudentium
780 3441 911 3481 adm.
973 3439 1075 3482 edd.

181 3499 415 3603 antiquae,
467 3512 578 3553 quae
619 3496 704 3538 iam
741 3504 842 3538 ante
873 3495 1075 3552 Lipsium

183 3555 229 3605 in
252 3572 273 3599 e
311 3585 322 3602 .
347 3554 525 3620 Micylli
550 3555 606 3608 (a.
638 3552 783 3608 1557.)
806 3552 1076 3612 transposita

1146 2080 1339 2132 Hertel.,
1391 2085 1547 2124 nescio
1600 2082 1722 2124 unde
1774 2083 2040 2142 interposita

1147 2149 1212 2182 est
1239 2146 1291 2181 ot
1323 2138 1564 2197 particulat
1596 2147 1648 2180 at
1674 2156 1817 2196 quum
1846 2142 2040 2186 interim

1147 2211 1277 2251 cogn.
1338 2198 1396 2241 cf.
1424 2196 1619 2242 Waleh.
1642 2198 1694 2240 ad
1719 2197 1767 2242 h.
1790 2199 1820 2242 1.

1205 2267 1543 2313 circumiretur.
1653 2266 1772 2312 Haec
1830 2269 2041 2314 ⁴omnium

1146 2324 1368 2368 librorum
1393 2323 1610 2382 scriptura
1639 2324 1686 2372 in
1716 2323 1853 2384 Lipsii
1877 2328 2038 2372 editio-

1148 2383 1280 2430 nibus
1304 2389 1472 2425 mutata
1508 2391 1574 2425 est
1603 2383 1651 2426 in
1683 2381 2044 2429 circumirentur

1150 2440 1272 2482 nulla
1311 2440 1475 2483 idonea
1506 2456 1651 2484 causa.
1700 2465 1759 2474 —
1829 2441 2042 2487 Ceterum

1152 2514 1235 2556 pro
1270 2498 1419 2539 diviso
1459 2497 1505 2540 in
1552 2498 1623 2541 ed.
1657 2497 1763 2543 Put.
1795 2498 1910 2544 Ven.
1954 2500 2045 2545 im-

1151 2572 1356 2612 pressum
1389 2562 1454 2598 est
1484 2555 1676 2611 divisio,
1720 2565 1762 2600 et
1783 2558 1918 2616 paulo
1940 2565 2042 2603 ante

1151 2629 1234 2671 pro
1266 2615 1583 2657 excedendum
1611 2615 1764 2666 potius
1787 2630 1930 2671 quam
1947 2618 2045 2669 pel-

1151 2674 1361 2713 lerentur
1398 2669 1435 2712 I.
1477 2671 1526 2713 F.
1561 2669 1822 2716 Gronovius
1869 2672 2045 2719 volebat

1146 2730 1423 2783 priusquam
1447 2726 1598 2770 scribi.
1661 2728 1763 2771 Non
1787 2746 1916 2788 opus.

1206 2813 1404 2844 numero
1427 2806 1472 2841 et
1487 2802 1662 2853 peritia
1683 2803 1907 2847 Iocorum.
1958 2802 2045 2849 “Er

1151 2857 1228 2906 διὰ
1258 2858 1419 2911 δυοῖν,
1450 2856 1677 2902 indicatur
1701 2860 1823 2904 enim
1846 2859 2044 2907 hostium

1152 2931 1368 2960 numerus
1391 2914 1600 2958 locorum
1629 2914 1817 2975 peritus.

1210 3000 1325 3043 CAP.
1351 2999 1424 3044 26.
1482 3014 1663 3044 nonam
1697 3003 1958 3061 legionem,
1990 3013 2044 3047 uc

1151 3059 1366 3102 maxime
1410 3059 1684 3104 invalidam.
1756 3061 1817 3110 cf.
1849 3062 1939 3109 An.
1977 3064 2044 3113 14,

1151 3116 1221 3162 32.
1243 3131 1342 3173 sqq.

1208 3190 1372 3233 caesis.
1442 3189 1527 3235 Ed.
1548 3189 1653 3233 Put.
1678 3189 1840 3238 venet.
1867 3204 2044 3246 caesas,

1153 3263 1394 3306 operarum
1429 3246 1558 3292 vitio.

1198 3321 1488 3374 pugnabunt.
1551 3319 1651 3362 MS.
1671 3318 1818 3366 vatic.
1833 3319 1966 3371 3499.
1987 3324 2044 3378 (t.

1147 3375 1375 3432 Dronkio)
1396 3377 1712 3431 pugnabatur,
1740 3378 1862 3435 quod
1884 3378 1932 3422 in
1950 3390 2044 3424 ver-

1147 3437 1311 3478 borum
1347 3433 1690 3478 continuitatem
1722 3443 1952 3493 receptum
1972 3445 2044 3482 est
2076 3486 2078 3489 .

1147 3509 1173 3536 a
1197 3490 1396 3534 Beckero
1424 3501 1467 3535 et
1486 3491 1701 3535 Hertelio.
1760 3491 1832 3536 De
1854 3503 2045 3553 utroque

1148 3549 1265 3598 libro
1292 3549 1437 3598 Vatic.
1457 3549 1638 3594 Broter.
1666 3557 1799 3595 tacet.
