2150 4022
508 261 1040 326 DIALOGUs.
1102 235 1332 321 ‘mn
1369 261 1466 322 16.

1782 258 1903 317 287

67 417 348 478 perquam
386 397 562 454 breve
597 405 653 450 et
686 393 750 449 in
788 389 1057 466 proximo
1097 401 1202 450 est.
1290 411 1426 446 nam
1466 389 1545 458 si,
1600 383 1666 445 uit
1699 384 1908 466 Cicero

69 487 135 543 in
159 481 478 542 Hortensio
507 477 740 547 scribit,
779 477 830 532 is
859 487 945 545 est
970 493 1218 548 magnus
1243 486 1300 532 et
1324 494 1496 532 verus
1520 467 1742 543 annus,
1789 470 1907 549 quo

71 567 269 628 eadem
301 566 514 643 positio
542 563 690 622 coeli
719 561 1127 636 siderumque,
1184 580 1332 635 quae
1370 580 1503 616 cum
1530 557 1780 615 maxime
1806 569 1911 627 est,

69 674 303 719 rursum
339 652 602 718 exsistet,
661 648 826 724 isque
853 665 1044 702 annus
1069 640 1283 700 horum
1313 664 1460 720 quos
1489 662 1599 700 nos
1633 662 1912 730 vocamus

69 774 362 842 annorum
379 733 978 808 ’X‘IIMDCCCCLIV
1027 742 1460 818 complectitur:
1543 740 1752 818 incipit
1789 740 1912 802 De..

128 959 178 1001 in
200 956 425 1014 proximo
452 959 539 995 est.
599 949 672 993 Ad
698 950 961 994 sententiam

72 1014 246 1059 Plinius
267 1009 596 1070 comparandus
616 1015 681 1049 est
697 1006 777 1064 Ep.
789 1008 830 1055 4,
841 1006 909 1056 24,
923 1006 964 1047 5.

71 1074 116 1117 si
136 1079 379 1126 computes
396 1081 570 1121 annos,
600 1065 826 1119 exiguam
850 1071 962 1111 tem·

69 1145 188 1184 pus:
229 1131 274 1173 si
293 1129 410 1171 vices
431 1140 624 1178 rerum,
667 1138 838 1165 aevum
866 1136 962 1176 pu-

75 1194 162 1237 tes.
807 1203 809 1205 ·
865 1192 874 1205 ⁶

133 1272 201 1320 si,
233 1277 297 1314 ut.
356 1267 431 1312 Sic
450 1264 588 1309 MSS.
612 1264 750 1319 Neap.
783 1262 960 1320 [Fam]

78 1331 249 1374 Vaticc.
281 1335 324 1370 et
363 1324 463 1367 edd.
506 1330 608 1381 post
649 1322 963 1364 Broterianam

76 1388 131 1432 ad
158 1387 244 1430 hoc
267 1393 442 1438 tempus
467 1397 620 1423 omnes
652 1380 717 1411 —-⁵
747 1379 818 1421 ed.
841 1377 964 1436 Spir.

76 1446 197 1488 sicut
219 1465 273 1476 —
305 1441 408 1485 edd.
423 1437 599 1482 Puteol.
619 1444 662 1481 et
684 1451 783 1494 sqq.
804 1437 868 1487 si,
895 1435 962 1479 si-

76 1509 167 1546 cue.

134 1599 404 1643 Hortensio.
472 1594 539 1638 Eo
577 1593 764 1638 nomine
805 1593 966 1637 inseri·

79 1667 181 1718 ptus
206 1664 298 1700 erat
322 1654 552 1700 Ciceronis
583 1651 721 1702 liber,
763 1650 968 1710 deperdi-

79 1725 150 1760 tus
177 1729 327 1764 nunc,
368 1727 457 1769 quo
488 1707 767 1768 philosophia
793 1711 846 1752 ab
870 1709 967 1766 ipso

82 1773 262 1818 defensa
284 1778 327 1813 et
347 1768 593 1813 collaudata
616 1775 696 1810 est.
758 1766 969 1810 Comme·

83 1829 279 1875 muravit
300 1842 400 1870 eum
426 1825 480 1867 de
503 1825 604 1869 Fin.
629 1827 667 1873 l,
697 1826 734 1872 1,
755 1825 797 1867 2.
832 1823 968 1867 Tusc-

83 1889 198 1946 disp.
218 1886 258 1935 8,
280 1886 322 1936 8,
345 1883 388 1927 6.
420 1884 462 1932 2,
483 1884 526 1931 2,
547 1883 592 1926 4.
618 1882 672 1924 de
693 1880 879 1926 divinat.
903 1881 966 1935 2.,

82 1945 181 1989 init.
215 1943 268 1985 ad
301 1941 434 1984 Attio.
469 1944 538 1997 ep.
570 1940 638 1989 13,
672 1938 737 1981 18.
780 1939 969 1994 aliisque

83 2001 218 2050 locis,
249 1999 350 2043 libri
374 1997 553 2040 nomine
575 2013 668 2040 non
691 1996 854 2049 addito.
900 1993 971 2038 Cf.

84 2059 230 2103 Beier.
258 2057 310 2099 ad
337 2055 432 2098 Cic.
457 2052 594 2098 offic.
617 2053 720 2097 Vol.
747 2053 799 2098 ll.
831 2069 873 2109 p.
903 2052 970 2095 16.

85 2133 151 2174 sq.
185 2124 229 2159 et
258 2112 356 2156 libri
388 2113 635 2168 fragmenta
658 2111 704 2154 in
733 2110 801 2152 ed.
825 2107 972 2153 Orell-

84 2175 140 2220 T.
161 2172 241 2216 lv.
285 2170 337 2214 P.
362 2173 403 2214 2.
447 2185 492 2228 p.
513 2170 613 2213 479.
629 2167 792 2212 -486.
852 2167 972 2211 Eun·

86 2234 187 2277 dem
212 2227 445 2274 Ciceronis
468 2227 618 2270 locum
641 2225 832 2283 respexit
845 2226 971 2269 Serv.

86 2291 140 2336 ad
159 2288 281 2345 Virg.
295 2289 404 2329 Aen.
425 2287 462 2337 1,
475 2285 598 2328 269.=
623 2285 681 2326 Et
700 2286 866 2326 horum
889 2297 972 2324 an-

87 2362 282 2400 norum,
322 2357 438 2398 quos
467 2344 515 2385 in
541 2342 693 2386 Fastis
725 2342 968 2392 habemus,

89 2430 291 2473 magnus
326 2413 440 2465 XII
473 2412 625 2455 millia
662 2411 981 2455 DCCCCLIV

90 2473 412 2529 amplectitur,
461 2480 504 2514 et
538 2467 592 2512 ad
623 2469 743 2512 Aen.
778 2467 819 2517 3,
846 2465 973 2510 284.=

90 2546 316 2587 magnum
364 2543 541 2571 annum
586 2539 682 2568 esse
728 2527 975 2568 voluerunt

92 2593 303 2637 omnibus
335 2585 540 2643 planetis
574 2584 622 2626 in
662 2587 859 2626 eundem
896 2597 975 2625 re-

92 2647 384 2695 currentibus
402 2646 575 2688 locum.
636 2641 695 2684 Et
715 2643 800 2684 hoc
811 2639 897 2695 fit,
925 2647 978 2682 ut

91 2707 316 2755 diximus,
342 2702 597 2746 secundum
614 2698 842 2743 Ciceronis
854 2697 976 2740 Hor-

95 2779 292 2823 tensium
335 2779 443 2829 post
493 2785 643 2815 annos
682 2770 795 2813 XII
830 2768 980 2810 millia

94 2839 352 2889 nongentos
381 2830 710 2887 quinquaginta
737 2826 975 2884 duatcuor,

95 2891 364 2939 solstitiales
396 2889 579 2930 scilicet.
645 2886 707 2928 Ex
737 2884 804 2928 his
837 2882 980 2926 Servii

100 2949 234 2996 locis·
283 2944 574 3002 corrigendus
649 2950 715 2986 est
787 2941 872 2985 scri
907 2949 981 2983 tor

100 3015 276 3056 noster,
326 3018 465 3061 quum
506 3000 610 3045 edd.
647 3008 757 3046 vett.
799 3006 843 3041 et
934 2998 979 3041 S.

98 3065 233 3120 Neap.
258 3075 492 3104 numerum
513 3057 743 3101 exhibeant
765 3071 857 3099 uno
879 3071 980 3100 cen-

99 3120 272 3166 tenario
324 3117 571 3166 minore=n;
644 3115 861 3172 scriptum
916 3119 981 3154 est

102 3192 222 3236 enim
245 3175 676 3230 X‘ITD‘OE'C'TITI‘I.
718 3182 983 3228 Emendavit

101 3249 202 3293 Nic.
242 3244 447 3295 Lo'ensis,
494 3244 668 3300 sequuti
712 3249 815 3286 sunt
855 3239 983 3283 Heu-

105 3321 254 3350 mann.
279 3303 454 3346 Ernest.
477 3309 518 3343 et
540 3308 750 3351 recentt.,
778 3299 895 3343 idern
921 3297 983 3340 fa-

106 3361 313 3407 ciendum
356 3373 448 3404 esse
491 3365 770 3416 perspexerat
803 3356 984 3399 Davies.

107 3418 160 3462 ad
183 3418 329 3463 Cicer.
359 3416 412 3458 de
437 3425 528 3458 nat.
557 3415 680 3458 deor.
705 3414 745 3466 2,
766 3416 837 3457 20.
898 3413 985 3457 Sed

108 3474 336 3518 nonnullis
363 3474 433 3518 vel
463 3472 534 3516 hic
561 3487 774 3515 numerus
803 3470 984 3514 videba-

108 3541 181 3575 tur
204 3530 377 3580 minor,
417 3538 458 3572 et
482 3530 529 3572 in
558 3544 694 3585 marg.
717 3529 817 3573 edd.-
840 3528 986 3571 Fran-

110 3588 199 3634 cos.
226 3596 268 3632 et
293 3586 440 3633 Colon
467 3617 479 3634 ‚
517 3593 563 3629 ut
583 3585 813 3629 Dronkius
839 3585 988 3634 refert,

1031 949 1217 1004 ffaut
1235 963 1352 1000 certe
1364 958 1854 1003 XIIIIMDCCCLIV
1865 964 1915 1007 nt

1033 1016 1311 1082 corrigatur3
1369 1015 1577 1058 suadetur
1618 1032 1666 1058 ex
1705 1016 1914 1060 Macrob-

1032 1075 1193 1120 Somn.
1227 1072 1350 1130 help.
1385 1072 1441 1116 11.
1476 1088 1514 1116 c.
1542 1074 1607 1118 11.
1667 1073 1919 1129 Schultiug.

1034 1145 1228 1201 denique
1270 1142 1461 1186 malebat
1498 1132 1920 1199 Im,

1008 1222 1010 1225 ’
1035 1203 1136 1260 quia
1160 1201 1432 1246 Censorinus
1455 1199 1511 1244 de
1533 1201 1604 1244 die
1627 1201 1763 1244 natal.
1790 1217 1830 1245 c.
1850 1203 1921 1248 18.

1035 1258 1290 1308 tradiderit,
1336 1259 1518 1301 Aretam
1551 1258 1920 1317 Dyrrhachinum

1035 1332 1205 1360 annunt
1226 1315 1347 1358 hunc
1374 1332 1584 1372 magnum
1613 1317 1816 1359 statuisse
1842 1332 1919 1358 an·

1035 1389 1202 1416 norum
1247 1380 1507 1416 nostrorum
1551 1373 1676 1416 5552.
1759 1374 1833 1423 De
1871 1389 1923 1416 re

1035 1430 1138 1478 vide
1162 1429 1419 1488 explicatius
1443 1430 1640 1476 dicentes
1663 1431 1924 1476 Broterium

1034 1497 1078 1533 et
1105 1486 1379 1532 Dronkium.

1097 1606 1199 1659 [est.
1245 1601 1314 1667 ‘A
1346 1602 1482 1646 Fara.
1515 1603 1660 1657 abest,
1700 1612 1744 1649 et
1781 1589 1927 1664 potest

1039 1662 1188 1705 abesse
1201 1693 1212 1713 ,
1243 1660 1389 1717 lnquit
1409 1660 1700 1719 Boeuieher]

1096 1791 1231 1821 verus
1257 1791 1430 1822 annus.
1489 1778 1673 1823 Frustra
1704 1779 1752 1823 in
1783 1796 1926 1839 marg.

1040 1834 1141 1879 edd.
1165 1834 1376 1879 Francos.
1397 1844 1441 1878 et
1461 1833 1624 1880 Colon.
1648 1845 1831 1882 vertens
1849 1853 1932 1883 an.

1042 1891 1299 1950 corrigitur.
1347 1915 1406 1924 —
1471 1894 1676 1939 siderum
1711 1894 1807 1938 siue
1841 1912 1931 1952 que

1042 1958 1108 1994 est
1129 1950 1175 1992 in
1201 1948 1304 1992 edd.
1329 1949 1431 1995 Put.
1459 1960 1502 1995 et
1523 1951 1644 2004 Riv„
1672 1951 1832 1997 excidit
1855 1969 1930 1998 au·

1042 2016 1131 2053 tem
1155 2014 1338 2066 propter
1362 2023 1552 2066 sequens
1577 2023 1715 2066 quae.

1100 2152 1206 2180 cum
1250 2138 1475 2180 maxime.
1545 2138 1620 2182 Sic
1657 2148 1779 2184 recte
1821 2141 1929 2185 scri-

1044 2203 1170 2254 ptum
1203 2203 1267 2238 est
1298 2194 1345 2236 in
1379 2194 1529 2245 libris,
1580 2211 1665 2238 nec
1699 2213 1836 2253 opus,
1879 2207 1931 2244 ut

1046 2270 1149 2298 cum
1184 2252 1332 2297 Nicol.
1361 2252 1522 2296 Lo'e‘nsi
1559 2253 1814 2315 epiphyllid.
1850 2258 1932 2303 mi.

1041 2311 1164 2356 scell.
1190 2310 1234 2363 9,
1258 2311 1298 2351 5.
1329 2324 1452 2352 nunc
1486 2311 1700 2354 maxime
1735 2313 1931 2371 corriga-

1041 2379 1141 2420 tur,
1194 2367 1318 2424 quod
1362 2367 1526 2410 factum
1568 2375 1632 2410 est
1674 2385 1698 2412 a
1739 2370 1932 2414 Schurz-

1042 2425 1210 2470 fleisch.
1225 2426 1472 2468 Heumann.
1483 2424 1671 2467 Oberlin
1681 2458 1691 2469 .
1704 2426 1932 2474 schulzio.

1044 2483 1161 2526 Vide
1193 2491 1240 2525 tu
1273 2480 1326 2523 de
1359 2481 1587 2539 particulis
1618 2483 1705 2526 illis
1742 2484 1932 2529 coniun-

1046 2539 1129 2585 ctis
1159 2540 1331 2583 Ernest.
1366 2538 1419 2580 ad
1452 2538 1593 2582 Tacit.
1630 2539 1744 2585 Hist.
1785 2540 1822 2591 1,
1855 2543 1949 2588 29.Δ

1047 2606 1091 2640 et
1124 2597 1249 2640 clav.
1281 2595 1428 2640 Cicer.
1461 2612 1506 2654 p.
1541 2595 1664 2650 359„
1706 2585 1933 2659 Spalding.

1047 2654 1103 2698 ad
1127 2654 1286 2710 Quint.
1307 2652 1414 2696 Inst.
1440 2670 1507 2696 or.
1534 2654 1575 2706 6,
1596 2655 1635 2706 1,
1656 2654 1728 2700 23.
1784 2657 1930 2704 Beier.

1048 2712 1103 2755 ad
1128 2712 1225 2757 Cic.
1250 2710 1388 2756 Osfie.
1412 2710 1509 2755 Vol.
1535 2712 1595 2756 ll.
1630 2709 1672 2772 p.
1698 2714 1770 2759 47.

1107 2852 1221 2896 quos
1256 2853 1347 2882 nos
1382 2853 1614 2883 vocamus.
1685 2840 1762 2885 Sic
1793 2841 1931 2888 MSS.

1049 2897 1190 2954 Neap.
1220 2896 1338 2941 Vatt.
1371 2896 1470 2939 edd.
1496 2896 1669 2942 Ernest.
1703 2907 1747 2942 et
1779 2915 1935 2944 recen·

1049 2954 1185 2997 tiores
1207 2969 1378 2997 omnes.
1409 2981 1466 2989 --
1524 2953 1574 2997 ln
1594 2954 1937 3015 edd.Spir.Put.

1049 3012 1155 3057 Riv.
1188 3011 1290 3055 Ber.
1317 3010 1419 3054 Alc.
1484 3025 1567 3053 uos
1600 3013 1813 3058 omissum
1846 3025 1938 3069 est;

1052 3069 1154 3112 dein
1178 3067 1417 3113 Rhenanus
1444 3071 1507 3121 (in
1532 3069 1765 3128 castigatt.)
1787 3090 1936 3116 emen·

1054 3125 1171 3170 davit
1201 3140 1316 3182 quos
1349 3140 1585 3176 vocamus,
1624 3128 1746 3184 quod
1759 3146 1935 3229 ¹{tn-opa-

1054 3193 1203 3240 gaium
1236 3182 1367 3227 estin
1392 3182 1492 3227 edd.
1521 3199 1659 3242 usque
1679 3185 1733 3229 ad
1798 3194 1937 3231 rnest.

1054 3251 1096 3284 ct
1117 3241 1391 3283 Broterium.

1099 3354 1441 3422 complectitur.
1511 3354 1628 3399 Edd.
1668 3355 1783 3415 Spir.
1828 3358 1933 3404 Put.

1057 3412 1159 3455 R1v.
1224 3411 1327 3456 Ber.
1387 3412 1489 3458 Alc.
1554 3419 1936 3469 complectuntur,

1058 3468 1179 3526 quod
1221 3467 1459 3514 Rhenanus
1507 3470 1720 3521 correxit,
1776 3473 1938 3517 adsen-

1057 3525 1486 3629 gentetMS.Neap.;
1524 3527 1577 3570 de
1598 3528 1782 3588 reliquis
1802 3531 1938 3577 codd.

1104 3600 1186 3629 cen
1208 3615 1220 3628 .
