2150 4022
193 303 323 371 228

695 297 818 359 DE
878 294 1534 361 ORATORIBUS
1581 332 1586 336 ·

363 427 523 488 Tum
550 428 888 488 Secundus:
933 425 1182 487 Nihilne
1210 441 1298 501 te,
1343 415 1571 508 inquit,
1614 428 1920 506 Materne,
1959 430 2051 504 fa—

194 509 373 577 bulae
409 516 807 590 malignorum
846 526 1100 586 terrent,

200 711 335 755 Farn.
350 709 430 764 (ἲ)
452 707 730 776 ῌεειρ.νειῐῑ.
753 707 855 751 edd.
878 708 1086 766 'antiquae

199 783 361 811 omnes
394 774 611 810 omittunt
639 775 744 810 ante
778 772 915 822 quem
949 765 1090 823 parti-

199 826 347 869 culam
372 833 443 878 et,
472 835 607 881 quarn
628 823 800 883 primus
812 823 986 882 Lipsius
1004 855 1016 877 ,
1044 830 1094 864 ut

198 885 291 942 ipse
306 881 557 939 profitetur,
569 897 618 925 ex
631 880 945 925 cod.Romano
960 881 1095 923 inter·

199 941 362 987 seruit,
400 938 785 984 subscribentibus
814 938 916 986 edd.
942 937 1093 980 omni-

199 999 309 1050 bus,
347 1013 436 1040 una
460 1004 637 1056 excepta
653 994 857 1047 Osanni,
894 996 966 1039 cui
987 1010 1093 1044 ,non

200 1072 313 1114 opus
357 1055 532 1098 videtur
573 1054 750 1112 copula.
831 1053 920 1097 Sed
962 1051 1096 1109 exigit

200 1130 298 1171 eam
321 1112 443 1155 latini
465 1112 689 1155 sermonis
711 1127 842 1163 usus,
865 1125 1005 1167 eaque
1028 1111 1093 1152 in-

201 1169 412 1229 terposita
457 1178 644 1228 augetur
694 1169 832 1212 totius
878 1167 1094 1211 enuntiati

201 1227 502 1274 concinnitas.
576 1226 729 1283 Quem
761 1242 844 1285 pro
874 1241 953 1268 sua
985 1240 1093 1267 sen-

203 1286 337 1330 tentia
353 1284 567 1328 Osannus
593 1283 755 1328 adtulit
777 1285 931 1327 locum
945 1282 1092 1325 Livia-

203 1360 314 1387 num
336 1344 407 1392 21,
430 1343 528 1386 25.=
574 1343 637 1384 ibn·
667 1344 964 1396 inexplorato
988 1354 1097 1394 pro-

190 1403 373 1458 fectus,
427 1401 479 1443 in
510 1399 708 1442 insidias
737 1398 1093 1454 praecipitatus,

204 1463 447 1514 multaque
461 1473 568 1500 cum
582 1459 725 1500 caede
743 1470 942 1499 suorum
961 1469 1099 1510 aegre

146 1534 155 1535 ’
206 1518 255 1559 in
287 1523 480 1572 apertos
509 1529 703 1570 campos·
735 1514 949 1567 emersit,
993 1529 1098 1555 eum

201 1590 298 1618 non
319 1582 475 1630 aptum
498 1588 591 1616 esse
616 1572 845 1615 neminem
867 1570 1001 1627 fugit.
1047 1570 1100 1614 In

204 1631 392 1677 eandem
412 1630 652 1674 lectidnem
672 1629 893 1672 inciderat
905 1627 1099 1672 Seebod.

206 1693 262 1748 (a.
287 1688 464 1743 1813.),
500 1686 791 1730 sed‘mutavit
818 1702 917 1729 eam
944 1693 1100 1744 postea

205 1749 291 1798 sic,
321 1755 370 1790 ut
389 1749 653 1794 sedentem,
687 1752 733 1786 et
754 1747 927 1799 ipsum,
963 1757 1100 1799 quem

206 1815 293 1850 etc.
308 1804 353 1847 in
378 1811 497 1848 textu
516 1810 718 1861 poneret.
735 1826 793 1835 —
811 1801 946 1844 Libri
965 1815 1101 1846 voca·

205 1861 363 1907 bulum
391 1862 455 1904 uti
484 1861 527 1903 h.
551 1860 658 1918 Lxde
681 1859 879 1903 Materni
911 1867 1096 1916 tragoe-

207 1922 278 1964 dia
311 1921 591 1976 usurpatur,
618 1917 678 1960 ita
715 1917 883 1960 dicitur
915 1930 1098 1973 quoque

207 1980 263 2023 de
310 1977 540 2026 oratione,
586 1975 714 2021 vetut
750 1974 867 2017 infra
899 1989 996 2031 cap.
1030 1974 1102 2016 21.

206 2045 249 2081 et
306 2034 378 2078 38.
468 2031 590 2075 ΡΙὶη.
638 2032 775 2090 Epist.
834 2031 876 2081 3,
937 2030 1006 2079 13,
1064 2031 1104 2074 1.

208 2094 277 2147 18,
304 2092 349 2136 4.
391 2093 431 2140 1,
463 2091 505 2142 2,
538 2091 580 2134 1.
620 2091 662 2141 2,
689 2090 756 2138 19,
779 2089 821 2133 7.
863 2091 902 2140 5,
936 2089 1007 2140 ΞΟ,
1034 2089 1105 2138 2.;

209 2153 264 2196 de
287 2149 514 2206 rescriptis
540 2163 593 2191 ac
623 2147 816 2191 decretis
843 2146 1102 2206 principum

206 2210 325 2253 Ptin.
346 2207 482 2266 Epist.
501 2204 541 2256 5,
565 2205 688 2257 14‚8.
730 2205 953 2263 Panegyr.
979 2219 1018 2246 e.
1033 2202 1104 2244 75.

210 2267 269 2314 cf.
302 2263 554 2323 Spa‘lding3
573 2262 628 2305 ad
662 2261 827 2318 Quint.
858 2263 898 2314 5,
928 2264 992 2309 10,
1019 2261 1105 2308 98.,

210 2325 285 2369 sed
312 2322 505 2367 eundem
535 2319 681 2362 virum
705 2320 1018 2363 doctissimum
1050 2317 1106 2360 ad

213 2383 375 2440 Quint.
419 2382 458 2428 1,
496 2379 565 2426 lo,
606 2378 671 2421 18.
715 2377 807 2428 „de
848 2376 1103 2420 fabularum

210 2440 456 2496 scriptore,
513 2436 765 2485 dicentem,
822 2434 920 2492 quis
964 2435 1105 2476 libros

211 2495 472 2555 usurpat?”
548 2500 707 2536 nostro
758 2491 864 2536 loeo
919 2489 1105 2534 refutari

211 2563 346 2616 patet.
404 2552 545 2595 Intra
575 2565 750 2594 manus
781 2551 1028 2606 habentem
1058 2547 1106 2590 in

214 2611 452 2662 omnib'us,
499 2607 620 2667 quod
657 2608 819 2655 sciam,
868 2606 995 2651 libris
1029 2622 1103 2649 ex—

213 2685 416 2728 pressum
456 2674 548 2718 est;
586 2666 662 2708 sed
696 2664 878 2708 insolita
912 2663 996 2708 hac
1032 2663 1100 2705 di-

214 2728 363 2771 ctione
391 2724 548 2767 offensi
572 2732 678 2766 sunt
702 2722 820 2766 haud
847 2723 1004 2780 pauci,
1045 2720 1104 2762 ita

214 2794 265 2828 ut
308 2782 542 2832 Cuiacius,
606 2781 734 2825 euius
787 2781 920 2823 verba
964 2777 1106 2822 Orel-

215 2843 302 2886 *tius
327 2838 586 2897 adscripsit,
615 2847 657 2882 et
679 2837 870 2881 Seebod.
895 2836 1103 2880 emenda-

218 2898 360 2942 verint
384 2900 506 2940 inter
527 2910 701 2939 manus
722 2897 856 2950 hab„
890 2893 1012 2950 quod
1036 2894 1105 2936 te-

216 2957 361 3012 gimus
387 2954 503 3012 apud
526 2952 667 2996 Tacit.
690 2954 777 2997 An.
799 2950 839 3004 3,
867 2953 931 2995 16.
956 2954 1104 2992 visum

216 3017 338 3056 inter
397 3026 570 3053 manus
627 3010 812 3053 Pisonis
870 3011 1101 3058 libellum;

215 3071 335 3114 Ptin.
357 3069 496 3127 Epist.
524 3068 565 3115 2,
591 3068 629 3116 5,
650 3068 691 3111 2.
717 3067 833 3109 nihil
851 3068 978 3110 enim
1011 3070 1102 3109 ad-

217 3132 302 3171 huc
335 3127 461 3169 inter
503 3139 673 3167 manus
710 3125 877 3173 habui,
928 3123 1034 3166 ibid.
1066 3125 1105 3173 5,

217 3187 257 3237 5,
298 3185 341 3227 7.
392 3197 514 3240 quae
560 3184 682 3225 inter
731 3196 902 3225 manus
946 3184 1103 3224 habes.

221 3244 435 3287 Osannus
472 3255 581 3284 vero
618 3239 829 3297 praetulit
863 3242 910 3283 in
946 3241 1105 3281 manl-

219 3306 301 3344 bus
321 3302 457 3348 hab„
497 3295 550 3339 de
575 3311 662 3353 qua
695 3296 927 3339 locutione
953 3295 1107 3340 Gern-

221 3357 344 3402 hard.
403 3353 510 3398 dixit
572 3353 626 3395 ad
682 3353 776 3397 Cic.
831 3355 886 3396 de
942 3361 1108 3397 senect-

220 3434 260 3460 (ι.
291 3417 354 3465 11,
376 3413 443 3456 38.
471 3436 526 3444 —-
558 3411 960 3465 Deprehendinms
982 3411 1111 3454 deni·-

222 3489 308 3530 que
339 3469 559 3528 significat
583 3469 840 3511 Maternum
873 3468 1108 3524 inopinato

222 3543 486 3587 oppressum
532 3533 575 3569 et
608 3534 813 3583 captum,
863 3535 911 3567 ut
948 3525 1108 3581 Quint.

225 3588 330 3628 inst.
356 3602 421 3628 or.
450 3584 516 3634 12,
536 3585 577 3632 2,
600 3584 666 3625 14.
693 3598 846 3635 parva
871 3587 1105 3637 quaedam

221 3645 473 3690 amnudiu,
534 3643 579 3683 in
622 3641 852 3692 angustiis
896 3641 1099 3684 mobilia.

1154 536 1273 592 quo
1301 516 1502 574 minus
1535 515 1790 573 offensas
1811 508 2054 574 Catonis

1162 721 1330 762 campo
1342 696 1363 717 Χ
1405 709 1839 762 deprehenduntur.
1942 705 2055 749 Vide

1162 763 1424 867 ‘fiesgerum
1501 765 1557 827 ad
1621 765 1743 810 Ptin.
1811 764 1952 831 Epist.
2013 766 2054 810 8,

1223 965 1411 1008 Nihilne
1452 971 1512 1007 te.
1581 963 1658 1007 Sic
1696 980 1721 1007 e
1753 964 1886 1009 MSS.
1918 964 2058 1022 Neap.

1167 1024 1229 1082 [et
1250 1023 1388 1066 Farn.
1410 1029 1521 1064 teste
1545 1021 1754 1078 Bekker]
1781 1021 2058 1081 scripsimus,

1166 1095 1272 1124 cum
1305 1080 1352 1122 in
1383 1079 1486 1123 edd.
1525 1078 1738 1123 omnibus
1770 1089 1906 1123 exstet
1932 1082 2058 1123 nilne

1166 1146 1211 1180 te
1254 1139 1451 1196 [praeter
1484 1135 1757 1180 novissimas
1790 1137 1979 1182 Bekkeri
2017 1147 2059 1180 et

1165 1196 1344 1243 Boett.,
1403 1194 1479 1251 qui
1523 1194 1709 1238 Farnes.
1755 1193 1874 1238 libro
1924 1197 2056 1239 obse-

1166 1252 1296 1311 quuti
1318 1252 1460 1308 sunt].
1517 1251 1776 1295 Heumanni
1798 1268 1926 1297 aures
1948 1268 2057 1297 acu-

1168 1312 1307 1355 tiores
1341 1310 1513 1354 seilicet
1543 1311 1672 1352 nilne
1706 1325 1802 1353 non
1836 1309 2058 1363 serebant,

1169 1377 1443 1428 quapropter
1467 1366 1504 1409 is
1528 1369 1600 1409 nit
1619 1375 1665 1409 te
1685 1366 1964 1425 corrigebat,
1993 1384 2062 1411 re·

1166 1427 1335 1470 futatus
1353 1442 1376 1468 a
1387 1423 1687 1482 Wopkensio
1701 1424 1919 1474 Obseer.
1933 1425 2061 1470 misc.

1169 1483 1278 1529 vot.
1300 1482 1400 1532 Vll,
1419 1481 1461 1526 3.
1496 1498 1542 1540 p.
1564 1481 1665 1526 888.

1232 1625 1435 1680 offensas
1452 1623 1644 1667 Catonis
1665 1628 1741 1670 tui
1755 1634 1902 1670 ames.
1946 1626 2062 1675 Edd.

1170 1693 1274 1729 ante
1305 1681 1508 1741 Lipsium
1543 1679 1847 1737 consentiunt¹
1867 1685 1916 1728 in
1953 1699 2062 1730 cor-

1169 1749 1302 1800 rupta
1323 1741 1544 1798 scriptura
1567 1754 1732 1793 aures,
1772 1746 1906 1797 quam
1932 1742 2066 1801 inge·
2110 1785 2117 1790 .

1170 1800 1323 1848 niose,
1369 1814 1420 1840 ex
1450 1796 1749 1849 Farnesiano,
1787 1807 1839 1841 ut
1876 1800 2066 1852 videtur,

1170 1855 1470 1915 Neapolitano
1511 1854 1616 1897 cod.
1656 1856 1924 1910 addicente,
1993 1858 2066 1902 Li-

1173 1914 1297 1975 psius
1325 1912 1670 1973 transformavit
1700 1914 1746 1956 in
1778 1929 1939 1967 ames,
1989 1933 2066 1961 re-

1176 1980 1359 2030 ceptum
1389 1968 1501 2012 ittud
1527 1969 1582 2012 ab
1605 1971 1818 2014 omnibus
1839 1972 1937 2018 sere
1960 1974 2066 2019 edd.

1175 2030 1272 2073 Nec
1294 2028 1535 2085 quicquam
1558 2027 1702 2084 aptius
1724 2029 1963 2088 excogitari
1987 2048 2066 2092 po·

1175 2087 1288 2136 tuit,
1329 2085 1364 2127 si
1392 2084 1576 2142 quidem
1604 2083 1687 2127 hac
1709 2101 1818 2130 voce
1839 2103 1969 2132 amor
1989 2090 2065 2134 de·

1177 2145 1402 2202 signatur,
1461 2156 1551 2198 quo
1599 2141 1842 2200 scriptores
1888 2145 1957 2189 sui
2000 2147 2066 2191 in·

1178 2201 1295 2260 genii
1361 2207 1653 2242 monumenta
1713 2200 2067 2260 amplectuntur.

1179 2259 1255 2303 sic
1278 2257 1398 2316 apud
1420 2255 1563 2300 Ovid.
1584 2255 1722 2301 Trist.
1745 2257 1788 2309 4,
1813 2262 1851 2312 1,
1871 2259 1944 2306 29.
1971 2260 2069 2306 Sea

1177 2331 1301 2359 nunc
1333 2315 1444 2371 quid
1465 2314 1689 2370 faciam?
1730 2315 1803 2359 υἷε
1834 2332 1910 2361 me
1944 2326 2068 2362 tenet

1174 2377 1280 2429 ipsa
1323 2386 1567 2415 sororum:
1634 2372 1697 2415 Ec
1742 2388 1937 2419 ear-men
1981 2380 2068 2420 de-

1176 2445 1334 2486 mens,
1403 2429 1619 2471 carmine
1671 2432 1828 2475 laesus·
1845 2466 1856 2487 ,
1931 2449 2069 2486 ama,

1178 2488 1291 2534 ibid.
1316 2503 1364 2532 v.
1391 2486 1463 2530 35.
1490 2501 1577 2529 nos
1610 2502 1787 2543 quoque
1818 2493 2069 2543 delectam,

1177 2547 1394 2603 quamvis
1413 2558 1612 2586 nocuere
1671 2546 1840 2600 libelli,
1879 2555 1924 2592 et
1946 2549 2068 2594 simi·

1176 2604 1277 2647 liter
1309 2604 1428 2646 idem
1461 2609 1591 2660 poeta
1624 2576 1758 2647 ζΓι·ὶεῐ.
1782 2605 1824 2654 4,
1845 2604 1888 2655 4,
1912 2607 1986 2651 21.
2017 2615 2069 2650 ut

1174 2677 1270 2704 non
1289 2662 1523 2703 debuerim
1537 2691 1548 2709 ‚
1581 2666 1743 2704 tamen
1763 2664 1849 2706 hoe
1868 2677 1953 2718 ego
1976 2667 2065 2708 eri-

1176 2733 1286 2762 men
1307 2718 1494 2760 amabO.
1526 2717 1565 2759 F
1569 2716 1684 2759 utitis
1712 2734 1818 2763 vero
1838 2730 1904 2765 est
1914 2721 2067 2766 Dron-

1176 2776 1237 2820 kii
1264 2777 1526 2820 coniectura
1550 2787 1706 2831 cures,
1747 2792 1882 2836 quam
1917 2777 1984 2822 vel
2018 2779 2067 2824 in

1175 2841 1345 2878 textum
1402 2829 1544 2889 recipi
1611 2829 1689 2876 itte
1754 2834 1865 2880 vult.
1962 2836 2067 2880 Non

1176 2890 1420 2950 perspexit,
1484 2890 1752 2935 sententiam
1801 2892 1907 2937 inde
1958 2895 2067 2939 oriri

1175 2950 1280 2992 huic
1316 2948 1417 2990 loco
1454 2945 1586 3004 plane
1621 2949 1920 3004 contrariam,
1961 2951 2067 3012 quia

1173 3006 1437 3050 Maternum
1484 3002 1582 3047 illas
1622 3005 1796 3050 fabulas
1840 3009 2064 3068 maligno-

1173 3079 1277 3108 rum
1295 3069 1585 3106 contemnere
1603 3080 1673 3108 eas
1707 3081 1763 3109 ue
1780 3063 1893 3110 nihil
1912 3082 2068 3112 curare

1175 3129 1326 3180 aperte
1350 3119 1522 3161 dictum
1550 3129 1628 3165 est.
1749 3123 1798 3166 ti
1831 3124 1921 3168 itur
1941 3141 2066 3171 cura·

1177 3187 1243 3222 ret
1265 3194 1314 3220 ex
1338 3176 1730 3230 Droukiitmente,
1760 3181 1803 3224 fa
1839 3181 1937 3227 ulae
1961 3182 2067 3225 istae

1179 3251 1283 3280 eum
1318 3243 1487 3277 terrere
1521 3235 1756 3282 debebant.
1824 3238 2067 3284 Rhenanus

1180 3291 1396 3338 coniecit:
1429 3291 1641 3345 offendas
1663 3296 1733 3340 vel
1758 3297 1952 3352 offensu
1974 3295 2064 3338 Ca-

1181 3352 1303 3393 tonis
1323 3353 1396 3392 tui
1415 3364 1574 3403 aures,·
1605 3351 1702 3397 Nic.
1724 3351 1958 3398 Heinsius:
1991 3355 2065 3410 of-

1169 3409 1339 3466 sensas
1377 3408 1573 3504 (Γαίοςῃιὶς
1618 3412 1691 3451 tui
1726 3412 1958 3456 averseris
1991 3413 2064 3456 vet

1181 3478 1422 3527 qvem-erm
1476 3464 1721 3510 tatinerius
1758 3469 1813 3511 ad
1850 3477 2066 3512 servatam

1180 3523 1280 3566 edd.
1313 3523 1598 3578 antiquarum
1632 3524 1898 3581 scripturam
1929 3542 2065 3569 recn-

1176 3583 1250 3622 las
1272 3580 1572 3636 supplendum
1599 3591 1773 3633 censet,
1804 3584 1923 3641 quod
1950 3601 2065 3628 con—

1178 3646 1340 3680 tortum
1370 3647 1450 3679 est.
