2150 4022
929 71 950 92 ἣ

379 244 623 307 Ιυωι
669 224 992 304 AGRIC.
1038 242 1272 302 vrrA
1309 233 1501 304 CAP.
1539 241 1638 302 25.

1814 245 1931 305 165
1959 308 1965 311 .

84 366 445 456 quia-'motus
470 370 884 432 universarum
911 373 1066 430 ultra
1095 373 1357 446 gentium
1388 383 1445 429 et
1467 372 1674 428 infesta
1700 366 1931 428 hostilis

82 463 370 521 exercitus
411 461 622 516 itinera
674 460 1068 527 timebantur,
1121 468 1328 532 portus
1363 459 1541 513 classe
1578 456 1930 532 exploravit:

80 569 229 626 quae
270 548 344 603 ab
380 543 657 619 Agricola
697 545 957 620 primum
992 544 1299 616 adsumpta
1345 542 1407 596 in
1445 553 1669 616 partem
1707 541 1926 598 virium

79 633 430 710 sequebatur
458 630 683 704 egregia
710 630 901 704 specie
920 675 936 697 ‚
979 649 1114 686 cum
1139 626 1315 682 simul
1339 637 1524 696 terra,
1569 626 1745 683 simul
1777 626 1929 682 mari

78 719 302 775 bellum
333 716 692 793 impellitur,
736 736 801 771 ac
828 734 996 789 saepe
1031 713 1240 769 iisdem
1272 712 1472 767 castris
1511 713 1688 786 pedes
1726 731 1930 788 eques-

78 878 283 921 hostibus
317 875 488 917 itinera
524 874 833 924 timebantur,
881 887 967 915 ex-

78 937 218 979 ercitu
234 940 427 987 portus,
462 932 611 973 classe
633 933 911 983 exploravit.

138 989 313 1046 infesta
328 990 506 1031 hostilis
524 988 755 1030 exercitus
775 989 965 1030 itinera.

79 1048 158 1092 Sic
182 1048 284 1091 MS.
309 1046 457 1090 Vatic.
483 1045 610 1088 3429.
641 1048 760 1099 (test.
789 1045 965 1087 Broter.

80 1115 123 1150 et
149 1103 347 1159 Dronk.)
371 1103 476 1147 cod.
496 1101 653 1147 Ursini
676 1110 718 1144 et
740 1102 839 1147 edd.
860 1108 964 1144 vett.

82 1172 184 1206 ante
222 1162 425 1205 Rhenan.
477 1165 661 1209 omnes,
719 1159 792 1217 qui
839 1158 973 1202 tacite

81 1220 219 1264 edidit
267 1219 424 1262 hostili
471 1218 708 1268 exercitu,
758 1231 972 1273 compro-

81 1278 235 1321 batum
260 1275 373 1320 illud
397 1276 450 1318 ab
475 1275 576 1317 edd.
600 1287 696 1332 sqq.
722 1283 764 1316 et
783 1288 928 1330 nuper
949 1288 974 1314 a

81 1333 279 1379 Walch.
325 1341 366 1376 et
406 1330 626 1374 Bekkero.
702 1331 835 1374 Falso
881 1330 974 1372 Sel-

80 1392 245 1450 lingius
291 1390 322 1433 l.
358 1389 387 1433 l.
419 1388 664 1440 dubitavit,
722 1402 829 1431 num
875 1388 974 1431 bar-

79 1449 296 1493 barorum
356 1447 532 1504 agmina
597 1448 832 1489 exercitus
893 1461 973 1487 no·

81 1507 205 1549 mine
225 1504 439 1565 appellari
467 1504 665 1562 possint3
696 1504 800 1546 vide
834 1502 971 1545 modo

80 1563 239 1608 Germ.
276 1579 316 1606 c.
345 1561 441 1613 35..
484 1562 559 1604 ubi
599 1562 653 1604 de
685 1561 970 1608 Chaucorum

82 1630 212 1679 gente
245 1635 395 1664 sermo
430 1627 516 1669 est,
551 1626 775 1674 prompta
808 1625 971 1659 tamen

82 1679 298 1721 omnibus
331 1692 473 1718 arma
505 1692 584 1727 ac,
622 1679 664 1718 si
691 1691 766 1717 res
791 1682 969 1728 poscat,

85 1737 341 1784 exercitus,·
373 1734 496 1776 Caes.
519 1734 573 1776 de
595 1732 644 1776 B.
670 1733 723 1778 G.
754 1735 790 1784 1,
810 1732 878 1774 47.
899 1732 971 1773 48.

83 1793 206 1836 alibi.
265 1790 382 1835 Utut
404 1800 492 1840 est,
537 1790 663 1834 locus
696 1807 778 1834 nec
799 1789 970 1831 Rhena-

82 1851 130 1894 ni
158 1850 516 1892 emendationem
541 1848 732 1904 postulat
757 1863 841 1890 nec
867 1846 972 1889 alio·

82 1923 185 1950 rum
209 1906 504 1953 coniecturas,
531 1906 654 1947 velut
667 1903 864 1954 Beckeri,
897 1903 972 1960 qui

82 1964 266 2010 volebat
317 1962 490 2018 infesta
535 1964 745 2004 hostibus
787 1964 971 2008 itinera,

82 2021 206 2081 quod
260 2022 398 2079 possit
452 2020 630 2062 defendi
680 2019 806 2062 Suet.
853 2018 970 2073 Aug.

83 2095 124 2124 c.
153 2079 194 2121 8.
230 2093 315 2132 per
358 2078 552 2134 infestos
600 2079 804 2120 hostibus
846 2077 945 2118 vias
959 2093 974 2127 ;

83 2135 310 2194 SeHingii,
360 2134 437 2192 qui
482 2135 789 2191 suspicabatur
821 2142 864 2175 et
901 2135 971 2174 in-

70 2196 204 2253 festa
249 2195 420 2235 itinera
466 2195 771 2242 timebantur,
826 2191 977 2234 verbis

83 2252 263 2295 hostilis
279 2250 512 2292 exercitus
525 2258 678 2307 utpote
690 2249 841 2307 inepto
859 2248 973 2306 glos·

81 2317 246 2354 semate
283 2306 448 2350 eiectis.
526 2306 752 2349 Nimirum
793 2306 974 2349 hostilis

84 2367 316 2410 exercitus
345 2380 439 2407 non
470 2364 724 2406 necessario
751 2363 971 2419 accipien-

84 2425 192 2467 dum
245 2429 308 2464 est
360 2435 444 2479 pro
493 2421 696 2463 hostium
752 2422 973 2470 exereitu,

83 2482 226 2524 immo
251 2487 394 2536 potest
419 2477 606 2535 intelligi
630 2493 684 2521 ac
708 2476 874 2519 rectius
899 2477 974 2519 in-

83 2537 301 2597 telligitur
322 2536 537 2579 exercitus
560 2534 778 2578 hostiliter
801 2534 973 2576 inrum·

83 2612 209 2656 pens,
242 2594 287 2638 h.
309 2609 348 2636 e.
373 2591 612 2650 Agricolae
635 2593 861 2641 exercitus,
895 2591 972 2648 qui

83 2654 279 2699 civitates
304 2660 424 2694 trans
449 2649 708 2692 Bodotriam
742 2650 844 2692 sitas
876 2656 972 2691 tum

85 2711 374 2768 adgressurus
411 2715 516 2750 erat.
574 2705 652 2750 Sic
685 2707 800 2750 infra
834 2722 875 2750 c.
903 2706 972 2750 32.

83 2770 198 2812 vitia
217 2767 420 2809 hostium
444 2764 661 2821 Calgacus
684 2763 790 2807 dicit
813 2763 868 2807 de
894 2780 971 2806 sua

86 2832 218 2884 gente
240 2825 453 2880 loquens,
484 2830 525 2865 et
549 2821 659 2864 Hist.
684 2821 724 2873 3,
741 2823 810 2864 82.
831 2823 973 2864 simul

72 2882 314 2940 fulgentia
351 2894 436 2933 per
478 2881 619 2921 eolles
661 2881 840 2922 vexilla
870 2909 882 2921 .

83 2941 280 2994 speciem
301 2936 484 2980 hostilis
504 2938 732 2980 exercitus
742 2938 974 2992 fecerant.

86 2998 103 3040 l
110 2997 228 3055 gitur
247 2995 419 3052 infesta
442 2994 624 3035 hostilis
644 2997 876 3037 exercitus
898 2994 972 3035 iti-

87 3069 206 3098 nera
241 3053 530 3094 timebantur
562 3051 876 3108 explicandum
910 3058 974 3092 est

85 3111 173 3155 sic:
202 3108 466 3159 timebatur,
492 3123 549 3150 ne
571 3107 888 3152 infestarentur
908 3107 977 3150 iti·

87 3185 193 3212 nera
209 3201 220 3218 ‚
263 3165 446 3225 quando
469 3163 640 3208 hostilis
662 3165 974 3208 Romanorum

87 3226 298 3269 exercitus
335 3222 628 3280 inrumperet.
688 3223 885 3266 Hostilis
926 3239 976 3265 ex

88 3283 382 3325 barbarorum
419 3278 584 3322 dicitur
614 3288 787 3331 mentm
828 3281 856 3323 ii
891 3296 963 3324 au-

89 3347 180 3384 tem
201 3355 256 3382 ne
273 3337 463 3380 Romani
488 3336 704 3379 exercitus
724 3337 883 3380 itinera
905 3339 973 3380 in·

87 3396 299 3440 testarent
323 3395 579 3439 timebatur.
639 3394 836 3438 Brevitas
870 3395 975 3438 scri—

91 3453 235 3508 ptoris
253 3452 440 3508 decepit,
468 3460 516 3493 ut
533 3467 673 3507 saepe,
693 3452 973 3509 interpretes.

91 3509 224 3553 Nulla
247 3525 356 3554 vero
380 3509 552 3551 ratione
571 3508 760 3552 fulcitur
780 3509 975 3552 Dronkii

92 3566 334 3626 explicatio,
355 3566 431 3624 qui
448 3567 626 3610 hostilis
647 3569 878 3611 exercitus
902 3567 974 3608 icc·-

1036 884 1153 914 nera
1167 869 1488 925 interpretatur
1510 868 1853 927 „irruptionem,
1876 870 1931 911 si-

1038 944 1095 973 ve
1117 926 1238 984 ipsos
1256 926 1417 973 hostes,
1444 926 1518 980 qni
1534 926 1764 969 Romanos
1783 926 1931 970 infesti

1039 992 1164 1028 erant
1188 984 1437 1042 aggressuri
1452 984 1493 1031 ‚”
1528 984 1824 1035 necHertelii,
1859 983 1933 1026 cui

1036 1045 1179 1097 „hosa
1191 1055 1343 1084 exerc.
1357 1050 1423 1083 est
1439 1040 1702 1097 simpliciter
1715 1057 1811 1098 gen.
1828 1041 1932 1083 acti-

1041 1114 1138 1142 vus:
1166 1099 1325 1142 itinera
1340 1097 1511 1140 hostilis
1526 1099 1753 1145 exercitus,
1769 1099 1931 1142 Rorna-

1045 1158 1113 1200 nis
1133 1164 1422 1215 progressum
1450 1154 1785 1213 impedientia.''

1102 1215 1150 1256 in
1173 1221 1363 1267 partem
1396 1213 1584 1255 virium.
1647 1213 1750 1255 Non
1779 1212 1934 1255 Tacito

1045 1272 1192 1315 solum
1252 1271 1564 1326 frequentatur
1619 1271 1729 1313 haec
1783 1269 1936 1320 dictio,

1045 1345 1199 1372 verum
1227 1328 1355 1371 etiarn
1383 1326 1478 1370 Cic.
1505 1343 1573 1385 ep.
1600 1327 1652 1369 ad
1676 1327 1843 1371 divers.
1867 1328 1935 1375 14,

1045 1389 1087 1436 2,
1109 1388 1175 1437 7.,
1211 1385 1370 1438 virgil.
1399 1386 1513 1427 Aen.
1551 1383 1592 1433 3,
1614 1385 1715 1428 222.
1750 1385 1933 1442 eiusque

1042 1443 1257 1487 imitatori
1279 1442 1436 1485 Gratio
1459 1443 1708 1488 Faliscmv.
1724 1442 1824 1493 247,
1854 1442 1930 1484 ubi

1042 1502 1102 1546 cf.
1127 1502 1376 1544 Burmann.

1099 1558 1371 1611 impellitur.
1442 1556 1520 1600 Sic
1552 1554 1774 1599 MS.·Vat.
1802 1555 1930 1599 3429.

1044 1617 1119 1673 (de
1135 1617 1275 1658 altero
1289 1613 1435 1658 Vatic-
1457 1616 1625 1667 tacent)
1649 1623 1690 1656 et
1714 1613 1815 1657 edd.
1833 1621 1934 1656 vett.

1043 1683 1145 1717 ante
1199 1671 1426 1721 Rhenan„
1485 1671 1560 1726 qui
1613 1671 1659 1713 in
1713 1671 1932 1728 castigatt.

1040 1730 1296 1787 corrigebat
1359 1731 1685 1783 impelleretur
1741 1729 1799 1770 ob
1859 1744 1933 1772 se-

1045 1789 1228 1844 quentia
1251 1790 1517 1829 attollerent
1539 1794 1582 1828 et
1600 1794 1935 1842 compararen-

1043 1853 1133 1887 tur.
1202 1843 1468 1886 Rhenanam
1503 1843 1604 1885 dein
1642 1859 1800 1886 omnes
1834 1843 1935 1887 edi—

1043 1910 1166 1944 tores
1223 1900 1401 1958 sequuti
1459 1909 1580 1943 sunt.
1670 1900 1934 1958 Perperani.

1043 1959 1156 2002 Nam
1181 1966 1352 2001 tantum
1383 1959 1528 2010 abest,
1565 1966 1614 2000 ut
1643 1959 1830 2016 optativi
1853 1967 1933 2000 at-

1043 2019 1259 2058 tollerent
1298 2024 1340 2058 et
1378 2023 1774 2066 compararentur
1815 2024 1935 2059 ante-

1044 2074 1207 2118 cedens
1260 2074 1450 2118 verbum
1497 2072 1726 2132 postulent
1773 2073 1952 2116 eodem'

1046 2131 1184 2173 modo
1227 2130 1421 2188 positum
1439 2163 1456 2183 ,.
1497 2139 1544 2172 ut
1578 2139 1733 2173 contra
1770 2129 1935 2174 indica·

1042 2190 1160 2233 tivus
1189 2198 1230 2231 et
1255 2189 1472 2246 optativus
1495 2187 1541 2231 h.
1567 2187 1597 2231 l.
1624 2187 1867 2231 commode
1889 2204 1935 2231 se

1044 2246 1275 2302 excipiant.
1333 2245 1544 2299 Diversos
1573 2245 1733 2288 modos
1758 2261 1838 2302 per
1860 2261 1935 2288 co·

1045 2303 1262 2361 pulativas
1287 2303 1524 2361 particulas
1549 2302 1765 2360 coniungi
1790 2318 1936 2359 posse,

1044 2360 1259 2418 exemplis
1285 2360 1438 2404 docuit
1461 2359 1730 2403 Ramshorn.
1762 2375 1805 2416 p.
1836 2360 1937 2402 694.

1046 2418 1124 2469 [cf.
1138 2418 1265 2460 Otto.
1282 2418 1334 2460 ad
1351 2417 1441 2460 Cic.
1459 2418 1513 2460 de
1526 2419 1622 2462 Fin.
1645 2433 1688 2474 p.
1704 2417 1821 2470 141]
1869 2416 1935 2459 Si-

1044 2474 1150 2518 mile
1173 2473 1281 2531 quid
1309 2474 1658 2532 deprehenditur
1681 2474 1797 2532 apud
1830 2473 1937 2517 scri·

1044 2530 1412 2590 ptoresG-raecos,
1425 2532 1549 2575 velut
1563 2531 1745 2574 [socrat.
1760 2531 1813 2574 de
1829 2531 1936 2588 ssiga

1043 2589 1198 2647 p.348.
1219 2590 1276 2631 A.
1308 2592 1349 2643 §.
1371 2589 1415 2631 6.
1443 2605 1482 2632 c.
1497 2588 1536 2631 3.
1563 2584 1851 2645 εῗςήγγελλον
1873 2592 1938 2639 εἰς

1044 2645 1126 2700 τὴν
1140 2644 1310 2702 βουλὴν
1329 2647 1553 2702 λέγοντες,
1571 2644 1667 2695 ώςὸ
1686 2645 1834 2703 πατὴρ
1845 2647 1938 2705 μὲν

1044 2719 1073 2747 o·
1086 2722 1111 2748 v
1124 2701 1188 2748 νά
1200 2719 1231 2761 γ
1244 2718 1264 2747 ε
1277 2721 1292 2745 ι
1320 2704 1457 2761 [apud
1472 2704 1703 2747 Bremium
1718 2720 1887 2747 excurs.
1900 2704 1937 2748 I.

1043 2762 1095 2805 T.
1111 2763 1144 2806 l.
1173 2779 1215 2820 p.
1239 2762 1333 2804 198.
1363 2758 1582 2818 συνάγοι]
1604 2760 1686 2817 τὴν
1707 2763 1938 2820 ἑταιρείαν

1042 2821 1119 2864 ἐπὶ
1133 2821 1368 2876 νεωτέροις
1384 2814 1667 2877 πράγμασιν,
1683 2821 1809 2863 οὗτοι
1823 2819 1868 2863 δ’
1887 2821 1939 2864 ἐν

914 2909 926 2921 .
956 2905 972 2920 .
1045 2880 1098 2938 τῇ
1110 2878 1430 2945 Πουλυτίωιζος
1453 2881 1573 2934 οἰκίᾳ
1596 2879 1938 2922 συνδειπνοῦν-

1045 2950 1117 2985 τες
1149 2936 1204 2978 τὰ
1231 2948 1460 2994 μυστηρια
1490 2932 1836 2991 ποιήσειαν;
1875 2936 1936 2979 id.

1044 2993 1230 3050 Trapez.
1257 2992 1410 3050 p.369.
1426 2993 1483 3035 A.
1506 2993 1686 3050 ἔλεγεν,
1721 2992 1790 3038 ὅτι
1815 2990 1935 3037 ἐλεύ·

1044 3048 1182 3109 θερός
1207 3051 1330 3093 ἔστι
1359 3052 1435 3093 καὶ
1460 3050 1510 3094 ’ιὸ
1535 3054 1668 3107 γένος
1689 3055 1773 3105 εἴη
1785 3049 1934 3106 Μιλή-

1046 3122 1167 3163 σιος,
1205 3110 1460 3166 πέμψειε
1498 3109 1550 3152 δὲ
1571 3108 1714 3153 αὐτὸν
1727 3113 1935 3153 Πασίων.

1047 3166 1108 3210 cf.
1122 3165 1282 3209 Matth.
1301 3182 1365 3223 gr.
1381 3182 1445 3223 gr.
1460 3168 1594 3224 ampl.
1607 3167 1657 3210 T.
1673 3166 1727 3210 ll.
1752 3183 1794 3224 p.
1812 3167 1933 3210 1031.

1046 3222 1325 3281 Bernhardy.
1357 3224 1413 3267 de
1444 3232 1527 3266 art.
1551 3224 1711 3268 Graec.
1743 3231 1933 3282 syntact.

1046 3297 1091 3339 p.
1114 3280 1213 3324 389.
1276 3281 1352 3325 Sic
1386 3281 1501 3339 apud
1527 3281 1734 3324 Tacitum
1765 3283 1933 3335 impel-

1046 3340 1157 3381 litur
1190 3345 1233 3380 et
1266 3341 1532 3380 attollerent
1559 3354 1623 3395 sq.
1648 3338 1826 3382 diverso
1858 3355 1933 3381 ex-

1046 3395 1258 3438 hibent-ur
1291 3396 1455 3444 modo,
1507 3397 1611 3452 quia
1653 3394 1823 3438 diversa
1869 3403 1936 3439 est

1047 3467 1204 3496 eorum
1218 3453 1446 3497 sententia.
1478 3453 1591 3496 Nam
1606 3461 1721 3494 terra
1737 3452 1936 3511 marique

1047 3518 1141 3552 tum
1164 3509 1331 3553 bellum
1357 3510 1597 3568 impulsum
1623 3524 1731 3557 esse,
1758 3507 1816 3554 ita
1842 3525 1937 3553 cer.

1047 3574 1145 3609 tum
1167 3574 1228 3610 est
1254 3576 1298 3614 et
1321 3584 1369 3612 ex
1393 3565 1759 3626 praecedentibus
1782 3567 1940 3625 cogni,
