2150 4022
0 938 2 940 ’
68 931 222 972 ῙῚΠΪΙ.

385 268 629 331 IULII
676 265 995 328 AGRm.
1042 237 1284 341 vijTA
1338 269 1658 351 CAP.,8..
1818 277 1939 338 127

248 397 418 464 VIII.
481 398 759 457 Praeerat
805 409 950 456 tunc
993 394 1344 458 Britanniae
1390 401 1625 461 Vettius
1670 402 1937 466 Bolanus

75 487 394 564 placidum,
436 506 615 563 quam
641 484 826 541 feroci
847 483 1155 559 provincia
1182 485 1431 558 dignum
1458 500 1559 549 est.
1644 500 1938 568 tempera-

74 574 160 630 vit
194 568 471 646 Agricola
508 571 630 626 vim
665 589 833 626 suam
869 568 1257 645 ardoremque
1294 575 1674 648 compescuit,
1727 597 1803 633 ne
1837 579 1934 635 in-

73 668 379 727 cresceret5
445 657 670 730 peritus
723 654 970 731 obsequi
1021 654 1400 732 eruditusque
1450 659 1621 716 utilia
1668 656 1933 722 honestis

69 743 331 802 miscere.
416 739 597 798 Brevi
640 740 854 798 deinde
889 736 1204 796 Britannia
1246 742 1614 800 consularem
1649 742 1932 807 Petilium

69 824 361 884 Cerialem
387 826 624 902 accepit.
711 821 1052 882 habuerunt
1081 823 1329 899 virtutes
1354 828 1606 902 spatium
1635 834 1932 909 exemplo-

309 913 411 968 sed
451 911 643 987 primo
685 908 933 968 Cerialis
974 910 1154 966 modo
1191 910 1424 968 labores
1468 924 1525 970 et
1568 915 1930 991 discrimina,

67 1017 204 1054 mox
239 1009 294 1054 et
328 997 576 1071 gloriam
613 995 1109 1053 communicabat:
1166 1013 1336 1072 saepe
1365 998 1523 1073 parti
1550 1003 1835 1061 exercitus
1862 1006 1928 1062 in

66 1083 562 1158 experimentum,
630 1081 974 1158 aliquando
997 1080 1324 1138 maioribus
1372 1083 1559 1159 copiis
1603 1105 1671 1143 ex
1715 1102 1928 1147 eventu

65 1168 362 1244 praefecit.
448 1187 556 1223 nec
583 1162 860 1240 Agricola
895 1185 1161 1242 unquam
1195 1166 1260 1222 in
1291 1186 1456 1226 suam
1494 1170 1715 1233 famam
1755 1176 1928 1247 gestis

68 1252 402 1310 exsultavit:
460 1253 536 1310 ad
575 1263 874 1309 auctorem
915 1261 971 1308 et
1007 1250 1246 1322 ducem,
1287 1262 1356 1310 ut
1391 1253 1936 1330 minister,'fortu-x

125 1471 236 1516 CAP.
259 1471 302 1514 8.
366 1469 567 1512 Vettius.
630 1467 708 1513 Sic
732 1467 835 1512 MS.
856 1469 948 1511 Vae

66 1524 141 1572 tic.
167 1525 294 1571 4498.
326 1527 427 1572 edd.
458 1526 605 1584 Ryek.
639 1528 817 1570 Broter.
852 1543 951 1584 sqq.

66 1583 123 1629 cf.
151 1594 245 1629 not.
268 1585 323 1628 ad
345 1584 435 1628 An.
459 1586 524 1635 15,
540 1585 580 1628 3.
618 1586 729 1627 Hist.
747 1586 786 1634 Ξ,
801 1584 873 1628 65.
899 1609 967 1621 -ι

67 1643 255 1685 Vectius
279 1642 380 1685 MS.
405 1642 546 1685 Vatic.
574 1642 700 1684 3429.
728 1641 829 1684 edd.
856 1642 954 1685 Riv.

36 1740 41 1746 ,
64 1699 269 1743 Beroald.
291 1715 383 1756 sqq.
407 1700 460 1742 ad
482 1699 721 1755 Ryckium.
753 1724 807 1732 -
851 1699 952 1741 Vo-

66 1757 185 1799 ctz'us
207 1756 308 1799 edd.
333 1758 437 1799 Put.
465 1772 534 1814 pr.
561 1757 629 1799 M.
655 1765 698 1799 et
722 1757 778 1799 V.

122 1841 357 1884 Bolanus.
438 1838 516 1885 Sic
557 1839 659 1884 edd.
697 1839 815 1897 Lips.
853 1856 954 1898 sqq.

63 1898 315 1941 seeundum
349 1895 476 1940 locos
502 1898 587 1940 An.
611 1905 652 1940 et
675 1896 787 1940 Hist.
815 1899 953 1941 modo

62 1954 276 1998 laudatos.
315 1977 374 1986 -
434 1955 651 1997 Volanus
677 1954 779 1998 MS.
809 1953 954 1998 Vatic.

61 2009 190 2056 3429.
223 2019 267 2054 et
300 2011 402 2055 edd.
435 2021 537 2055 ante
567 2011 767 2069 Lipsium
789 2044 801 2061 ‚
845 2012 949 2056 vul-

91 2069 154 2112 ari
183 2067 434 2113 litterarum
468 2085 492 2111 υ
526 2079 568 2113 et
599 2070 626 2110 b
662 2067 948 2113 confusione.

84 2134 126 2169 ta
148 2123 195 2168 in
218 2126 287 2169 ed.
312 2125 430 2183 Spir.
457 2126 546 2170 An.
574 2127 639 2178 11,
664 2129 730 2170 10.
759 2126 949 2172 vidimus

64 2184 319 2227 Vardanes
348 2198 431 2242 pro
466 2185 727 2228 Bardones.

114 2268 376 2322 provincia.
438 2266 553 2310 Edd.
581 2267 686 2312 Put.
717 2269 787 2312 M.
820 2232 863 2311 et
895 2269 954 2315 V.

61 2325 167 2370 Alc.
185 2326 465 2379 provinciae.
498 2366 503 2372 ,

116 2411 308 2463 dignum
341 2416 424 2451 est.
497 2406 726 2450 Acidalius
758 2408 951 2451 malebat

62 2474 208 2519 esset,
250 2466 372 2522 quod
399 2463 646 2507 Walcbius
669 2463 781 2506 vidit
806 2463 854 2507 in
879 2465 948 2508 ed.

60 2525 164 2568 Riv.
213 2546 272 2556 —
341 2522 550 2565 Ernestio
589 2521 793 2580 placebat
827 2530 946 2564 erat.

59 2581 293 2624 Heinsius:
332 2580 551 2635 dignum.-
594 2583 678 2621 sed
710 2586 947 2633 tempera-

61 2640 127 2681 vit
157 2646 241 2682 etc.
302 2637 487 2680 Frustra
524 2652 701 2679 omnes.
763 2637 946 2680 Tacitus

58 2698 247 2751 dignum
272 2702 340 2737 est
360 2694 469 2738 dicit
488 2711 511 2737 e
533 2709 610 2737 sua
635 2693 772 2751 ipsius
794 2702 947 2739 aetate.

59 2754 164 2807 Non
199 2753 319 2795 enim
352 2759 504 2810 postca
536 2750 691 2794 mitior
721 2751 809 2795 fuit
838 2751 944 2794 Bri-

58 2810 225 2855 tannia.
249 2868 251 2871 .

114 2908 172 2936 ne
202 2895 490 2936 incresceret.
557 2891 620 2953 Hg
650 2909 687 2936 e.
722 2908 779 2934 ne
810 2908 945 2950 super

59 2950 281 2994 Bolanum
304 2951 576 3008 adsurgeret.
619 2949 945 2993 AtWalchius

59 3017 190 3076 negat
225 3008 476 3050 increscere
514 3022 595 3063 per
634 3007 944 3065 metaphoram

63 3067 153 3109 dim
179 3065 232 3108 (le
252 3064 458 3107 homine:
498 3079 632 3122 quare
651 3063 737 3108 hoc
758 3065 943 3107 verbum

59 3124 151 3180 ipse
182 3121 320 3165 refert
354 3121 408 3164 ad
439 3126 681 3164 ardorem.
743 3122 943 3165 Fallitur.

59 3181 174 3224 Nam
197 3180 438 3233 insurgere
460 3178 623 3221 dicitur
651 3178 781 3222 etiam
806 3178 943 3222 homo

59 3237 175 3296 apud
188 3236 312 3279 Suet.
338 3236 390 3278 de
413 3234 752 3292 illust.,gramm.
769 3235 811 3279 3.
831 3236 944 3278 Post

58 3297 143 3337 hoc
171 3293 328 3346 magis
358 3308 412 3334 ac
448 3294 604 3346 magis
635 3300 679 3334 ec
709 3295 864 3347 gratia
898 3301 942 3335 et

57 3365 175 3395 eura
197 3351 318 3393 arcis
340 3351 551 3397 increvit,
582 3356 631 3391 ut
655 3358 737 3396 etc.
797 3350 933 3407 Apud

58 3408 174 3450 Plin.
187 3423 285 3466 epp.
297 3407 336 3453 8,
349 3407 390 3450 4.
405 3406 634 3462 ingenium
651 3407 769 3450 docti
793 3407 934 3450 bomi-

57 3465 127 3507 nis
141 3463 355 3519 (Caninii)
379 3463 544 3506 dicitur
569 3465 815 3506 increscente
836 3480 935 3506 ‹zm-

56 3523 144 3575 plis
160 3521 389 3572 operibus.
449 3519 679 3563 Ernestius
701 3532 820 3565 recte
844 3521 933 3564 ani-

0 3577 4 3585 '
57 3577 287 3622 madvertit
338 3577 520 3621 verbum
568 3592 628 3620 ne
676 3580 936 3633 insurgeret

1025 1469 1182 1512 inutile
1200 1486 1308 1522 esse,
1328 1471 1363 1516 si
1381 1474 1600 1529 pertineat
1613 1475 1668 1520 ad
1683 1482 1923 1524 ardorem.

1028 1543 1127 1569 nam
1144 1526 1180 1569 si
1204 1529 1534 1585 quis‘ardorem
1550 1536 1810 1591 compescit,
1834 1536 1923 1582 hoc

1026 1600 1106 1641 per
1137 1600 1182 1626 se
1217 1585 1486 1643 intelligitur
1514 1603 1618 1634 eum
1649 1592 1819 1645 facere,
1863 1608 1922 1638 ne

1027 1642 1165 1684 ardor
1195 1642 1411 1700 insurgat.
1845 1652 1858 1660 ‘⁹

1083 1724 1305 1772 Petilium
1355 1728 1605 1773 Cerialem.
1686 1730 1764 1776 Sic
1817 1733 1919 1777 edd.

1026 1781 1146 1839 Lips.
1175 1798 1272 1841 sqq.
1314 1809 1368 1818 —
1428 1787 1650 1829 Petilium
1680 1789 1920 1834 Cerealem

1027 1841 1125 1883 edd.
1157 1841 1256 1884 Riv.
1284 1840 1493 1887 Beroald.
1519 1846 1617 1887 Alc.
1643 1845 1789 1891 Rhen.
1812 1848 1919 1896 Ald.

1027 1896 1204 1955 Micyll.
1245 1923 1302 1932 —
1362 1899 1638 1944 Peretilium
1674 1905 1920 1949 Cerealem

1025 1955 1126 1997 edd.
1149 1952 1252 1999 Put.
1277 1971 1348 2014 pr.
1374 1957 1442 2002 M.
1465 1968 1507 2002 et
1529 1959 1586 2003 V.
1649 1960 1706 2004 cf.
1736 1972 1832 2007 not.
1861 1963 1918 2008 ad

1025 2011 1114 2055 An.
1144 2011 1211 2065 14,
1234 2013 1306 2058 32.
1364 2014 1478 2060 Hist.
1499 2015 1540 2068 3,
1565 2017 1636 2061 59.
1660 2018 1735 2065 78.
1759 2036 1828 2079 sq.

1080 2098 1345 2140 habuerunt
1371 2099 1570 2144 virtutes
1597 2103 1804 2157 spatl'um
1823 2119 1914 2147 ex-

1026 2155 1305 2208 emplorum.
1364 2156 1533 2200 Similis
1559 2163 1775 2203 sententia
1803 2162 1918 2220 legi·-

1023 2219 1099 2254 tur
1133 2213 1222 2255 An.
1248 2213 1317 2262 13,
1338 2213 1382 2256 8.
1402 2215 1752 2272 ‚videbatur-<7140
1783 2221 1918 2263 locus

1023 2270 1270 2313 virtutibus
1287 2272 1576 2327 patefactus.
1636 2274 1722 2318 Hic
1744 2291 1915 2319 exem-

951 2368 956 2373 Δ
1017 2329 1103 2382 pla
1135 2335 1237 2370 sunt
1269 2330 1628 2388 παραδείγματα
1650 2333 1914 2390 (Baucis-e),

1023 2384 1309 2435 documenta,
1335 2387 1586 2445 habentque
1608 2390 1795 2433 virtutes
1816 2407 1914 2450 spa·

1021 2440 1133 2483 tium
1157 2444 1490 2502 exemplorum,
1522 2445 1597 2487 ubi
1621 2446 1746 2490 locus
1771 2448 1913 2494 virtu·

1019 2497 1138 2540 tibus
1167 2506 1231 2540 est
1263 2500 1528 2556 patefactus.
1588 2501 1764 2561 Lipsius
1794 2507 1912 2551 male

1020 2555 1235 2598 coniecit:
1271 2559 1538 2600 habuerunt
1569 2563 1765 2607 virtutes
1794 2577 1912 2616 spa?

1020 2611 1138 2653 tiam
1179 2620 1226 2654 et
1263 2619 1559 2669 exemplum:
1609 2619 1735 2677 peius
1773 2620 1910 2666 etiam

1019 2668 1249 2712 Heinsius:
1283 2674 1566 2716 addiderunt
1588 2677 1782 2720 virtutes
1802 2692 1911 2734 spo·
1942 2689 1949 2696 ·

1019 2727 1080 2768 tio
1100 2731 1443 2783 exemplorum.
1713 2750 1717 2754 ’

1076 2813 1216 2852 modo
1239 2813 1437 2857 labores.
1496 2814 1599 2860 MS.
1614 2815 1759 2863 Vatic.
1776 2788 1916 2866 3429.

1016 2866 1276 2967 2320an
1302 2869 1490 2916 Becker.
1519 2873 1686 2919 Hertel.
1718 2880 1907 2923 labores

1073 2999 1121 3040 in
1146 3012 1285 3041 suam
1298 2999 1493 3055 somam
1516 3005 1661 3056 gestis
1687 3011 1901 3051 exsulta-

1019 3057 1098 3098 vit.
1159 3054 1210 3099 H.
1239 3073 1279 3099 e.
1313 3059 1443 3114 gestis
1475 3060 1732 3115 exsultavit,
1774 3074 1824 3108 ut
1854 3066 1902 3109 in

1017 3113 1180 3155 famam
1206 3129 1331 3156 suam
1353 3123 1514 3161 essent.
1556 3118 1793 3166 Brevitatis
1811 3133 1901 3166 stu-

1019 3169 1090 3211 dio
1123 3169 1302 3214 Tacitus
1338 3170 1488 3217 locum
1527 3178 1768 3222 contrahit.
1827 3181 1899 3222 Si-

1015 3226 1135 3268 milia
1167 3236 1270 3270 sunt
1292 3228 1398 3273 infr.
1426 3247 1464 3274 c.
1490 3233 1554 3275 10.
1578 3249 1671 3276 non
1694 3236 1744 3277 ιή
1770 3252 1902 3279 com-

1012 3285 1311 3336 parationem
1338 3318 1349 3329 .
1367 3319 1377 3330 .
1397 3320 1405 3329 .
1423 3320 1434 3331 .
1459 3291 1687 3344 reseram.
1744 3294 1834 3337 An.
1855 3296 1899 3344 2,

1012 3341 1080 3383 18.
1103 3356 1218 3395 (prens
1238 3343 1447 3400 (catenas)
1466 3348 1513 3387 ιή
1533 3348 1772 3392 Romanos
1787 3366 1898 3405 por·

1009 3405 1249 3443 laverant.
1308 3401 1350 3449 5,
1374 3402 1415 3445 7.
1448 3419 1553 3446 cum
1585 3406 1632 3446 in
1662 3408 1896 3452 Blaesum

1009 3457 1161 3496 multa
1177 3457 1418 3515 foedaque
1439 3462 1747 3507 famis-auisset.
1838 3476 1842 3482 '

1066 3530 1110 3563 ec
1141 3526 1315 3581 dueem,
1378 3528 1478 3573 MS.
1506 3527 1646 3572 Vatic.
1676 3531 1805 3594 3429.
1839 3534 1894 3580 (τό
1915 3533 1937 3552 “

1008 3581 1184 3623 ducem.
1233 3587 1236 3594 '
