2150 4022
401 259 649 326 IULll
693 262 1011 324 AGRIC.

1054 264 1290 322 vl‘rA
1348 266 1549 326 CAP.
1576 255 1677 327 46.
1829 256 1956 325 215

282 393 446 454 XLV
450 392 495 449 Ι.
539 394 606 452 Si
642 394 775 470 quis
809 392 1046 467 piorum
1087 394 1360 450 manibus
1394 396 1589 464 locu8,
1644 395 1724 463 si,
1765 406 1830 450 ut
1859 415 1950 451 sa-

110 480 404 556 pientibus
428 480 633 552 placet,
659 498 782 534 non
806 498 938 534 cum
966 498 1208 552 corpore
1235 479 1684 552 exstinguuntur
1707 499 1951 552 magnae

111 561 365 622 anim'a'e:
410 564 638 637 placide
666 563 926 639 quiescas
957 581 1214 638 nosque,
1257 563 1499 619 domum
1528 577 1716 632 tuam,
1760 565 1834 620 ab
1856 565 1949 619 in-

110 651 278 706 firmo
317 648 608 706 desiderio
645 659 702 704 et
735 647 1131 703 muliebribus
1172 647 1443 703 lamentis
1478 651 1551 704 ad
1591 650 1951 723 eontempla-

109 727 327 791 tionem
354 733 638 789 virtutum
664 744 898 789 tuarum
925 752 1123 800 voceS‚
1165 750 1310 808 quas
1332 752 1521 808 neque
1545 734 1733 806 lugeri
1758 754 1949 810 neque
2026 786 2031 794 ,

110 818 310 894 plangi.
348 818 435 872 sas
473 829 573 874 est.

659 817 1051 874 admiratione
1090 828 1144 873 te
1183 816 1380 891 potius
1424 828 1479 872 et
1521 818 1951 875 immortalibus

110 904 382 959 laudibus
406 914 490 972 et,
546 902 595 958 si
619 914 827 960 natura
857 901 1216 977 suppeditet,
1271 903 1567 957 aemulam
1592 902 1956 970 decoremus,

106 1065 208 1112 edd.
236 1066 439 1116 omnium
465 1066 730 1126 scripturam
764 1069 997 1115 composi.

106 1135 182 1169 tus
205 1140 254 1168 es
278 1126 424 1168 firmat
448 1140 589 1182 marg.
612 1125 716 1167 cod.
737 1126 834 1168 Vat.
853 1124 995 1173 3429„

105 1184 150 1226 iu
187 1199 278 1242 quo
317 1183 598 1236 compositus
634 1197 683 1225 es
719 1182 993 1240 adscriptum

106 1248 187 1290 est.
248 1241 427 1282 Ponere
460 1248 607 1281 autem
641 1248 685 1282 et
717 1254 995 1292 componere

106 1305 210 1340 sunt
244 1297 423 1396 preria
459 1297 507 1353 in
528 1296 688 1339 sunere
726 1296 861 1340 verba
902 1313 994 1340 sae·

106 1356 203 1412 pius
238 1371 293 1396 ue
349 1354 531 1396 icuntur
556 1368 640 1407 pro
669 1355 884 1404 sepelire,
924 1370 994 1396 ve·

104 1415 169 1456 hit
246 1412 316 1456 ist.
353 1412 393 1461 1,
423 1410 494 1452 47.
533 1410 748 1454 Pisonem
783 1412 994 1453 Verania

106 1485 234 1512 uxor
265 1484 323 1510 ae
346 1467 514 1523 frater
533 1467 897 1522 Scribonianus,
935 1469 992 1511 T.

107 1528 298 1571 Vinium
324 1526 540 1578 Crispina
551 1527 661 1582 filia
685 1540 994 1577 composuere.

108 1584 206 1627 Atia
238 1584 343 1626 vide
373 1584 491 1639 apud
513 1582 746 1625 Heinsium
773 1582 825 1624 ad
853 1581 991 1626 Ovid.

106 1643 205 1684 Art.
244 1642 394 1683 Amat.
433 1639 473 1690 3,
506 1641 606 1681 740.
653 1647 696 1681 et
743 1640 994 1698 interprett.

106 1699 248 1742 ovid.
272 1697 410 1752 Epist.
438 1714 487 1739 ex
511 1697 659 1739 Ponto
683 1695 725 1746 3,
753 1698 791 1747 1,
815 1698 913 1740 112.

162 1754 275 1800 CAP.
304 1755 375 1798 46.
436 1769 625 1810 nosque.
694 1754 913 1813 Copulam
944 1752 992 1796 in

106 1813 211 1857 edit.
264 1812 466 1855 Rhenani
525 1811 719 1854 secunda
781 1812 991 1855 omissam

104 1878 226 1915 recte
247 1869 438 1912 restituit
458 1868 669 1913 Pichena.

159 1927 478 1970 admiratione
503 1934 546 1967 te
561 1926 720 1979 potins
738 1934 782 1968 et
801 1927 992 1969 immor·

106 1987 277 2028 talibus
321 1985 538 2025 laudibus
591 1991 664 2031 et,
723 1984 768 2026 si
813 1992 992 2025 natura

102 2043 385 2096 suppeditet,
428 2041 673 2082 aemulata
710 2044 994 2083 decoremus.

105 2099 238 2142 MSS.
264 2099 386 2142 Vatt.
411 2098 539 2140 3429.
567 2106 612 2140 et·
633 2097 761 2140 4498.
784 2099 993 2141 admira·

105 2159 226 2200 tione
255 2163 298 2198 te
325 2156 487 2210 potius
521 2157 855 2209 temporalibus
885 2158 991 2196 lau-

104 2217 262 2257 dibus:
302 2221 346 2255 et
370 2215 415 2256 si
430 2220 606 2254 natura
627 2213 888 2266 suppeditet
908 2212 992 2253 mi·

106 2275 238 2315 litum
280 2275 577 2319 decoramus,
629 2270 704 2313 sed
752 2273 854 2319 cod,
888 2269 990 2312 Vat.

104 2330 231 2372 4498.
255 2327 464 2370 Broterio
493 2335 603 2368 teste
626 2330 829 2370 multum
856 2330 994 2370 deco—-

106 2388 298 2428 ramus.'
325 2384 372 2426 ln
395 2384 543 2442 priore
559 2382 634 2427 illa
651 2385 872 2442 scriptura
884 2400 992 2428 con-

108 2444 306 2490 sentiunt
350 2441 451 2484 edd.
495 2440 700 2497 antiquae
744 2458 900 2484 omnes
937 2456 994 2482 ne

108 2500 313 2543 Rhenani
332 2498 510 2555 quidem
533 2505 709 2556 excepta
721 2529 741 2549 ,‚
765 2498 850 2542 ni'si
871 2497 993 2555 quod

108 2559 153 2601 in
169 2559 240 2600 ed.
259 2557 360 2599 Riv.
378 2563 421 2597 et
442 2556 783 2609 temporalibus
807 2565 848 2598 et
865 2563 992 2611 exty·

108 2615 314 2674 pothetae
338 2628 491 2655 errore
522 2615 782 2655 decoranus
812 2628 990 2670 expres-

109 2689 207 2715 sum
245 2680 326 2714 est.
389 2669 528 2712 Vetus
553 2669 711 2714 Ursini
745 2670 881 2714 codex
914 2685 990 2710 ex·-

109 2731 312 2772 hibebat=
382 2728 699 2770 admiratione
748 2736 793 2770 te
840 2727 994 2783 potius

112 2801 252 2842 quam
326 2785 638 2828 aemulatione
709 2789 992 2838 decoremus,

112 2845 230 2887 unde
267 2844 383 2886 idem
421 2842 473 2885 V.
504 2842 565 2885 D.
602 2841 843 2885 lectionem
879 2858 994 2885 con-

115 2900 315 2945 einnavit
371 2900 511 2943 hanc:
581 2902 899 2943 admiratione
953 2906 996 2940 te

110 2959 287 3012 potius,
330 2973 470 3014 quam
501 2958 851 3007 aemulatione,
892 2964 936 2998 et
959 2958 1001 2998 si

113 3023 290 3058 natura
319 3015 576 3069 suppeditet
603 3015 863 3057 imitatione
898 3014 993 3055 vir-

115 3080 268 3115 tutum
304 3076 591 3114 decoremus.
663 3071 754 3116 Sed
795 3071 916 3114 nihil·
947 3087 997 3113 ex

115 3129 180 3172 bis
218 3129 470 3173 satisfacere
506 3137 666 3187 potest.
735 3129 888 3184 Quare
921 3129 998 3171 Li-

115 3185 236 3243 psius
255 3184 471 3230 coniecit:
510 3189 820 3229 admiratione
846 3194 890 3228 te
909 3202 998 3240 po-

118 3246 226 3294 tius,
285 3252 331 3286 te
370 3245 718 3286 immortalibus
762 3246 997 3296 laudibus,

119 3300 237 3342 unde
262 3301 488 3344 Gesnerus
518 3299 708 3343 faciebat
739 3317 845 3344 cum
877 3301 996 3343 Doe-

121 3357 334 3400 derteinio
371 3357 418 3400 in
451 3358 605 3401 transl.
635 3373 757 3400 vern.
792 3374 830 3416 p.
859 3359 927 3401 64.
955 3364 999 3397 et

123 3414 460 3457 immortalibus
485 3416 721 3463 laudibus,
760 3416 879 3472 qnod
908 3416 1000 3474 pri-

124 3469 224 3511 dem
247 3472 464 3527 placuerat
482 3470 703 3520 Acidalio,
731 3471 1002 3520 Boxhornio,

124 3525 284 3568 Grotio
315 3528 410 3572 aliis
474 3545 498 3572 e
530 3537 576 3571 et
610 3544 751 3585 nuper
774 3527 1002 3573 Walehio

125 3590 167 3626 et
190 3582 426 3629 tmm.ssek
458 3602 553 3629 ero.
612 3586 772 3642 Aptius
796 3586 1004 3643 profecto

1067 1067 1111 1112 id
1136 1067 1244 1117 erit,
1286 1082 1420 1125 quam
1445 1071 1782 1122 temporalibus
1804 1072 1951 1112 laudi-

1066 1129 1177 1180 bus,
1232 1125 1354 1183 quod
1395 1126 1496 1184 quia
1535 1141 1560 1168 a
1597 1127 1720 1169 libris
1760 1126 1951 1184 antiquis
2006 1144 2011 1149 ·

1066 1183 1279 1227 traditum
1320 1190 1414 1234 est,
1472 1193 1710 1228 servarunt
1749 1185 1950 1240 plerique

1067 1241 1169 1284 edd.
1204 1241 1387 1298 nuperi,
1431 1241 1550 1283 velut
1576 1241 1750 1284 Broter.
1775 1242 1946 1283 Ernest.

1065 1297 1247 1355 Bipont.
1299 1295 1508 1340 Oberlin.
1562 1298 1626 1340 En
1660 1297 1716 1341 el.
1771 1296 1949 1340 Dronk.

1067 1353 1290 1398 Beckerus
1327 1362 1372 1396 et
1400 1354 1570 1397 Hertel.
1631 1313 1863 1412 {prlicuit
1902 1371 1951 1397 ea

1064 1412 1299 1456 Ernestius.
1323 1412 1410 1454 sie:
1453 1414 1599 1469 potius
1626 1420 1668 1454 te
1691 1413 1954 1455 ornabimus

1064 1467 1388 1523 admiratione,
1440 1485 1553 1526 quae
1597 1479 1811 1527 perpetua
1855 1469 1976 1518 erit,¹

1064 1542 1197 1583 quam
1233 1527 1437 1569 laudibus
1461 1527 1676 1571 brevibus
1703 1528 1952 1571 verborum

1031 1600 1034 1603 ’
1063 1585 1153 1627 cito
1177 1584 1442 1625 transituris.
1503 1584 1785 1626 Interserunt
1803 1592 1953 1627 autem

1065 1655 1225 1683 omnes
1288 1639 1350 1682 illi
1416 1650 1592 1697 praeter
1650 1640 1840 1685 Becker.
1880 1644 1951 1682 ‘et

1064 1697 1231 1740 Hertet.
1284 1713 1429 1753 quam
1478 1698 1749 1755 particulam
1802 1698 1948 1742 libro-
2023 1744 2029 1755 Ι

1711 1755 1951 1798 Verissi‘me

1063 1821 1221 1857 contra
1248 1828 1404 1854 eorum
1428 1821 1683 1855 commenta
1710 1812 1949 1869 disputavit

1062 1869 1459 1927 ingeniosissimus..
1492 1868 1766 1920 Walchius,
1817 1886 1950 1927 quein

1065 1926 1240 1970 confer.
1301 1926 1502 1969 Multum
1531 1942 1633 1969 vero
1661 1926 1958 1983 disceptatum-

1063 1992 1128 2027 est
1151 1983 1270 2026 inter
1297 1983 1487 2026 editores
1515 1984 1568 2026 de
1599 1986 1800 2028 extremis
1826 1985 1956 2027 huius

1065 2041 1280 2097 enuntiati
1339 2041 1515 2091 verbis,
1578 2057 1690 2097 quae
1743 2049 1952 2099 corrupta

1064 2115 1158 2142 esse
1196 2099 1485 2157 perspicuum
1528 2106 1606 2142 est.
1692 2100 1949 2153 Absurdum

1065 2164 1129 2198 est
1150 2172 1363 2214 prorsus,
1383 2156 1509 2214 quod
1529 2173 1780 2215 anonymus
1802 2174 1825 2198 e
1848 2158 1948 2199 cod.

1063 2213 1313 2257 Blirandul.
1361 2213 1420 2256 se'
1453 2212 1653 2271 proferre
1697 2214 1951 2257 simulavit:

1065 2279 1116 2314 ut
1139 2273 1464 2313 admiratione
1489 2303 1499 2313 .
1515 2301 1550 2314 ..
1566 2301 1577 2312 .
1607 2275 1841 2314 tumulum
1867 2275 1951 2313 de-

1065 2343 1307 2383 coremus,
1352 2327 1607 2384 nulliusque
1629 2329 1758 2387 pretii
1784 2329 1952 2370 BIureti

1066 2388 1349 2436 coniectura,
1390 2385 1465 2442 qui
1504 2383 1643 2427 deleta
1677 2386 1951 2439 temporali-

1065 2445 1150 2484 bus
1181 2457 1291 2485 voce
1324 2444 1583 2484 imitatione
1615 2445 1842 2485 virtutum
1875 2458 1951 2483 con

1066 2504 1220 2541 lamus
1241 2499 1507 2557 corrigebat.
1567 2499 1738 2551 Eodem
1763 2515 1952 2542 numero

1061 2555 1252 2599 habendi
1279 2566 1562 2617 suntvomnes
1591 2558 1690 2612 alii,
1724 2557 1799 2614 qui
1826 2559 1952 2600 deco-

1063 2628 1173 2656 rare
1203 2615 1388 2655 verbum
1418 2615 1768 2670 aspernabantur
1803 2614 1949 2656 aliud—

1065 2687 1151 2730 que
1200 2671 1551 2719 substituebant,
1623 2671 1745 2714 vetut
1783 2670 1950 2715 piche-

1066 2746 1147 2776 na,
1207 2745 1231 2770 a
1273 2743 1364 2784 quo
1405 2736 1661 2773 correctum
1707 2738 1795 2771 est:
1853 2731 1951 2772 imi-

1067 2788 1212 2829 tando
1252 2787 1488 2834 colamus,·
1548 2785 1815 2834 Seebodius,
1878 2791 1948 2830 cui

1066 2844 1111 2886 in
1138 2851 1330 2884 ruentem
1352 2841 1497 2884 venit:
1521 2844 1771 2885 sirm‘litmn
1788 2847 1952 2886 decore

1066 2903 1300 2949 colamus5
1339 2899 1705 2952 Doederleinius,
1750 2903 1824 2957 qui
1858 2919 1953 2947 sua-

1066 2959 1145 3000 sit:
1171 2958 1469 2999 similitudine
1488 2960 1696 3000 colamus
1718 2959 1861 3014 idq-ue*
1877 2961 1950 3002 ad-

1068 3014 1272 3074 probavit
1310 3013 1531 3056 Dronk'io.
1606 3016 1761 3072 Neque
1804 3016 1953 3059 minus

1069 3072 1353 3129 vituperandi
1390 3079 1492 3114 sunt
1525 3071 1753 3115 Gesnerus
1787 3081 1831 3114 et
1862 3075 1949 3116 Er-

1070 3130 1260 3176 nemius,
1312 3143 1504 3186 quorum
1545 3130 1655 3174 alter
1695 3132 1956 3172 imitatione

1069 3192 1347 3230 decoramus
1415 3186 1615 3230 scribens
1683 3188 1959 3230 mendosum

1070 3241 1609 3291 servavitjndieativum,
1659 3243 1770 3287 alter
1812 3247 1958 3286 simi.-

1068 3300 1278 3355 Iitudiaq.
1321 3302 1638 3343 det-orabimus
1732 3302 1953 3344 raeferens

1071 3368 1254 3411 tempus
1312 3357 1510 3400 obtrudit.
1578 3361 1632 3400 ab
1712 3372 1782 3398 10c
1854 3363 1953 3401 loco

1070 3414 1405 3458 alienissimum.
1489 3417 1603 3457 Bene
1646 3430 1748 3454 vero
1789 3415 1956 3457 tactum

1074 3480 1139 3513 est
1170 3472 1225 3515 ab
1253 3470 1306 3515 ils
1336 3472 1547 3529 interpr„
1588 3471 1661 3527 qui
1686 3475 1957 3516 decoremus

1073 3529 1363 3597 scripserunt.
1428 3533 1637 3584 Quorum
1672 3527 1742 3569 alii
1786 3530 1956 3572 malunt

1075 3602 1180 3645 eum
1203 3585 1388 3631 Grotio:
1431 3586 1739 3630 similitudine
1767 3589 1956 3629 decore*

1062 1771 1166 1797 rum
1218 1747 1309 1798 fide'
1357 1755 1634 1800 destitutam.
