2150 4022
542 197 708 272 mA
725 212 774 271 L
791 196 850 270 o
868 200 924 270 (ξ
940 195 1083 274 trs!
1132 193 1208 271 c
1223 202 1276 270 A
1294 212 1359 273 P.
1382 210 1496 280 37.
1812 199 1942 271 w3727

94 345 376 418 ceroner'ti'
391 325 689 418 ‘'magnur'r'n
710 353 712 355 ’
731 339 1157 400 ‘oratoreffl‘Pt‘
1190 334 1480 413 Quintius*
1523 332 1810 397 defensus·
1843 348 1945 400 affl:

94 421 663 503 Eicinitis‘'A‘rchias
713 428 969 484 faciunt:
1031 425 1286 483 Catilina
1335 437 1392 481 et
1429 425 1583 482 Milo
1634 436 1690 482 et
1716 422 1944 484 ''Vei-res

95 518 156 574 et?
175 515 483 595 Antonius*-
503 510 658 575 hanc
682 513 774 567 illi
797 514 1011 568 samam
1039 511 1571 569 circumdederunt.
1641 509 1778 568 Non
1803 513 1942 588 quia

94 601 245 658 tanti
280 600 401 657 fuir
435 598 524 654 rei
562 598 833 672 publicae
871 597 1058 652 malos
1082 596 1236 651 serre
1267 595 1450 664 cive5‚
1502 606 1569 652 ut
1596 597 1836 652 uberem
1867 599 1944 655 ad

97 686 415 743 dicendum
437 683 740 739 materiam
767 694 1028 738 oratores
1052 676 1362 736 haberent:
1415 681 1511 735 sed
1530 726 1546 749 ‚
1593 693 1660 737 ut
1690 682 1943 740 subinde

95 773 414 838 admoneo,
459 767 818 845 quaestionis
840 765 1310 833 meminerimUS‚
1354 764 1717 841 sciamusque
1739 770 1946 826 nosde

94 875 160 912 ea
182 875 245 911 re
269 855 451 931 loqui,
481 873 626 930 quae
651 852 883 908 facilius
909 851 1163 908 turbidis
1192 860 1248 906 et
1275 849 1557 924 inquietis
1579 847 1944 925 temporibus

95 940 328 998 exstitit.
417 938 568 1011 Quis
614 938 847 1010 ignorat
887 936 1101 992 utilius
1135 955 1201 990 ac
1234 935 1444 989 melius
1482 954 1602 990 esse
1646 937 1764 992 frui
1805 959 1946 1012 pace

96 1045 274 1102 quam
320 1024 478 1081 bello
529 1021 768 1097 vexari?
835 1022 1032 1096 plures
1084 1031 1280 1076 tamen
1329 1019 1518 1074 bonos
1564 1020 1945 1093 proeliatores

94 1111 248 1166 bella
293 1129 470 1187 quam
515 1128 627 1183 pax
670 1109 886 1165 serunt.
987 1105 1196 1161 similis
1243 1104 1614 1180 eloquentiae
1667 1109 1946 1169 conditio.

95 1215 235 1252 nam
275 1215 392 1271 quo
431 1193 661 1268 saepius
688 1192 910 1266 steterit
939 1201 1220 1266 tanquam
1248 1188 1314 1246 in
1346 1189 1496 1259 acie,
1549 1210 1782 1267 quoque
1810 1194 1948 1270 plu-

94 1420 138 1457 εἰ
181 1412 310 1456 4498.
402 1412 525 1456 Inter
572 1411 800 1469 scriptoris
849 1410 986 1455 verba

1116 1412 1236 1452 hanc
1286 1411 1358 1452 illi
1393 1409 1590 1465 famam
1635 1413 1950 1461 circumdede-

94 1470 288 1514 Seetsod.
325 1469 502 1513 Dronk.
542 1471 719 1513 Osann.
760 1479 800 1511 et
838 1467 983 1510 ΟΜΝ.

1060 1476 1186 1510 runt.
1251 1468 1310 1511 cf.
1337 1476 1433 1510 not.
1459 1467 1512 1510 ad
1533 1469 1687 1525 'Agrim
1712 1487 1752 1514 c.
1777 1473 1848 1516 ΞΟ.

96 1537 369 1587 posuerunt,
420 1528 508 1576 sed,
535 1526 682 1570 Oress.
725 1526 854 1568 uncis
893 1525 987 1568 cir-

98 1584 342 1628 cumdedit.
415 1585 625 1636 [Bekker.
668 1594 709 1625 et
750 1582 988 1632 Boettich„

96 1642 232 1686 Farn.
265 1642 430 1685 librum
463 1640 637 1699 sequuti
669 1657 774 1684 cum
800 1640 988 1682 walth.

101 1700 427 1755 consentiunt.]

152 1813 212 1855 P.
229 1812 446 1871 Quintius
467 1813 698 1870 defensus.
760 1811 886 1854 Hanc
906 1825 984 1852 no-

97 1869 458 1913 minis·formam
491 1879 599 1915 vett.
625 1871 725 1912 edd.
760 1884 900 1926 usque
932 1868 985 1909 ad

95 1927 334 1970 Pithoeum
370 1937 413 1969 et
447 1929 672 1986 Lipfiun»,
717 1925 817 1969 MS.
848 1926 987 1981 Neap-

98 1994 141 2026 et
165 2001 354 2042 nuperae
379 1985 570 2028 Seebod.
602 1983 777 2027 Dronk.
808 1983 984 2025 Osann.

96 2041 244 2086 Orelt.
287 2041 445 2093 [b’ekk.
500 2050 540 2084 et
582 2039 837 2095 Boeitiehq·
883 2038 986 2081 edd.

99 2100 342 2157 praebent3
383 2100 428 2141 in
464 2099 535 2142 ed.
567 2099 683 2156 Spir.
710 2098 880 2155 Qu1'11t9
913 2111 988 2137 ex-

98 2160 209 2208 sta&
259 2156 457 2213 reliquae
491 2173 593 2199 vero
629 2156 838 2212 [Rupert.
871 2169 988 2211 quo-

97 2218 206 2312 ἱῖἑῖ]
229 2212 786 2327 d3ss235.¹}‘⁸1,23⁸.¹¹2‡'2{3¹3;„
813 2212 875 2311 ἒζῖ
918 2211 988 2253 ‘²⁶¹'

156 2383 362 2426 Licinius
375 2385 592 2426 Archias.
657 2383 732 2425 Sic
742 2381 840 2425 MS.
856 2381 991 2437 Neap.

104 2441 202 2484 edd.
224 2442 341 2498 Lips.
369 2449 410 2483 et
434 2456 529 2498 sqq.
555 2449 728 2497 praeter
751 2437 927 2480 Dronk.
951 2447 993 2479 et

105 2499 304 2548 Osann.‚
338 2499 413 2556 qui
438 2500 540 2540 edd.
565 2498 847 2553 antiquarum
877 2495 991 2536 scri-

108 2565 283 2614 pturam
307 2557 402 2598 Lic.
425 2557 622 2597 Archias
641 2561 786 2609 poeta
811 2568 991 2595 revoca·

102 2621 224 2656 runt.
307 2612 414 2656 Tale
462 2612 811 2654 additamentum
865 2610 993 2651 tacite

103 2670 213 2713 oriri
267 2670 438 2728 potuit,
499 2684 602 2711 cum
657 2685 704 2711 ea
759 2665 993 2711 Ciceronis

102 2727 244 2770 oratio
269 2729 313 2770 in
343 2726 546 2769 omnium
571 2725 778 2768 manibus
801 2739 992 2765 versare·

101 2793 192 2827 tur.
257 2784 407 2839 Quam
437 2784 717 2831 orationem,
750 2790 796 2824 ut
824 2789 992 2838 praete·

102 2842 222 2884 riens
287 2843 374 2884 boc
439 2841 649 2899 attingam
673 2872 685 2891 ,
768 2853 912 2896 nuper
956 2854 991 2879 va

105 2900 371 2942 Schroetero
398 2906 500 2956 post
522 2899 668 2940 Klotz.
691 2897 736 2939 in
754 2898 855 2938 Act.
881 2894 992 2937 litte-

104 2971 195 2998 rar.
211 2955 317 2999 Vol.
334 2955 409 2997 tV.
429 2972 472 3013 p.
489 2954 558 2998 50.
592 2954 802 2997 Ciceroni
824 2951 992 2995 abiudi-

107 3021 249 3065 catam
298 3029 389 3055 esse
434 3012 598 3054 mirum
647 3027 778 3058 sane,
851 3024 989 3065 quum

105 3069 215 3114 haec
263 3069 404 3112 Taciti
461 3070 596 3113 verba
647 3067 989 3111 Ciceronianam

108 3128 201 3169 eiu's
235 3126 454 3183 originem
491 3127 591 3169 satis
623 3126 832 3183 probent.
906 3123 993 3166 Sed

105 3184 235 3228 huius
257 3183 409 3226 iudicii
435 3198 571 3225 nemo
604 3183 868 3226 reeordatus
901 3196 992 3223 esse

108 3242 300 3285 videtur.
364 3240 650 3298 [Nuperrime
685 3239 793 3281 dixit
827 3239 880 3280 de
913 3237 996 3279 hae

107 3314 156 3341 re
178 3298 294 3340 Rud.
318 3297 640 3353 Stuerenburg.
663 3296 711 3338 in
735 3296 875 3362 praef.
895 3294 992 3337 Cic.

111 3363 222 3398 orat.
306 3370 357 3397 ro
411 3354 577 3398 Archia
601 3386 611 3401 ‚
696 3352 816 3410 Lips.
868 3351 992 3394 1832.

109 3427 155 3468 p.
185 3370 328 3466 thlii,
372 3412 447 3470 qui
482 3428 531 3454 ex
553 3411 596 3460 h.
619 3410 647 3452 Ι.
674 3412 857 3467 probat,
896 3423 994 3451 eam

111 3468 356 3582 oratio3em
375 3486 430 3513 ex
457 3468 752 3513 mediocrium
778 3483 873 3512 esse
906 3481 995 3509 nu-

112 3540 252 3569 mero.

1117 1553 1244 1593 tanti
1260 1551 1359 1608 suit
1389 1553 1462 1593 rei
1485 1555 1705 1603 publicae.
1766 1556 1812 1600 ln
1847 1548 1950 1606 edd.

1061 1607 1280 1665 antiquis,
1311 1609 1430 1666 Lips.
1453 1606 1568 1652 Pith.
1590 1609 1810 1671 Bernegg,
1832 1616 1948 1661 (ξι-ο.

1063 1682 1169 1710 nov.
1194 1666 1366 1708 Ernest.
1390 1682 1470 1722 per
1490 1669 1810 1725 compendium
1827 1674 1882 1717 R.
1898 1674 1950 1719 Ρ,

1064 1722 1282 1781 scriptum
1318 1731 1407 1777 est,
1435 1723 1497 1779 :5¹¹
1533 1726 1845 1781 quad-ativum
1881 1736 1959 1776 rei

1053 1782 1264 1835 publicae
1323 1779 1461 1823 latere
1517 1796 1621 1836 curn
1659 1779 1949 1838 [Heumanno

1059 1837 1255 1881 Seebod.
1319 1834 1503 1892 Dronk.
1562 1829 1735 1883 Osann.
1801 1842 1949 1891 Oress,

1061 1898 1136 1950 [et
1203 1894 1481 1953 nuperi-imi]
1550 1892 1758 1954 suspicati
1825 1913 1950 1952 sunt,

1058 1954 1224 1999 Recte,
1280 1952 1338 1995 cs.
1382 1951 1498 1995 infra
1543 1969 1582 1995 c.
1626 1957 1696 1999 40.
1741 1962 1826 2001 sed
1867 1975 1952 2005 nec

1059 2010 1185 2052 tanti
1204 2009 1276 2051 rei
1288 2010 1499 2062 publicae
1521 2011 1839 2067 Gracchorum
1858 2023 1951 2061 elo.

1061 2069 1248 2122 quentia
1263 2066 1387 2121 [υἷές
1431 2065 1590 2122 Quint.
1620 2070 1726 2113 lnst.
1756 2089 1823 2117 or.
1847 2065 1890 2129 1,>
1908 2081 1952 2129 6,

1062 2125 1130 2167 33.
1156 2128 1240 2166 sed
1260 2126 1358 2166 huic
1380 2128 1502 2166 tanti
1504 2127 1605 2182 suit
1627 2137 1825 2180 vertere,
1849 2130 1951 2177 alia-

1064 2198 1148 2239 que
1191 2181 1329 2223 multa
1378 2183 1494 2237 apud
1544 2182 1716 2227 t3ene'ke
1759 2189 1813 2231 ad
1855 2189 1952 2236 Cic,

1065 2249 1174 2281 orat.
1203 2237 1330 2281 Catil.
1354 2239 1386 2282 Ι.
1418 2255 1460 2281 c.
1487 2240 1530 2283 9.
1561 2257 1606 2298 p.
1631 2241 1701 2284 80.
1725 2261 1744 2286 ε
1784 2276 1795 2288 .
1838 2246 1952 2291 Inde

1063 2295 1243 2352 adparet
1267 2295 1448 2352 Bipont.
1475 2295 1652 2340 Schuiz.
1685 2308 1726 2342 et
1794 2303 1955 2349 berlin,

1065 2354 1178 2394 maie
1221 2353 1524 2396 accusativum
1571 2371 1671 2398 rem
1708 2362 1952 2411 publicam

1064 2410 1330 2465 reposuisse.
1389 2433 1448 2441 —
1525 2411 1617 2455 Pro
1659 2418 1953 2476 sciamusque

1064 2467 1133 2509 ed.
1158 2465 1366 2509 Beroald.
1389 2468 1881 2526 soct'amusquehabet.

1122 2535 1323 2577 exstitit.
1409 2535 1584 2595 Lipsius
1617 2539 1684 2586 in
1750 2546 1952 2602 margine

1065 2592 1366 2650 posteriorum
1406 2596 1508 2636 edd.
1551 2599 1742 2641 exsistit
1765 2604 1955 2650 notavit

1064 2649 1199 2707 idque
1238 2649 1430 2693 Seebod.
1479 2651 1550 2697 ed.
1595 2654 1669 2698 alt.
1715 2673 1765 2703 ex
1811 2675 1954 2719 eaque

1064 2705 1261 2758 Dronk„
1292 2707 1365 2750 sed
1393 2708 1428 2751 is
1451 2707 1635 2761 invitm,
1666 2728 1953 2774 receperunt.

1065 2764 1338 2821 Perperaxw,
1366 2781 1465 2808 nam
1490 2770 1776 2822 praeteritum
1803 2777 1955 2832 perse-

1066 2831 1188 2864 ctum
1217 2837 1264 2886 ea
1290 2823 1331 2866 vi
1358 2823 1671 2880 accipiendum
1696 2837 1788 2885 est,
1816 2849 1951 2891 quam

1063 2878 1118 2922 ad
1142 2880 1295 2934 Agrlc.
1320 2879 1416 2922 c09.
1439 2879 1802 2940 intusa-avimus„
1832 2899 1881 2934 ut
1907 2891 1953 2935 id

1065 2939 1184 2993 quod
1219 2936 1358 3001 soleat
1392 2936 1513 2986 fieri,
1553 2943 1674 2997 quod
1706 2943 1952 2992 identidem

1063 2995 1230 3036 factum
1266 3002 1346 3043 sit,
1391 2995 1623 3050 significet.
1694 3001 1786 3057 [Cf.
1822 3005 1954 3062 Spal-

1064 3051 1184 3107 ding.
1220 3051 1275 3093 ad
1308 3051 1466 3107 Quint.
1498 3053 1608 3099 lnst.
1643 3073 1710 3102 or.
1742 3059 1783 3112 3,
1812 3063 1852 3112 7,
1885 3063 1954 3107 15.

1068 3109 1134 3157 12,
1155 3109 1196 3157 9,
1220 3110 1289 3151 14.
1334 3108 1479 3154 Bentl.
1511 3111 1565 3155 ad
1599 3113 1710 3159 Hor.
1743 3131 1884 3163 carm.
1912 3119 1941 3165 3

1064 3163 1137 3213 23,
1166 3166 1254 3220 19.]
1942 3154 1956 3174 ’

1126 3237 1428 3290 eloquentiae.
1501 3238 1704 3285 Sebelius
1737 3246 1956 3291 coniicie-

1067 3293 1142 3335 bat
1166 3295 1439 3348 eloquentis.
1475 3318 1528 3330 «-
1586 3297 1766 3343 Deinde
1787 3303 1834 3344 iu
1856 3306 1957 3351 MS.

1067 3351 1208 3405 Neap.
1232 3357 1276 3392 et
1295 3360 1396 3394 ante
1430 3355 1632 3396 intulerit
1665 3357 1941 3406 desideratur

1069 3422 1159 3464 quo
1181 3408 1235 3449 ad
1258 3408 1607 3453 concinnitatem
1629 3414 1846 3460 enuntiati
1864 3397 1955 3464 ser:

1069 3464 1259 3530 vandam
1281 3471 1393 3523 opus
1413 3475 1501 3520 θείς
1531 3477 1575 3513 et
1595 3479 1774 3519 servant
1795 3491 1956 3523 omnes

1070 3521 1302 3567 editiones.
