2150 4022
406 245 711 309 INDEX
781 247 1615 322 ADNOTA-TIONUM.

134 372 284 416 modo'
304 372 359 417 ab
393 375 644 428 exemplar
674 373 848 418 differat
873 376 965 421 An.

134 432 204 485 15,
231 431 301 475 37.
362 431 490 476 conf.
522 446 630 476 cum
664 434 964 488 experimen-

131 495 231 530 tum
255 489 365 547 Agr.
388 488 459 532 19.
481 510 483 514 ⁴
816 491 822 495 ’

74 559 297 588 exercere
333 553 376 589 et
410 547 676 591 exercitare
714 546 839 593 conf.
868 546 961 597 An.

72 660 336 703 exercitare
378 667 421 703 et
457 675 676 705 exercere
716 662 841 706 conf.
874 663 965 708 An.

128 719 198 772 12,
219 717 287 762 12.
320 734 362 759 v.
385 716 646 762 Gernhard.
672 720 728 763 ad
751 719 848 765 Cic.
864 719 962 765 Cat.

127 774 229 818 mai.
257 779 286 830 §
307 773 380 818 36.

69 832 353 876 exercitatus
377 833 412 875 A
446 848 485 875 r.
511 833 553 875 5.

69 891 306 933 exercitus
338 890 393 932 de
418 848 722 935 {abarorum
759 892 956 950 agmini-

121 947 207 1046 gns
218 947 339 1046 {Qgr-
355 947 428 991 25.
488 947 544 991 de
568 948 704 996 dativ.
730 949 851 1008 plur.
870 953 956 995 An.

65 1063 298 1106 exercitus
325 1061 534 1109 adiectiv.
570 1062 629 1106 H.
657 1064 700 1114 3,
734 1064 808 1109 26.
851 1064 955 1108 add.

122 1117 300 1163 Sallust.
329 1119 425 1178 lug.
449 1135 490 1164 c.
518 1121 588 1177 71,
613 1121 657 1167 1.
698 1121 873 1166 Duker.
901 1123 956 1166 ad

122 1175 245 1219 Flor.
274 1177 307 1229 1,
331 1177 373 1226 3,
396 1179 441 1220 2.

63 1234 253 1286 exigere
277 1237 368 1278 An.
385 1235 428 1289 2,
451 1235 521 1278 85.
569 1234 727 1279 Germ.
751 1235 795 1279 7.-

64 1293 274 1333 eximere
296 1294 386 1335 An.
412 1294 479 1343 11,
499 1294 570 1338 32.
607 1295 672 1345 14,
685 1293 756 1337 64.
793 1308 954 1336 exem·

116 1355 252 1402 ptum
283 1365 390 1393 cum
423 1358 670 1406 exceptum
701 1351 822 1395 conf.
844 1352 955 1409 Agr.

60 1464 172 1505 exin
205 1461 443 1518 iungendis
481 1472 594 1512 orat.
628 1465 842 1509 membris
876 1465 949 1508 in-

117 1518 256 1562 servit
290 1523 376 1565 An.
407 1521 477 1578 15,
505 1522 578 1567 41.
640 1539 747 1566 cum
779 1524 951 1566 exinde

118 1577 240 1621 conf.
269 1578 358 1620 An.
389 1581 457 1627 11,
483 1579 528 1622 2.
736 1622 737 1626 ,

61 1636 230 1677 exinde
251 1644 292 1678 et
318 1636 431 1678 exin
455 1637 577 1680 conf.
596 1637 684 1682 An.
710 1639 776 1688 11,
798 1640 842 1683 2.

57 1693 188 1735 exire
214 1709 252 1736 c.
275 1702 470 1737 accusat.
497 1696 585 1738 An.
616 1699 682 1745 11,
706 1695 779 1738 25.

58 1750 334 1794 existimare
366 1751 457 1797 An.
487 1754 557 1808 15,
587 1752 661 1797 71.
713 1752 771 1796 Η.
803 1754 846 1802 2,
875 1751 949 1795 23.

109 1809 152 1861 4,
179 1808 222 1850 8.

54 1865 346 1908 existimatio
368 1867 456 1910 An.
482 1867 549 1918 15,
569 1869 640 1911 21.
673 1866 728 1909 H.
752 1868 794 1917 4,
821 1866 862 1911 7.
905 1883 948 1910 ν.

112 1921 333 1966 Goerenz.
370 1924 425 1967 ad
462 1923 558 1968 Cic.
593 1925 692 1967 Fin.
730 1923 807 1979 ΙΙΙ,
830 1926 873 1980 2,
902 1925 946 1967 6.

107 1979 279 2036 Meyer.
305 1981 360 2023 ad
386 1981 480 2025 Cic.
511 1982 639 2024 Orat.
664 1986 693 2036 §
717 1980 815 2028 141.

53 2038 305 2080 exitiabilis
330 2040 418 2080 An.
444 2039 511 2085 15,
535 2041 605 2082 44.

51 2095 249 2136 exitium
282 2093 404 2138 conf.
426 2111 530 2138 cum
557 2096 794 2138 excidium
818 2094 876 2139 H.
900 2095 942 2148 3,

104 2152 207 2206 48.,
261 2167 365 2195 cum
409 2154 632 2195 exsilium
671 2155 757 2195 An.
793 2151 835 2201 3,
872 2153 942 2197 15.

105 2224 209 2251 eum
233 2211 413 2250 exitum
435 2211 524 2252 An.
553 2211 620 2261 13,
643 2212 681 2252 1.
716 2212 782 2259 14,
806 2211 849 2252 7.
881 2210 940 2254 H.

47 2298 200 2365 exiius
236 2322 350 2379 plur.
387 2339 512 2365 num.
550 2322 610 2366 H.
644 2324 680 2373 1,
714 2322 756 2365 3.
815 2323 939 2368 conf.

106 2395 208 2423 cum
255 2383 452 2423 exitium
489 2385 570 2424 An.
606 2379 673 2429 13,
707 2385 750 2424 1.
796 2381 863 2430 14,
895 2382 939 2425 7.

106 2437 160 2478 H.
189 2440 230 2487 2,
255 2437 325 2480 49.

47 2497 307 2537 exolescere
328 2495 418 2539 An.
447 2496 514 2550 14,
543 2496 616 2538 21.

46 2566 307 2595 exonerare
328 2553 418 2596 An.
441 2553 484 2607 3,
507 2555 576 2596 54.
612 2552 670 2595 Η.
701 2552 740 2605 5,
765 2554 806 2597 2.

45 2609 334 2667 ἐξορχεῖσθαι
360 2610 451 2653 An.
482 2612 547 2658 11,
572 2612 643 2653 28.

44 2669 315 2709 exosculari
342 2672 423 2710 An.
452 2670 488 2718 l,
510 2668 583 2711 34.
624 2667 676 2709 Η.
703 2670 740 2715 1,
762 2664 834 2710 45.

45 2726 268 2778 expedire
294 2727 383 2769 An.
405 2725 446 2773 6,
471 2725 540 2767 43.
584 2725 637 2769 H.
657 2727 698 2774 2,
720 2726 792 2770 99.

45 2786 308 2835 expendere
328 2783 414 2825 An.
440 2785 507 2833 12,
531 2784 600 2826 19.
738 2796 743 2802 ’

45 2853 303 2891 expergere
324 2839 415 2884 An.
441 2842 506 2891 14,
529 2841 571 2882 7.

44 2897 422 2949 experimentum
444 2907 485 2941 et
510 2900 779 2952 exemplum
804 2897 928 2942 conf.

100 2955 138 2995 A
173 2969 206 2994 r.
238 2954 307 2996 19.

42 2969 250 3064 expffriri
269 3011 358 3053 An.
385 3009 426 3066 3,
454 3011 525 3054 36.
559 3011 627 3060 12,
650 3014 694 3055 2.
732 3012 798 3065 15,
822 3013 891 3057 15.

43 3081 218 3120 expers
246 3068 333 3110 An.
354 3068 396 3121 2,
424 3070 492 3110 52.
554 3069 664 3126 Agr.
687 3070 758 3113 30.

40 3125 300 3178 expetibilis
323 3140 426 3167 eum
450 3129 779 3181 exspectabilis
804 3127 929 3171 conf.

99 3183 190 3225 An.
217 3183 282 3232 16,
301 3182 373 3224 29.

41 3247 263 3291 expetere
285 3247 326 3281 et
351 3246 626 3293 exspectare
642 3240 702 3283 cf.
717 3240 845 3285 Orat.
860 3241 929 3286 30.

42 3299 235 3350 explere
257 3297 477 3338 iudicium
503 3297 558 3337 H.
579 3300 622 3353 4,
643 3299 714 3341 40.

41 3367 283 3404 exponere
308 3355 395 3397 An.
420 3355 488 3408 12,
511 3354 582 3397 39.

38 3412 306 3464 exprimere
330 3410 385 3452 H.
409 3412 452 3465 3,
475 3411 545 3453 74.

39 3481 313 3520 expugnare
355 3468 410 3511 de
444 3468 702 3512 hominibus
734 3485 928 3528 usurpa-

95 3533 192 3566 tum
217 3524 328 3593 Agr.
349 3526 424 3569 41.

43 3594 300 3635 exsanguis
314 3615 327 3635 ,
355 3597 450 3625 non
474 3584 706 3636 exanguis
727 3583 839 3639 H.2,
855 3585 927 3629 22.

1802 254 1927 314 441
1960 314 1962 316 ,

1084 376 1136 428 3,
1169 375 1242 421 25.
1303 374 1459 421 Germ.
1502 375 1600 430 31„
1651 377 1708 421 de
1750 386 1930 425 oratore

1093 433 1221 484 Orat,
1244 433 1311 478 18.

1033 494 1308 535 exscindere
1337 499 1381 534 et
1412 492 1629 535 excidere
1662 493 1786 537 conf.
1807 492 1863 538 H.
1886 496 1928 547 1,

1091 548 1163 591 65.
1193 548 1236 596 4,
1259 544 1331 590 34.
1362 546 1502 600 5,ι16.
1542 549 1654 608 Agr.
1674 551 1743 594 19.
1790 558 1792 563 ’

1035 607 1250 661 exsequi,
1284 621 1379 648 non
1405 609 1579 662 exequi
1594 609 1683 651 An.
1712 612 1748 660 1,
1770 608 1837 653 11.
1851 608 1938 653 44.

1093 666 1162 718 11,
1195 664 1291 714 11.;
1340 663 1393 705 de
1426 663 1816 709 administratione
1857 667 1925 711 rei

1089 719 1295 778 publicae
1319 728 1582 778 usurpatum
1606 724 1694 766 An.
1722 722 1790 777 15,
1810 722 1882 767 25.

1029 778 1282 831 exsilium,
1328 793 1422 819 non
1447 779 1643 823 exilium
1666 781 1753 824 An.
1780 782 1849 836 12,
1869 782 1926 834 8.,
2003 811 2011 825 .

1086 834 1287 877 Lambin.
1299 834 1353 876 ad
1369 833 1465 878 Cic.
1482 835 1535 878 de
1551 835 1682 882 Orat.
1697 839 1726 889 Ι,
1737 838 1808 886 39,
1825 840 1923 882 117.

1086 891 1194 936 haee
1207 891 1463 935 contendit:
1486 922 1514 947 ,,
1525 895 1813 938 scribendum
1827 913 1924 940 esse

1086 949 1325 992 exsulium
1346 963 1443 990 non
1458 952 1681 994 exsilium
1697 954 1856 996 veritas
1878 961 1923 997 et

1083 1007 1197 1050 ratio
1218 1004 1508 1063 pervincunt.
1537 1012 1776 1052 exsulium
1796 1010 1922 1055 enim

1085 1064 1140 1106 ab
1181 1065 1321 1105 exsul
1331 1078 1344 1115 ;
1393 1064 1515 1106 exsul
1557 1066 1710 1109 a'utem
1753 1084 1777 1111 a
1820 1071 1922 1111 solo

1086 1120 1232 1164 dictus
1266 1127 1357 1175 est,
1401 1121 1526 1178 quasi
1552 1122 1732 1166 desolo
1752 1124 1922 1182 patriae

1083 1193 1189 1221 suae
1241 1176 1418 1234 pulsus,
1452 1230 1454 1233 .
1482 1186 1533 1221 ut
1584 1179 1717 1224 docet
1761 1181 1919 1226 Festus

1083 1235 1265 1292 [p.268.
1294 1233 1591 1291 expl.Lind.].
1608 1237 1635 1253 '³
1667 1238 1787 1281 conf.
1811 1255 1920 1285 cum

1081 1294 1280 1335 exitium
1304 1294 1390 1336 An.
1413 1293 1456 1341 3,
1480 1294 1548 1337 15.
1594 1293 1650 1337 Η.
1675 1297 1714 1344 1,
1739 1294 1813 1340 32.
1968 1321 1970 1323 >

1027 1350 1272 1403 exsistere,
1307 1350 1498 1392 exsistit
1521 1359 1565 1394 et
1589 1354 1770 1396 exstitit
1791 1354 1919 1399 conf.

1087 1407 1217 1450 Orat.
1251 1407 1321 1451 37.

1023 1467 1269 1507 exsolvere
1281 1497 1294 1519 ,
1330 1480 1423 1507 non
1449 1466 1779 1511 exolvereAn.
1799 1471 1836 1520 1,
1849 1469 1920 1514 58.

1084 1523 1152 1576 11,
1177 1521 1219 1566 3.
1263 1520 1333 1577 15,
1363 1523 1435 1566 23.
1459 1523 1530 1566 63.
1573 1524 1639 1574 16,
1663 1526 1732 1569 10.
1783 1525 1843 1569 Η.
1876 1528 1917 1576 1,

1079 1582 1151 1622 41.
1172 1579 1243 1622 45.
1280 1579 1321 1630 3,
1344 1582 1412 1622 51.
1437 1581 1508 1623 61.
1550 1583 1592 1631 4,
1622 1581 1694 1626 24.
1754 1585 1917 1628 vinclis

1080 1640 1325 1679 exsolutus
1353 1639 1442 1679 An.
1466 1637 1508 1686 3,
1531 1639 1602 1683 33.
1636 1640 1704 1690 12,
1727 1640 1799 1684 37.

1023 1709 1190 1736 exsors
1215 1696 1304 1737 An.
1331 1695 1373 1747 6,
1400 1697 1469 1739 10.

1020 1752 1346 1803 exspectabilis
1389 1761 1433 1795 et
1479 1755 1746 1808 expetibilis
1789 1754 1914 1800 conf.

1077 1808 1164 1851 An.
1191 1809 1258 1864 16,
1280 1810 1351 1852 21.
1736 1812 1738 1814 ’

1022 1874 1328 1921 exspectare,
1370 1881 1463 1908 non
1486 1875 1736 1921 expectare
1759 1869 1915 1923 An..·1‚

1076 1924 1121 1966 7.
1166 1923 1289 1966 conf.
1317 1939 1422 1966 cum
1447 1933 1668 1978 expetere
1692 1924 1818 1972 Orat.
1836 1923 1912 1972 30.

1017 1989 1212 2023 exstare
1235 1981 1322 2023 An.
1346 1982 1384 2035 1,
1405 1983 1478 2024 70.
1536 1982 1721 2024 exstitit
1751 1993 1794 2028 et
1820 2000 1913 2028 ex-

1073 2039 1197 2079 sistit
1221 2037 1347 2080 eonf.
1378 2037 1507 2082 Orat.
1529 2037 1604 2081 37.

1016 2096 1340 2151 exstinguere,
1373 2111 1469 2138 non
1503 2096 1787 2150 extinguere
1815 2099 1909 2143 An.

1076 2156 1116 2206 1,
1140 2152 1183 2195 3.
1646 2177 1648 2181 v

1014 2218 1264 2251 exstruere
1289 2209 1376 2251 An.
1401 2210 1441 2263 1,
1462 2208 1536 2252 62.

1015 2268 1155 2307 exsul
1178 2265 1232 2308 H.
1258 2265 1300 2316 3,
1325 2265 1393 2309 13.

1013 2325 1256 2364 exsultare
1280 2323 1372 2366 An.
1399 2322 1469 2374 11,
1493 2322 1565 2367 28.

1014 2394 1273 2432 exsurgere
1298 2383 1383 2422 An.
1410 2381 1478 2435 15,
1503 2381 1575 2424 69.
1618 2380 1674 2425 Η.
1697 2381 1737 2434 4,
1760 2383 1834 2428 23.
1924 2393 1926 2395 ’

1011 2438 1349 2489 extemporalis
1371 2440 1639 2493 eloquentia
1661 2439 1792 2486 Orat.
1820 2442 1862 2487 6.

1011 2497 1265 2536 extendere
1290 2493 1444 2538 Germ.
1466 2495 1540 2538 26.
1715 2537 1717 2542 .

1011 2559 1213 2592 externa
1234 2560 1276 2594 et
1301 2561 1522 2594 extrema
1544 2554 1667 2598 conf.
1689 2553 1746 2599 H.
1771 2554 1813 2605 4,
1829 2555 1903 2602 32.

1008 2616 1256 2649 exterrere
1280 2611 1361 2652 An.
1386 2610 1454 2664 16,
1479 2611 1521 2652 8.

1005 2673 1174 2706 extera
1196 2673 1238 2715 et
1262 2675 1418 2708 cetera
1440 2665 1567 2710 conf.
1595 2666 1748 2712 Germ.
1772 2669 1844 2714 32.

1004 2724 1230 2763 extollere
1263 2725 1353 2768 An.
1388 2726 1427 2772 1,
1456 2725 1500 2767 2.
1544 2726 1611 2774 11,
1639 2727 1679 2769 1.
1725 2726 1792 2783 15,
1816 2728 1888 2773 30.

1060 2794 1164 2820 cum
1176 2783 1391 2822 excolere
1403 2781 1890 2840 conflAn.11,1.13,21.

1002 2843 1283 2892 extorquere
1305 2838 1504 2882 absolute
1530 2839 1704 2884 dietum
1732 2842 1818 2886 An.
1848 2845 1891 2896 1,

1008 2958 1253 2993 extremus
1287 2951 1376 2996 An.
1401 2955 1443 3004 2,
1465 2954 1537 2998 82.
1599 2963 1823 3000 extrema
1855 2965 1902 3001 et

1065 3016 1264 3050 externa
1290 3010 1415 3054 conf.
1439 3011 1494 3055 H.
1518 3013 1558 3063 4,
1578 3013 1650 3056 32.

1004 3068 1269 3106 extundere
1291 3074 1333 3107 et
1360 3071 1591 3112 excudere
1618 3070 1740 3114 conf.
1765 3069 1897 3114 Orat.

1062 3122 1104 3164 9.
1146 3122 1247 3165 add.
1273 3122 1502 3169 Obbarius
1530 3127 1577 3170 in
1601 3128 1811 3171 Seebodii
1835 3129 1896 3174 N.

1062 3178 1240 3221 Archiv.
1276 3197 1315 3223 a.
1343 3183 1465 3225 1829.
1497 3200 1567 3228 nr.
1584 3185 1627 3228 2.

1003 3251 1177 3278 exuere
1218 3236 1248 3278 ἱ.
1285 3253 1328 3295 q.
1370 3242 1612 3293 omittere,
1664 3246 1898 3299 negligere

1059 3295 1146 3338 An.
1168 3295 1211 3349 2,
1230 3295 1300 3339 72.
1332 3298 1373 3348 6,
1394 3298 1467 3342 25.
1504 3299 1569 3351 14,
1594 3301 1664 3344 52.
1700 3302 1810 3359 Agr.
1824 3301 1866 3345 9.

1413 3423 1481 3484 F.

998 3526 1217 3569 Fabianus
1242 3535 1287 3570 et
1299 3529 1540 3574 Flavianus
1565 3531 1754 3578 confifl.
1766 3533 1808 3588 5,
1822 3534 1907 3580 26.Δ

998 3583 1165 3627 Fabius
1189 3585 1337 3629 Iustus
1360 3586 1489 3631 Orat.
1516 3589 1553 3630 1.
