2150 4022
553 202 1098 268 DltA-L‘OeGU&
1164 157 1276 267 cfA
1289 208 1355 270 p..
1390 208 1495 270 236.
1826 209 1950 287 373

46 359 50 363 ’
109 335 223 391 tiae
251 334 600 390 aenominis
628 336 780 409 apud
811 335 1040 408 plebem
1066 337 1325 410 parabat.
1361 332 1435 391 <hi
1460 335 1744 392 clientelis
1770 337 1945 391 etiam

107 431 433 476 exterarum
468 420 778 475 nationum
807 421 1245 477 redundabant:
1300 418 1408 477 hos
1436 419 1579 476 ituri
1607 419 1943 494 inlprovin'-

107 497 614 577 cias-magistratus
635 505 1084 574 reverebantur,
1122 500 1232 560 hos
1255 505 1802 561 reversi'coleb'antz-
1830 501 1940 562 hos

105 600 164 645 et
197 601 500 664 praeturae
536 601 593 646 et
632 589 968 658 consulatus
1002 608 1209 646 vocare
1246 591 1402 646 ultro
1443 589 1819 646 videbantur:
1873 585 1938 646 hi
2012 637 2014 639 ,

104 694 180 729 ne
208 671 421 748 privati
448 674 683 749 quidem
714 674 840 729 sine
869 686 1146 748 potestate
1172 685 1364 743 erant,
1411 695 1543 730 cum
1573 685 1627 730 et
1652 675 1940 749 populum

104 770 161 815 et
194 771 459 815 sen-atum
491 759 737 815 consilio
767 771 824 815 et
847 760 1188 817 auctoritate
1217 770 1499 831 regerent.
1583 759 1731 834 quin
1757 759 1936 817 immo

103 837 215 900 sibi
241 839 353 922 ipsi
378 856 815 918 persuaserant,
869 835 1163 900 neminem
1191 844 1318 899 sine
1345 844 1677 919 eloquentia
1703 855 1803 902 aut
1830 846 1935 900 ad-

102 923 276 1006 sequi¹
304 944 470 1004 posse
496 929 573 984 in
608 929 839 984 civitate
875 940 974 986 aut
1001 929 1154 986 tueri
1182 929 1561 1002 conspicuum
1588 940 1644 984 et
1671 929 1937 985 eminen-

99 1027 216 1071 tem
246 1015 461 1073 locum.
546 1034 653 1070 nec
680 1014 929 1081 mirum,
973 1035 1107 1070 cum
1134 1013 1308 1069 etiam
1339 1013 1516 1068 inviti
1543 1014 1614 1068 ad
1647 1014 1932 1087 populum

98 1101 591 1174 producerentur:
658 1120 787 1155 cum
835 1119 1039 1172 parum
1089 1109 1262 1167 esset,
1327 1098 1391 1153 in
1431 1109 1635 1153 senatu
1679 1099 1935 1154 breviter

99 1203 361 1254 censere,
401 1185 517 1240 nisi
543 1185 674 1260 quis
697 1183 935 1256 ingenio
962 1194 1017 1239 et
1040 1177 1371 1259 eloquentia
1399 1183 1744 1253 sententiam
1770 1203 1933 1239 suam

98 1282 385 1327 tueretur:
453 1290 585 1326 cum
627 1269 692 1323 in
730 1269 986 1343 aliquam
1028 1267 1313 1338 invidiam
1351 1280 1450 1324 aut
1485 1267 1707 1324 crimen
1746 1268 1936 1323 vocati

91 1376 198 1427 >sua
228 1376 364 1421 voce
394 1355 870 1429 respondendum
900 1349 1184 1409 haberent
1203 1399 1218 1420 ,
1242 1374 1393 1431 'cum
1428 1352 1756 1409 testimonia
1786 1374 1933 1430 quo-

95 1457 208 1516 que
244 1439 309 1494 in
337 1440 572 1497 iudiciis
598 1459 723 1494 non
750 1440 1016 1494 absentes
1043 1458 1149 1494 nec
1178 1459 1281 1513 per
1307 1438 1583 1494 tabellam
1611 1439 1781 1507 dare,
1832 1439 1928 1494 scd

95 1638 138 1672 et
174 1628 332 1671 deinde
367 1635 450 1668 auc
482 1627 716 1680 principes
756 1634 890 1668 exstat
932 1626 979 1668 in
1052 1633 1190 1668 turae
1203 1626 1528 1668 etconsulaeus
1546 1639 1712 1667 uacare
1729 1624 1935 1674 ιι.ιί’ά.”;

94 1686 196 1728 edd.
233 1686 332 1728 Put.
358 1684 456 1728 Riv.
482 1684 581 1726 Ber.
611 1684 706 1727 Alc.
740 1700 821 1740 pro
856 1687 981 1735 apud
1051 1684 1105 1726 de
1150 1699 1242 1740 quo
1286 1698 1415 1726 suum
1463 1682 1626 1739 cuique
1673 1690 1767 1725 esto
1815 1681 1932 1724 iudi-

87 1744 259 1798 prina,
289 1743 408 1801 quod
438 1742 484 1784 in
510 1742 580 1784 ed.
603 1741 721 1798 Spir.
750 1749 813 1782 est
839 1741 978 1798 quod·
1050 1741 1205 1797 cium.]
1268 1764 1323 1772 -
1362 1775 1363 1778 ,
1402 1738 1546 1782 Paulo
1597 1747 1698 1796 post
1748 1741 1934 1794 quidem

82 1803 178 1859 'quc
201 1798 401 1860 Rhenan.
425 1808 468 1843 et
491 1815 586 1856 sqq.
611 1806 898 1842 revocarunt.

79 1940 81 1942 -
141 1914 369 1965 parabat-
427 1909 542 1951 Edd.
578 1911 691 1956 Pith.
725 1910 842 1968 Lips.
876 1927 971 1969 sqq.

88 1969 251 2012 habent.
280 1971 485 2022 parabat
516 1983 563 2009 ex
598 1969 883 2017 coniectura,
925 1976 975 2010 ut

87 2027 289 2076 videtui-3
329 2041 433 2068 nam
472 2024 518 2066 in
556 2025 656 2069 MS.
693 2025 830 2083 Neap.
867 2027 972 2069 edd.

87 2083 201 2140 Spir.
248 2083 349 2125 Put.
391 2082 492 2125 Riv.
539 2083 640 2125 Ber.
683 2082 784 2127 Ale.
826 2083 970 2126 Rhen.

86 2141 194 2184 Aldu
212 2142 444 2195 probabat
465 2139 684 2197 scripturn
707 2147 784 2183 est.
823 2139 971 2183 Verba

81 2213 258 2254 parare
279 2230 292 2248 ‚
361 2211 596 2251 apparare
617 2230 628 2248 ,
647 2215 660 2228 ·
699 2212 975 2252 comparare

85 2271 212 2312 saepe
234 2255 326 2298 sine
353 2269 453 2296 casu
473 2263 717 2309 ponuntur,
738 2254 976 2299 Ruhnken.

85 2313 144 2356 ait
169 2312 317 2356 dictat.
343 2310 525 2353 Terent.
551 2311 681 2369 p.35.
709 2312 781 2354 ed.
804 2311 973 2370 Schop.

79 2459 84 2466 .
141 2425 202 2467 hi.
261 2422 345 2466 Ed.
380 2420 496 2478 Spir.
533 2423 620 2465 hic.
667 2450 724 2457 -
795 2420 969 2464 Deinde

83 2482 255 2538 Lipsius
274 2497 297 2522 e
312 2480 428 2522 Farn
461 2478 562 2522 cod.
581 2478 696 2521 haud
719 2479 852 2522 dubie
874 2495 970 2522 eor-

86 2537 196 2582 rexit
221 2538 392 2580 reversa·
411 2553 492 2594 pro
518 2536 620 2578 edd.
645 2544 752 2579 vett.
778 2537 970 2579 lectione

82 2595 326 2644 reversuri,
350 2609 462 2648 quae
479 2595 587 2635 adeo
605 2594 796 2635 absurda
821 2604 898 2644 est,
923 2600 970 2635 ut

84 2653 338 2696 mirandum
364 2653 432 2697 sit,
463 2651 635 2694 Osann.
660 2652 742 2693 tale
770 2651 977 2694 librario->

85 2727 184 2752 rum
202 2707 450 2767 παρόραμα
463 2724 676 2752 revocare
694 2709 900 2765 potuisse.
912 2736 970 2743 —-

82 2768 288 2825 Denique
313 2784 360 2808 ex
392 2768 551 2809 eodem
583 2765 765 2814 codice,
807 2774 854 2808 ut
883 2766 964 2807 do-

84 2835 153 2868 cet
178 2825 276 2868 MS.
300 2824 434 2879 Neap.
462 2822 669 2871 collatio,
701 2823 839 2866 altera
852 2822 966 2879 Lips.

85 2882 335 2925 emendatio
358 2881 505 2924 hausta
530 2891 615 2922 est:
645 2883 730 2923 hos
753 2890 795 2922 et
813 2887 967 2934 praet.

85 2948 128 2982 el
168 2942 434 2982 consulatus
478 2953 640 2979 uocare
678 2940 803 2980 ultro
843 2940 968 2979 vide-

84 3000 278 3050 bantur,
313 3011 424 3052 quae
451 2995 658 3052 deinceps
686 2998 728 3036 in
756 2995 967 3038 omnibus

83 3055 182 3096 edd.
210 3055 356 3095 locum
379 3051 572 3094 obtinuit
595 3053 965 3108 practerOsann„

83 3111 129 3153 in
163 3125 248 3168 qua
280 3109 478 3152 restituta
513 3117 577 3151 est
603 3119 709 3151 vett.
737 3111 833 3152 edd.
859 3108 964 3151 scri·

83 3177 210 3226 ptura
230 3167 280 3208 lai
298 3174 341 3209 ec
359 3173 616 3220 praeturae
640 3175 681 3208 et
703 3166 971 3209 consulatui

83 3239 248 3267 vocare
270 3241 314 3266 u.
340 3225 427 3266 vid.
471 3222 575 3264 Eam
597 3223 767 3267 Dronk.
786 3239 964 3282 quoque

85 3282 283 3324 defendit
307 3289 347 3324 et
370 3280 623 3338 explicavit:
669 3298 745 3337 per
769 3298 814 3324 se
838 3280 962 3322 vide-

84 3342 243 3382 bantur
284 3338 485 3380 destinati
529 3353 621 3380 esse
666 3337 880 3395 praeturis
923 3346 965 3378 et

82 3394 350 3441 consulatui.
438 3395 641 3452 [Rupe-rt.
690 3396 797 3439 haee
849 3394 960 3437 scri-

79 3455 166 3513 psit
189 3454 350 3510 pariter
368 3453 428 3494 im
464 3454 686 3495 robanda:
710 3450 962 3509 „suspicari

82 3512 221 3569 possis
243 3511 417 3554 scriben
453 3526 526 3552 um
555 3525 648 3552 esse
668 3512 740 3553 his
766 3517 809 3552 et
827 3523 962 3563 prae-

1048 1798 1095 1840 in
1125 1815 1203 1842 vv.
1233 1813 1291 1839 ne
1319 1799 1436 1852 priv.
1473 1798 1657 1852 quidem
1690 1796 1928 1853 interposi·

1048 1864 1144 1898 tum
1182 1864 1247 1898 est
1281 1857 1428 1910 quod,
1471 1863 1625 1897 natum
1661 1852 1848 1896 sortasse
1884 1869 1932 1895 ex

1046 1912 1318 1970 compendio
1349 1911 1506 1969 partic.
1535 1912 1736 1967 quidem.

1101 2013 1195 2054 nisi
1231 2012 1339 2068 quis
1379 2043 1391 2055 .
1416 2043 1427 2054 .
1455 2042 1466 2053 .
1493 2042 1505 2053 .
1548 2018 1774 2053 tueretur.
1858 2011 1933 2054 Sic

1044 2070 1178 2113 MSS.
1194 2072 1334 2127 Neap.
1351 2073 1413 2122 [et
1429 2068 1557 2111 Farn.
1576 2069 1690 2126 apud
1710 2067 1932 2123 Bekker.]‚

1045 2128 1162 2169 idem
1186 2146 1231 2170 ex
1256 2127 1454 2183 margine
1466 2125 1603 2183 Lipsii
1623 2126 1723 2168 edd.
1745 2133 1933 2182 posterr.

1045 2184 1300 2227 Heumann.
1330 2183 1509 2225 Broter.
1534 2181 1735 2226 Oberlin.
1772 2181 1930 2236 [Bekk.

1046 2250 1085 2283 et
1112 2236 1350 2295 Boettich.]
1375 2247 1655 2297 receperunt.
1716 2239 1833 2282 Edd.
1857 2255 1931 2281 an-

1048 2299 1194 2355 tiquae
1233 2308 1274 2341 et
1311 2315 1408 2355 sqq.
1446 2298 1681 2354 pleraeque
1718 2296 1928 2354 [Rupert.

1043 2357 1246 2412 quoque]
1279 2355 1484 2398 exhibent
1514 2355 1613 2396 nisi
1638 2354 1718 2409 qui
1739 2384 1749 2395 .
1767 2386 1778 2397 .
1793 2387 1802 2395 .
1824 2361 1929 2395 tue-

1043 2420 1199 2464 retur,
1237 2421 1274 2454 et
1299 2412 1497 2460 lit-nest„
1527 2411 1598 2453 cui
1624 2411 1838 2468 pluralem
1861 2426 1927 2453 re·

1042 2469 1159 2526 quiri
1203 2484 1462 2526 persuasum
1499 2475 1620 2517 erat,
1667 2469 1745 2524 qui
1782 2467 1927 2510 deleto

1042 2534 1285 2568 tuerentur
1316 2524 1531 2576 correxit,
1574 2541 1664 2568 uno
1692 2526 1923 2583 obtempe-

1040 2592 1165 2625 rante
1189 2581 1418 2626 Schulzio.
1716 2603 1720 2607 -

1097 2684 1383 2726 testimonia.
1465 2681 1566 2725 MS.
1607 2681 1744 2740 Neap.
1790 2685 1924 2743 festi-

1039 2741 1223 2789 monio,
1259 2740 1398 2796 [idem
1422 2738 1467 2781 in
1492 2739 1595 2783 cod.
1620 2739 1791 2792 Faru.].
1851 2739 1922 2784 Cf.

1041 2798 1199 2853 Quint.
1239 2799 1346 2840 lnst.
1381 2812 1449 2840 or.
1474 2796 1515 2844 5,
1537 2796 1577 2847 7,
1605 2799 1641 2839 1.
1677 2799 1921 2840 maximus

1036 2863 1198 2897 tamen
1235 2854 1455 2909 patronis
1492 2855 1614 2896 circa
1648 2855 1920 2897 testimonia

1033 2916 1179 2954 sudor
1215 2920 1298 2954 esc.
1369 2911 1438 2954 Ea
1469 2913 1684 2953 dicuntur
1717 2920 1800 2954 aut
1831 2928 1920 2967 per

1036 2971 1223 3011 tabulas
1249 2969 1392 3026 (quod
1422 2976 1571 3011 noster
1591 2968 1700 3011 dixit
1725 2985 1811 3025 per·
1840 2980 1915 3011 ta-

1035 3029 1207 3068 bellam
1239 3026 1297 3069 cf.
1322 3025 1551 3070 Heinrich.
1581 3026 1636 3068 ad
1658 3025 1753 3070 Cic.
1785 3034 1918 3070 oratt.

1037 3092 1148 3139 part.
1178 3084 1293 3126 ined.
1318 3099 1360 3141 p.
1387 3084 1474 3137 11.)
1498 3090 1582 3124 auc
1605 3098 1635 3124 α
1655 3075 1914 3135 praesenti*-

1037 3143 1142 3195 ὂυε,
1186 3149 1227 3182 et
1251 3139 1311 3184 ib.
1338 3144 1366 3195 §
1387 3140 1427 3183 3.
1459 3155 1565 3182 cum
1596 3141 1920 3191 praesentibus

1038 3212 1146 3238 vero
1178 3200 1343 3251 ingens
1370 3198 1607 3240 dimicatio
1635 3206 1700 3239 est
1726 3198 1919 3253 ideoque

1038 3258 1159 3296 velut
1181 3256 1354 3309 duplici
1367 3262 1528 3296 contra
1555 3270 1632 3296 eos
1659 3269 1834 3311 proque
1861 3257 1917 3297 iis

1035 3314 1133 3354 acie
1164 3311 1452 3367 confligitur,
1506 3314 1740 3353 actionum
1777 3318 1821 3354 et
1851 3314 1913 3355 in·
1942 3351 1947 3363 ,

1034 3372 1400 3422 terrogationum
1409 3400 1420 3411 .

1091 3452 1138 3492 in
1157 3452 1352 3499 iudiciis,
1383 3468 1477 3494 mm
1496 3453 1725 3495 absentes.
1784 3452 1915 3505 MS&

1036 3508 1173 3566 Neai».
1200 3509 1372 3566 [Farn.]
1397 3509 1625 3560 abseem's,·
1654 3509 1787 3553 iidem
1813 3509 1915 3560 libs-3
