2150 4022
203 281 284 343 44

551 281 619 342 C.
661 275 1223 377 CORNELIUS
1267 271 1694 347 ‘DACI-'Tus

199 411 323 471 Nec
354 410 506 469 alius
542 408 782 469 feminis
817 428 994 485 quam
1025 407 1171 465 viris
1204 403 1476 478 habitus,
1528 409 1646 469 nisi
1681 411 1839 488 quod
1857 411 2052 469 -ffemi-

199 518 311 555 nae
336 496 565 572 saepius
587 493 761 552 lineis
786 494 1094 551 amictibus
1122 494 1628 571 velantur-eosque
1656 499 1920 579 purpura
1935 518 2050 560 „vac

199 584 360 642 riant
391 592 734 658 partemque
758 580 1003 637 vestitus
1042 577 1363 653 superioris
1399 578 1464 638 in
1499 580 1760 641 manica-s
1793 600 1917 646 non
1947 601 2050 645 ‚ex-

199 670 472 735 tendunt‚
508 667 702 722 nudae
727 660 967 722 brachia
988 684 1054 721 ac
1085 664 1356 720 lacertos:
1405 664 1507 720 sed
1540 675 1597 722 et
1621 665 1891 741 proxima
1914 684 2050 742 pars

198 753 452 831 pectoris
480 762 657 827 patet.

367 861 596 922 XVIII.
679 860 1039 938 Quanquam
1078 877 1277 916 severa
1317 859 1441 916 illie
1480 862 1887 921 matrimonia:
1939 885 2048 923 nec

197 952 383 1009 ullam
433 969 667 1006 morum
714 959 937 1024 partem
987 945 1172 1019 magis
1217 944 1566 1003 laudaveris.

253 1216 336 1245 nec
368 1200 502 1245 alius.
560 1197 645 1241 Ed.
670 1195 812 1240 Paris.
845 1211 927 1238 nec
959 1195 1086 1239 aliis.

255 1286 393 1328 lineas
408 1283 662 1326 amictibus.
683 1279 803 1323 Ptin.
817 1279 874 1322 N.
892 1279 944 1322 H.
963 1280 1028 1330 19,
1044 1281 1085 1323 1.

198 1344 318 1386 Vela
351 1348 519 1385 texunt
550 1372 563 1384 .
589 1372 599 1381 .
623 1371 636 1383 .
664 1346 709 1380 et
734 1337 1090 1380 Transrhenani

194 1403 374 1445 hostes:
435 1413 518 1442 nec
560 1396 884 1452 pulchriorem
934 1396 1085 1437 aliam

193 1466 371 1503 vestem
394 1470 558 1501 eorum
570 1456 785 1511 feminae
809 1467 1000 1499 novere.

244 1556 426 1598 cosque
469 1552 696 1595 purpura.
796 1536 879 1579 Ed.
918 1533 1084 1577 Vienn.

194 1614 360 1656 easque
369 1606 423 1641 et
440 1610 674 1654 purpura.
732 1593 803 1637 >Ne
823 1605 1086 1646 purpuram

192 1658 418 1715 intelligas
443 1671 556 1715 quae
582 1652 766 1711 proprie
790 1651 978 1700 dicitur,
1008 1649 1087 1691 sed

193 1718 251 1761 de
281 1717 420 1762 rubro
455 1711 613 1758 colore
647 1710 693 1753 in
726 1709 980 1752 universum
1006 1722 1086 1749 ac-

194 1774 352 1874 aptas.
402 1770 602 1873 (ΞΕΙΙΞΗΗ.
618 1768 672 1812 Ν.
689 1768 742 1811 H.
758 1766 908 1815 16,18.
929 1764 1085 1817 21,26.

239 1842 379 1877 itruv.
432 1863 444 1881 ,
525 1858 536 1871 .

251 1932 309 1962 ac
352 1917 568 1958 lacertos,
647 1906 751 1953 MS.
781 1906 894 1952 Tur.
936 1916 982 1951 et
1013 1905 1088 1951 ed.

191 1975 380 2024 Monac.
403 1978 449 2014 et
471 1974 690 2012 lacertos.

225 2059 363 2105 ‘CAR
399 2056 466 2099 18.
556 2052 862 2111 Quanquam.
951 2047 1086 2092 Varie

163 2120 346 2164 .toeum
377 2113 677 2170 distinguunt.
756 2106 947 2151 Plurimi
994 2122 1086 2149 no-

191 2191 304 2224 vum
328 2180 460 2231 caput
484 2177 668 2214 auctore
693 2163 1086 2223 Berneggelfaju-

193 2235 368 2294 cipiunt
401 2248 425 2274 a
451 2225 672 2272 vocabulo
708 2238 980 2280 quanquam
1013 2230 1082 2265 at-

193 2308 282 2352 que
315 2291 662 2347 interpungunt:
704 2288 853 2337 patet.
915 2279 1081 2338 Quan-

193 2364 340 2408 quam
371 2355 457 2390 etc.
498 2351 540 2385 et
585 2341 650 2383 sic
691 2337 794 2382 MS.
829 2337 939 2380 Tur.
978 2338 1083 2381 edd.

189 2405 326 2453 Kath.
360 2403 465 2447 Alc.
500 2399 708 2443 Rhenan.
741 2395 940 2451 (1533.)
977 2394 1082 2438 Atd.

189 2481 291 2524 sqq.
333 2477 479 2519 nuper
520 2457 703 2500 Passov.
745 2453 868 2497 Hess.
905 2449 1083 2507 aliique.

189 2525 250 2575 Et
289 2518 530 2565 Passovius
581 2513 765 2570 quidem
817 2510 1084 2569 particulam

128 2579 130 2582 ¹
191 2592 469 2639 quanquam
501 2571 704 2617 absolute
734 2571 925 2626 positam
947 2566 1082 2609 adfir-

191 2636 308 2689 mat,
339 2635 466 2679 cuius
487 2646 594 2675 usus
617 2628 814 2684 exempla
841 2627 935 2683 ipse.
960 2640 1083 2682 prae·

189 2699 295 2747 beat
303 2691 485 2749 Tacitus
499 2691 584 2732 An.
598 2687 638 2735 2,
657 2687 691 2728 l.
707 2686 747 2734 Ξ,
760 2682 832 2730 34.
866 2685 928 2727 At
940 2717 951 2734 ‚
973 2698 1081 2747 pace

191 2753 276 2798 viri
291 2747 539 2796 doctissimi
554 2743 757 2793 dixerim,
769 2742 908 2786 aliena
923 2743 976 2784 ab
991 2740 1081 2783 hoc

188 2812 297 2858 loco
326 2813 431 2851 sunt
461 2803 533 2847 illa
570 2801 791 2858 exempla,
831 2815 918 2843 nec
944 2798 1072 2856 quid-

194 2883 328 2929 quam
351 2865 405 2909 iis
430 2863 558 2912 inest,
590 2874 681 2918 quo
707 2872 981 2914 quanquam
1003 2858 1077 2899 ab-

192 2924 339 2973 solute
362 2921 542 2966 dictum
565 2932 738 2974 arguas.
800 2916 887 2959 Alii
910 2931 1079 2959 novum

191 2989 330 3043 eaput
363 2978 586 3036 incipiunt
623 2990 645 3016 a
681 2974 852 3017 verbisz
914 2973 1008 3016 Sed
1040 2979 1085 3014 ec

187 3039 419 3100 proxima
455 3068 467 3079 .
494 3067 506 3078 .
530 3065 543 3078 .
583 3038 744 3085 patet.-
808 3045 1084 3087 quanquam

191 3107 281 3144 etc.
364 3091 562 3139 Eandem
591 3089 926 3131 distinctionem
953 3103 1085 3146 prae—

192 3157 346 3200 ferunt
378 3151 478 3196 edd.
512 3148 628 3206 Spir.
656 3146 760 3189 Put.
796 3146 1001 3187 lrieroald.
1027 3143 1085 3187 al.

194 3215 284 3258 Sed
320 3207 563 3254 Passovius
606 3213 726 3246 recte
774 3201 1087 3245 animadvertit

192 3273 253 3316 ita
284 3269 422 3314 artius
444 3263 700 3308 -coniuncta
736 3261 933 3304 distrahi.
999 3259 1085 3302 Alii

191 3329 332 3375 'verba
379 3336 651 3381 quanquam
688 3350 700 3361 .
735 3350 746 3361 .
782 3351 792 3361 .
824 3320 1082 3360 matriam-

191 3390 274 3430 m'a
316 3385 373 3428 ad
419 3387 553 3437 eaput
592 3378 864 3437 praecedens
904 3376 1086 3418 trahunt

191 3443 397 3500 *novique
435 3437 590 3496 capitis
636 3435 810 3478 initium
858 3432 1028 3475 faciunt
1063 3447 1085 3475 a

189 3500 373 3545 wei-bis:
405 3498 499 3540 Nec
523 3496 668 3537 ullam
690 3501 797 3541 etc„
834 3491 955 3547 quod
982 3491 1085 3532 Hes·

197 3560 291 3602 sius
317 3558 363 3600 in
385 3554 518 3597 Varr.
539 3551 679 3596 Lectt.
707 3550 791 3599 ll..
822 3564 863 3605 p.
896 3551 963 3591 14.
991 3548 1086 3591 vult

197 3614 291 3666 fieri
329 3631 352 3660 a
384 3610 557 3660 verbis:
621 3609 797 3655 Dutem
835 3621 929 3653 non
964 3618 1088 3652 uxot

1652 984 1655 987 >
1686 968 1828 1006 nam
1865 970 2049 1027 prope

1158 1202 1261 1243 ete„
1283 1209 1541 1252 quanquam
1565 1194 1601 1237 is
1623 1193 1759 1240 falsus
1783 1205 1846 1240 est
1868 1198 1922 1241 de
1946 1197 2047 1242 edd.

1158 1252 1276 1310 Spir.
1304 1259 1347 1294 et
1373 1251 1548 1295 Puteol.
1610 1252 1725 1296 Nam
1759 1253 1824 1298 ibi
1857 1271 1950 1298 non
1981 1264 2046 1298 est

1159 1325 1351 1359 comma,
1382 1310 1456 1351 sed
1481 1308 1617 1351 colon
1641 1318 1742 1354 ante
1763 1327 2047 1368 quanquam.

1158 1366 1408 1411 Commatis
1452 1365 1516 1410 illi
1560 1367 1663 1410 libri
1704 1383 1798 1412 non
1838 1375 2045 1414 utuntur.

1159 1423 1388 1468 Bekkerus
1412 1423 1570 1466 edidit:
1595 1431 1750 1478 patet,
1772 1442 2048 1483 quanquam

1155 1495 1317 1526 severa
1351 1482 1440 1522 illic
1472 1481 1786 1526 matrimonia
1801 1515 1814 1532 ,
1853 1499 1936 1526 nec
1971 1487 2049 1526 ul·-

1157 1543 1255 1581 lam
1277 1553 1466 1580 morum
1483 1547 1675 1592 partem
1702 1542 1855 1595 magis
1875 1543 2046 1584 lauda-

1158 1599 1290 1638 veris.
1382 1594 1453 1638 De
1484 1595 1612 1638 initio
1645 1597 1800 1656 capitis
1835 1613 1918 1654 ego
1954 1614 2047 1642 non

1157 1670 1328 1712 pugno·
1389 1653 1503 1696 Nam
1527 1655 1573 1695 in
1600 1654 1744 1712 capita
1764 1653 1911 1699 Taciti
1939 1671 2046 1698 con·

1157 1719 1327 1755 textum
1352 1709 1549 1754 distinxit
1561 1709 1784 1755 Gruterus
1803 1712 2048 1769 (quitnunc

1158 1784 1331 1812 novum
1372 1775 1504 1824 caput
1537 1766 1739 1831 incipit=a
1763 1785 1846 1812 nec
1863 1772 2047 1827 ullam),

1158 1826 1465 1885 potuissetque
1498 1823 1630 1868 aliani
1658 1824 1889 1870 instituere
1914 1827 2047 1874 ratio·

1158 1900 1287 1934 nem,
1336 1883 1372 1924 si
1408 1882 1466 1924 ita
1502 1881 1738 1926 lubuisset.
1817 1883 1908 1927 Sed
1949 1884 2046 1943 ipso

1158 1941 1246 1983 loci
1275 1947 1539 1997 argumento
1572 1938 1614 1981 id
1655 1940 1756 1984 satis
1782 1956 1831 1984 ce
1861 1950 1953 1984 tum
1983 1950 2047 1985 est

1158 1999 1321 2042 verba:
1360 2012 1632 2053 quanquam
1652 2028 1664 2039 .
1678 2029 1690 2040 .
1704 2029 1715 2040 .
1738 1995 2050 2060 matrimonia

1157 2053 1358 2112 spectare
1397 2054 1451 2096 ad
1498 2053 1752 2110 sequentia,
1797 2071 1885 2100 nec
1918 2043 2047 2115 posse

1157 2112 1303 2156 divelli
1354 2127 1377 2154 a
1427 2112 1580 2156 verbis
1634 2127 1717 2154 nec
1768 2114 1916 2156 ullam
1958 2102 2046 2160 eie.

1156 2171 1255 2214 Hoc
1280 2186 1372 2212 non
1394 2168 1594 2226 impedit,
1624 2185 1713 2226 quo
1735 2170 1886 2220 minus
1901 2186 2046 2228 quan·

1155 2244 1296 2284 quam
1344 2225 1555 2285 respiciat
1609 2229 1663 2270 ad
1719 2228 2047 2286 praecedentia..

1154 2286 1269 2329 Nam
1307 2300 1378 2326 res
1414 2283 1656 2328 cohaerent
1689 2285 1776 2329 sic:
1833 2285 2043 2330 Feminae

1154 2342 1271 2400 apud
1304 2339 1557 2384 Germanos
1598 2341 1644 2383 in
1681 2342 1844 2386 vestitu
1884 2343 2042 2387 eodem

1156 2415 1260 2444 cum
1307 2397 1415 2443 viris
1455 2399 1594 2441 modo
1638 2407 1847 2449 utuntur,
1909 2409 1959 2443 ut
1996 2417 2048 2446 en

1155 2466 1279 2516 parte
1311 2465 1483 2500 tantum
1520 2471 1683 2514 corpus
1706 2457 1850 2500 velent
1875 2458 2044 2502 nudae-

1157 2530 1243 2572 que
1274 2513 1365 2556 sint
1397 2513 1575 2556 brachia
1614 2523 1657 2556 et
1698 2513 1915 2558 lacertos:
1965 2517 2044 2560 sed

1157 2581 1201 2615 et
1222 2570 1422 2630 proxima
1443 2586 1543 2627 pars
1568 2572 1760 2629 pectoris
1783 2579 1917 2629 patet.
1975 2574 2042 2617 Ne

1153 2639 1305 2672 tamen
1338 2627 1565 2671 libidinosi
1607 2627 1714 2684 quid
1749 2636 1826 2672 aut
1858 2628 2048 2674 obsceni

1151 2685 1200 2729 in
1242 2703 1290 2729 ea
1333 2685 1531 2728 nuditate
1571 2701 1664 2728 esse
1709 2686 1947 2745 suspiceris
1986 2687 2044 2730 li-

1152 2743 1435 2799 centiamque
1492 2742 1608 2800 apud
1658 2741 1914 2787 Germanos
1967 2746 2044 2788 ob-

1151 2802 1292 2845 tinere
1310 2810 1448 2858 putes,
1473 2801 1665 2857 scriptor
1690 2803 1856 2859 pergit:
1890 2801 2044 2860 Quan-

1152 2872 1294 2915 quam
1341 2865 1454 2909 etc.;
1510 2872 1623 2914 quae
1677 2859 1874 2914 quidenv
1902 2861 2041 2916 parti-

1153 2917 1252 2962 cula
1286 2930 1471 2973 prorsus
1505 2923 1555 2957 ut
1585 2914 1770 2967 Graecis
1807 2926 2046 2974 usurpatur

1154 2977 1328 3020 καίτοι,
1379 2973 1500 3030 quod
1537 2981 1575 3015 et
1613 2973 1784 3029 ipsum,
1829 2973 1891 3025 uti
1922 2990 2045 3024 nunc

1155 3045 1424 3088 quanquam
1438 3063 1448 3080 ,
1480 3029 1768 3086 postponitur
1786 3037 2044 3090 novamque

1155 3087 1313 3145 incipit
1347 3088 1630 3130 sententiam.
1699 3088 1760 3134 cf.
1797 3087 2046 3138 Hermann.

1157 3148 1210 3192 ad
1238 3146 1385 3202 viges.
1412 3145 1565 3188 adnot.
1599 3143 1696 3189 353.
1757 3145 1927 3190 Novam
1955 3148 2044 3205 pla-

1157 3203 1298 3248 nede
1335 3202 1423 3249 lioe
1457 3202 1559 3244 loco
1593 3203 1858 3247 sententiam
1902 3221 2045 3263 nuper

1156 3262 1257 3305 tulit
1303 3258 1528 3302 Beckerus
1581 3260 1627 3301 in
1677 3262 2046 3317 Anmerkungen

1157 3322 1252 3362 und
1297 3318 1535 3364 lia-curse.
1589 3333 1631 3374 p.
1665 3317 1737 3361 99.
1814 3319 1857 3361 ls
1894 3321 2044 3364 statuit

1157 3379 1291 3422 verba
1325 3390 1594 3430 quanquam
1623 3389 1662 3419 s.
1683 3378 1713 3417 ι’.
1739 3379 2044 3427 matrimonia

1157 3435 1335 3476 efficere
1377 3432 1599 3488 protasin:
1656 3433 1882 3490 ,apodosin
1925 3434 2040 3479 inci-

1160 3508 1262 3550 pere
1295 3508 1317 3533 a
1346 3506 1426 3531 nec
1451 3491 1598 3533 ullam
1623 3498 1707 3539 etc.
1777 3489 2044 3548 interpreta-

1157 3560 1253 3592 tur:
1305 3548 1498 3591 Obwulzl
1532 3550 1603 3591 die
1633 3547 1765 3590 Eheu
1797 3552 1906 3593 dore
1937 3553 2047 3593 sehr

1157 3615 1343 3660 strenge
1368 3606 1498 3654 sind,
1526 3620 1580 3649 so
1602 3610 1790 3660 magten
1810 3609 1924 3650 doch
1949 3608 2046 3656 ihre
