2150 4022
520 304 1056 371 DIALOGUS.
1140 307 1474 371 CAP.26.
1793 306 1916 370 335

71 443 165 498 bis
203 460 411 515 agmen
449 441 832 516 produceret,
886 433 1194 516 plurisque
1232 442 1327 497 vel
1353 453 1507 499 certe
1531 431 1777 498 totidem
1804 462 1918 499 no-

70 529 352 595 minaret,
395 546 463 581 ex
489 526 705 602 quihus
728 517 909 581 alium
934 523 1239 595 Ciceroni,
1285 528 1466 583 alium
1483 526 1747 597 Caesari,
1791 528 1918 586 sin-

71 613 221 688 gulis
251 614 488 668 demum
529 611 791 684 singulos
828 629 1277 685 opponeremus.
1365 611 1538 668 Nunc
1568 614 1916 676 detractasse

69 697 418 755 nominatim
457 696 732 772 antiquos
774 706 1036 751 oratores
1076 707 1413 764 contentu5‚
1481 698 1778 754 neminem
1826 721 1914 758 se·-

69 783 374 860 quentium
401 782 640 838 laudare
667 799 841 837 ausus
865 792 948 838 est
989 780 1104 836 nisi
1141 781 1206 836 in
1243 782 1551 855 publicum
1579 794 1635 839 et
1660 783 1724 839 in
1751 805 1916 842 com—-

67 888 272 924 mune:
329 867 583 935 veritus,
627 868 837 935 cred0‚
879 885 954 921 ne
982 866 1198 923 multos
1224 866 1577 936 offenderet,
1621 868 1670 924 si
1697 890 1915 945 paucos

68 952 458 1028 excerpsisset.
544 962 757 1028 quotus
794 950 952 1006 enim
988 950 1236 1028 quisque
1271 948 1756 1010 scholasticorum
1788 977 1915 1014 non

67 1035 177 1095 hac
214 1058 316 1095 sua
348 1036 724 1112 persuasione
751 1036 995 1105 fruitur,
1049 1049 1116 1104 ut
1142 1055 1202 1093 se
1229 1056 1353 1093 non
1381 1037 1620 1113 quidem
1648 1051 1782 1098 ante
1806 1039 1913 1101 Ci..

67 1143 337 1180 ceronem
367 1133 662 1192 numeret,
707 1123 806 1177 sed
832 1120 1006 1196 plane
1035 1133 1169 1197 post
1197 1119 1644 1179 Gabinianum?

64 1359 176 1401 quae
201 1340 432 1400 explicatio
460 1339 702 1399 quaesitior
725 1346 791 1382 est
815 1353 950 1397 quam
1026 1337 1144 1382 velut
1175 1337 1331 1383 Germ.
1369 1355 1407 1383 c.
1436 1340 1508 1382 27.
1540 1341 1657 1384 haec
1696 1342 1747 1384 in
1781 1356 1912 1384 eom-

67 1402 236 1444 verior.
1023 1412 1166 1439 mune
1207 1401 1264 1439 de
1309 1396 1659 1442 Germanorum
1701 1401 1916 1454 origine,-

1021 1454 1115 1498 An.
1152 1456 1219 1509 15,
1258 1454 1325 1498 12.
1365 1457 1439 1498 his
1476 1462 1618 1511 atque
1653 1458 1838 1500 talibus
1859 1459 1911 1500 in

1021 1526 1267 1556 commune
1314 1515 1500 1556 alacres
1543 1514 1634 1556 iter
1675 1528 1915 1569 propera-

1019 1571 1148 1614 bant.

1080 1654 1269 1698 veritus,
1311 1652 1388 1697 Sic
1409 1653 1718 1713 postLipsium
1738 1671 1913 1709 omnes,

1021 1711 1159 1755 MSS.
1194 1711 1334 1770 Neap.
1367 1713 1430 1767 [et
1462 1713 1617 1768 Farn.]
1651 1712 1754 1756 edd.
1790 1716 1912 1768 anti-

1020 1771 1370 1836 quae-praebent
1400 1775 1624 1822 veritum,
1654 1772 1779 1831 quod
1802 1774 1912 1818 ferri

117 1488 369 1541 plurisque.
443 1481 519 1526 Sic
560 1481 718 1540 scripsi
765 1490 951 1540 propter

61 1545 195 1589 MSS.
237 1544 377 1600 Neap.
432 1543 496 1597 [et
528 1540 698 1594 Fam]
750 1540 950 1597 itemque

63 1600 162 1648 edd.
196 1602 316 1660 Spir.
354 1599 456 1642 Put.
487 1597 592 1641 Riv.
625 1597 727 1640 Ber.
760 1596 865 1641 Alc.
901 1596 949 1639 in

56 1660 290 1716 plerisque
350 1671 649 1706 consensum,
708 1662 951 1713 praeeunte

62 1717 277 1760 Rhenauo
299 1721 344 1756 et
367 1729 464 1772 sqq.

114 1807 326 1846 demum.
401 1796 480 1841 Sic
510 1795 610 1839 edd.
644 1811 823 1846 omnes,
871 1783 947 1839 sed

59 1864 106 1907 in
117 1860 253 1904 MSS.
267 1857 404 1914 Neap.
424 1859 487 1908 [et
502 1853 661 1908 Farn.]
684 1862 748 1897 est
766 1855 947 1902 deinde,

62 1921 218 1964 crebra
253 1911 580 1974 permutatione
618 1912 674 1955 cf.
711 1910 948 1956 Heindorf.

60 1979 114 2021 ad
151 1973 248 2019 Cic.
283 1972 336 2014 de
375 1977 464 2012 nat.
500 1969 624 2011 deor.
663 1972 700 2018 1,
735 1968 806 2022 37,
850 1967 948 2011 103.

57 2035 268 2078 Demum
335 2025 568 2071 Schulzius
636 2026 947 2068 animadvertit

54 2095 140 2151 pfo
172 2089 365 2142 denique
393 2099 525 2126 sensu
555 2081 794 2126 collectivo
819 2083 944 2139 posi-

55 2161 152 2193 tum
180 2160 273 2188 esse
301 2141 418 2200 apud
452 2148 683 2198 argenteae
715 2139 944 2183 latinitatis

55 2207 323 2272 scriptores;
365 2199 489 2258 quod
518 2197 802 2254 probandum
834 2206 943 2241 erat.

53 2264 213 2308 Malim
237 2267 421 2316 propter
443 2271 541 2324 sqq.
571 2258 768 2297 laudan
793 2269 944 2295 ansus·

57 2329 150 2375 esc,
191 2318 290 2359 nisi
320 2319 365 2356 in
392 2316 628 2368 publicum
661 2321 704 2354 ee
737 2316 785 2353 in
811 2328 937 2354 cnm--

56 2391 199 2421 mune
237 2380 413 2418 vertere
447 2385 528 2428 per
556 2369 824 2411 nostratium
860 2385 941 2422 ge-

56 2439 197 2487 rade,
244 2439 294 2472 ut
328 2426 629 2472 confirmandi
663 2426 750 2467 vim
782 2427 940 2469 habeat

53 2490 284 2552 particula.
345 2486 442 2539 [Sic
467 2484 608 2526 Hand.
636 2498 814 2540 quoque
828 2482 940 2524 Tur·

54 2550 198 2595 sellin.
219 2545 320 2588 Vol.
337 2544 394 2586 lt.
427 2558 470 2600 p.
493 2541 592 2584 260.
609 2571 621 2589 ‚
654 2543 782 2583 cuius
802 2542 938 2582 verba

55 2609 264 2665 adpono=
323 2605 513 2644 demum
569 2598 754 2654 intelligi
809 2598 940 2640 debet

52 2679 186 2708 sensu
230 2657 574 2707 confirmativo,
633 2672 766 2713 quem
807 2670 940 2711 supra

50 2739 95 2782 p.
113 2721 213 2764 257.
238 2717 432 2775 exposui.
496 2714 650 2756 Unter
679 2717 828 2754 denen
852 2713 942 2753 wir

53 2780 191 2822 einen
223 2779 332 2818 dem
366 2774 542 2822 Cicero,
591 2772 721 2813 einen
757 2774 941 2811 andern

51 2840 159 2880 dem
188 2834 391 2886 Caesar,
423 2830 627 2871 einzelne
652 2832 803 2881 grade
831 2828 933 2869 ein-

51 2896 212 2936 zelnen
234 2889 629 2943 entgegenstelten
655 2885 896 2940 mantea]

108 2991 231 3019 nunc
260 2978 564 3016 detrectasse.
634 2971 766 3014 MSs,
795 2970 932 3028 Neap.

52 3035 230 3093 [Farn]
269 3031 370 3074 edd.
405 3028 522 3086 Spir.
559 3029 661 3071 Put.
698 3027 799 3073 ltiv.
834 3028 933 3069 Ber.

50 3093 149 3138 Alc.
175 3089 388 3150 praebent
409 3100 530 3136 mm,
559 3086 679 3144 quod
694 3084 935 3128 Rhenanus

50 3147 243 3194 correxit
262 3145 309 3187 in
330 3158 470 3188 nunc.
528 3142 588 3184 Ex
615 3142 780 3184 eisdem
812 3142 934 3184 libris

52 3215 225 3264 praeter
259 3201 357 3246 Ate.
392 3200 532 3243 Rben.
566 3208 607 3241 et
641 3199 821 3258 reliquis
850 3203 934 3241 de-

50 3272 277 3306 trectasse
318 3257 607 3303 scrihendum
655 3257 829 3307 curavi,
888 3266 934 3298 ut

49 3322 150 3364 alibi
165 3319 259 3362 *iam
289 3318 455 3359 factum
484 3324 562 3357 est.

103 3407 152 3447 in
178 3416 437 3448 commune.
498 3399 598 3442 MS.
623 3398 760 3456 Neap.
786 3399 932 3451 [item-

50 3479 136 3520 que
167 3462 268 3504 cod.
295 3460 444 3510 Farn.]
476 3459 523 3499 in
551 3470 720 3506 omne,·
759 3466 824 3498 est
858 3471 931 3496 au·

49 3530 138 3563 teni
174 3519 279 3562 illud
320 3514 603 3574 proverbiale
639 3512 817 3556 dicendi
853 3528 930 3568 ge-

48 3594 158 3627 nus,
205 3573 318 3617 haud
361 3588 464 3614 raro
500 3569 820 3627 significatione
858 3569 929 3610 ‹si-

49 3633 209 3678 ctionis
247 3635 294 3673 in
339 3631 606 3671 unt‘versum
653 3635 931 3683 usurpatum,

1020 1834 1192 1884 nequit.

1074 1915 1398 1967 excerpszsset.
1460 1910 1564 1956 MS.
1585 1911 1726 1971 Neap.
1742 1927 1912 1957 excer-

1013 1971 1193 2024 pisset‚
1258 1984 1349 2027 quo
1403 1969 1680 2026 aliquatenus
1731 1961 1910 2015 pithoei

1018 2024 1282 2070 coniectura
1313 2029 1567 2081 excepisset
1591 2027 1765 2072 firmari
1797 2046 1912 2088 pos-.-

1017 2092 1095 2126 set.
1182 2083 1271 2127 Sed
1315 2084 1475 2127 eodem
1521 2084 1774 2144 significatu
1818 2103 1908 2130 ex-

1015 2155 1202 2195 cerpere
1247 2139 1338 2184 dici
1377 2141 1645 2201 interpretes
1695 2145 1908 2204 exemplis

1014 2198 1171 2242 adlatis
1193 2199 1462 2243 docuerunt.

1069 2284 1156 2324 hae,
1191 2297 1281 2325 sua
1313 2283 1631 2337 persuasione.
1703 2283 1930 2338 Mallem,-

1013 2337 1410 2382 Schurzfleischius
1459 2339 1642 2398 inquit,
1714 2339 1766 2385 τὸ
1818 2357 1907 2386 sua

1013 2397 1211 2448 abesset,
1273 2396 1420 2438 saltim
1471 2398 1612 2439 suavi
1654 2397 1694 2441 le
1728 2409 1906 2453 eretur-3

1012 2453 1100 2497 hoe
1127 2454 1320 2510 suscepit
1342 2454 1651 2498 Heumannus.
1681 2464 1683 2468 ⁴
1764 2466 1916 2502 trum·'

1012 2525 1099 2570 que
1121 2522 1227 2553 vero
1251 2520 1561 2560 temerarium,

1071 2601 1122 2636 ue
1161 2608 1212 2636 se
1247 2602 1357 2635 ante
1379 2593 1641 2640 Ciceronem
1666 2609 1911 2656 numeret.

1010 2655 1092 2694 sed
1109 2654 1251 2705 plane
1272 2659 1379 2704 post
1404 2652 1741 2700 Gabinianum.
1804 2657 1901 2702 Ga-

1014 2709 1219 2751 binianus
1284 2708 1440 2751 rhetor
1502 2709 1589 2753 suit
1646 2712 1903 2772 Vespasiani

1014 2780 1155 2819 aevo,
1207 2766 1262 2808 de
1299 2781 1389 2822 quo
1426 2765 1606 2811 Eusebii
1650 2768 1902 2817 chronicon

1006 2825 1060 2866 ad
1087 2821 1266 2880 Vespas.
1297 2838 1467 2866 annum
1493 2824 1565 2868 8.:
1610 2826 1901 2880 Gabinianus

1008 2881 1299 2923 celeberrimi
1316 2882 1517 2923 nominis
1537 2886 1704 2926 rhetor
1722 2887 1770 2930 in
1787 2889 1899 2931 Gat-

1007 2939 1073 2980 le'u
1094 2941 1264 2979 docuit.
1324 2936 1568 2982 Nominant
1598 2949 1641 2984 et
1664 2941 1896 3003 Hierony-

1007 3011 1106 3038 mus
1130 3003 1173 3038 et
1190 2995 1394 3037 Suetonii
1419 2995 1548 3039 iu'dex
1570 2997 1625 3041 de
1647 2999 1776 3045 claris
1800 3002 1898 3046 rhe-

1007 3053 1204 3102 toribus,
1235 3051 1280 3094 in
1306 3067 1395 3107 quo
1418 3051 1552 3100 Sext.
1569 3055 1659 3098 Iul.
1680 3056 1898 3102 Gabinia-

1006 3125 1095 3152 nus
1121 3117 1319 3153 vocatur.
1352 3111 1472 3154 naec
1487 3112 1677 3169 Lipsius.
1706 3114 1899 3175 Egregie

1007 3167 1097 3210 loci
1131 3167 1395 3210 sententiam
1431 3167 1645 3229 explicuit
1677 3170 1896 3222 Orellius.

1007 3240 1142 3282 quem
1197 3240 1376 3281 sequor.
1437 3227 1587 3276 „adeo
1635 3238 1898 3285 arrogantes

1008 3291 1110 3324 suut
1146 3281 1396 3326 scholastici
1434 3285 1600 3335 nostri,
1651 3293 1725 3337 ut,
1774 3287 1893 3330 anti-

1009 3355 1121 3395 quos
1153 3348 1351 3380 oratores
1380 3355 1520 3396 quum
1545 3341 1791 3398 despiciant
1819 3360 1894 3388 re-

1005 3397 1314 3452 centioresque
1339 3396 1391 3438 iis
1414 3406 1703 3455 anteponant,
1733 3416 1894 3448 eorum

1003 3454 1192 3510 quisque
1229 3469 1274 3495 se
1299 3461 1400 3496 ante
1425 3453 1691 3498 Ciceronem
1724 3474 1893 3502 nume—

1005 3520 1069 3552 ret
1095 3511 1156 3564 (id
1181 3518 1270 3562 est,
1307 3509 1543 3553 meliorem
1567 3528 1614 3554 se
1639 3514 1791 3558 credat
1811 3516 1891 3559 Ci-

1003 3571 1211 3620 cerone),
1246 3567 1471 3611 minorem
1498 3570 1732 3627 aliquanto
1755 3570 1891 3616 Gabi·

1003 3626 1138 3668 niano
1157 3656 1170 3675 ,
1241 3624 1489 3669 clarissimo
1538 3629 1631 3670 eius
1671 3632 1892 3688 temporis
