2150 4022
554 313 1085 377 DIALOGUS.

1170 292 1366 374 CAP.
1413 315 1513 374 11.—
1826 307 1974 366 269.

109 462 348 510 nantem
373 447 599 505 Vatinii
621 444 942 521 potentiam
970 442 1140 517 fregi:
1188 453 1244 498 et
1267 437 1473 511 hodie,
1517 439 1566 496 si
1588 437 1730 516 quid
1753 437 1818 494 in
1842 458 1955 495 no-

110 539 200 594 his
241 534 484 592 notitiae
525 552 589 588 ac
629 529 890 587 nominis
934 539 1048 597 est,
1115 526 1298 600 magis
1332 526 1589 583 arbitror
1628 523 1956 580 carminum

112 641 286 700 quam
324 618 660 696 orationum
702 614 886 688 gloria
917 624 1166 689 partum.
1249 632 1314 666 ac
1340 632 1432 667 me
1460 610 1774 683 deiungere
1804 629 1836 665 a
1860 609 1956 666 so—

110 835 335 893 Sagaciter
360 843 506 877 tamen
534 833 774 891 perspexit,
819 831 863 874 in
892 846 1000 872 cor-

111 901 253 950 rupto
306 892 512 934 vaticinii
559 890 754 933 hominis
809 887 999 931 alicuius

112 949 410 1010 praepotentis
434 964 599 990 nomen
620 947 769 997 latere,
797 955 929 1002 atque
953 945 998 986 in

111 1017 321 1066 promptu
356 1015 449 1048 tum
484 1004 678 1062 positum
705 1012 798 1047 erat
823 1002 1008 1045 Vatinii

111 1064 393 1108 substituere.
452 1062 556 1104 Fuit
577 1060 613 1103 is
637 1061 840 1104 Vatinius
863 1060 1001 1107 Bene·

111 1129 330 1166 ventanns
354 1126 481 1161 sutor
502 1127 544 1162 et
569 1119 805 1162 vitrearius
831 1115 1004 1166 artifex,

111 1177 189 1237 qui
231 1177 367 1234 gratia
401 1175 595 1218 Neronis
638 1175 886 1233 plurimum
926 1187 1002 1216 va·

116 1235 214 1279 luit.
275 1234 333 1276 cf.
361 1233 555 1281 Marti-al,
585 1235 651 1281 lo,
679 1233 719 1280 3,
743 1233 786 1276 4.
831 1232 898 1280 14,
930 1228 1002 1272 96.

115 1292 303 1336 luvenal.
331 1291 372 1341 5,
390 1291 464 1334 46.
494 1289 636 1332 Tacit.
661 1290 772 1332 llist.
802 1292 837 1339 l,
861 1288 932 1332 37.
959 1293 1001 1326 et

115 1348 335 1408 imprimis
360 1347 447 1390 Αη.
478 1348 542 1394 15,
565 1347 662 1389 34:
695 1348 914 1389 Vatinius
933 1345 1000 1386 in-

116 1414 188 1448 ter
201 1405 491 1460 foedissima
521 1406 617 1445 eius
641 1407 783 1445 aulae
817 1408 1000 1445 ostenta

100 1464 230 1521 suit,
275 1463 486 1504 sutrinae
517 1465 740 1503 tabernae
760 1464 998 1511 alumnus,

113 1534 303 1574 corpore
329 1522 512 1560 detorto
528 1551 539 1572 ‚
571 1519 765 1573 facetiis
787 1517 1000 1560 scurrili-

114 1580 229 1620 bus:
273 1576 428 1631 primo
469 1577 516 1617 in
558 1578 866 1618 contumelias
909 1576 999 1615 ad-

113 1641 349 1687 sumptus,
392 1634 557 1674 dehinc
591 1635 758 1686 optimi
782 1634 1000 1686 cuiusque

118 1691 447 1733 criminatione
480 1705 533 1731 eo
566 1704 708 1744 usque
738 1692 910 1741 valuit,
952 1693 1002 1728 ut

114 1749 301 1802 gratia,
325 1748 548 1801 pecunia,
580 1748 626 1788 υἱ
642 1747 841 1789 nocendi
859 1747 1003 1787 etiam

118 1809 272 1847 nmlos
289 1807 625 1857 praemineret‚·
653 1804 917 1860 quibuscum
946 1800 1002 1844 cf.

116 1861 333 1918 xiphilin.
369 1860 437 1912 63,
472 1862 538 1903 15.
614 1861 846 1903 Praeterea
884 1859 1002 1902 idem

117 1917 374 1962 Gronovius
427 1917 616 1961 Acidalii
668 1926 880 1975 sequutus
939 1922 1003 1957 est

118 1975 476 2020 emendationem
504 1978 834 2029 improbatum,
869 1974 1003 2029 idque

118 2032 353 2093 explicuit:
397 2032 592 2090 potentia
627 2032 792 2075 Vatinii
829 2034 1002 2088 impro-

116 2092 214 2135 bata
238 2089 592 2147 reprehensaque
619 2099 682 2131 est
705 2089 752 2132 in
773 2089 852 2131 illo
882 2087 1004 2146 prin·

119 2148 214 2206 cipe
235 2146 288 2190 ab
318 2146 527 2189 omnibus
551 2145 701 2190 bonis.
759 2147 845 2190 Sed
879 2147 1000 2188 otio-

118 2221 217 2250 sum
254 2211 316 2246 est
348 2203 448 2246 talia
481 2205 534 2245 ab
559 2203 769 2246 Materno
795 2218 1002 2246 comme-

119 2260 315 2312 morari,
365 2276 476 2317 quae
518 2259 686 2302 nemini
722 2261 874 2318 ignota
910 2274 1005 2301 esse

119 2326 376 2379 potueruut.
450 2317 755 2360 Falsissimum
793 2328 858 2360 est
892 2332 1004 2359 ean-

120 2378 223 2419 dem
255 2377 311 2417 ob
345 2390 548 2422 causam,
588 2377 706 2429 quod
734 2375 1002 2417 Heumanno

121 2443 164 2476 et
176 2431 382 2476 Schutzio
404 2431 594 2488 placuit:
625 2432 905 2484 ivsiNeroni
918 2431 1004 2471 im·

118 2494 380 2546 probatum,
402 2496 444 2530 et
457 2488 650 2530 seebod,
673 2490 744 2531 ed.
768 2489 842 2531 alt.
863 2489 1002 2529 etiam

122 2548 306 2591 Neroni
323 2547 666 2598 improbatam,
701 2546 820 2602 quod
845 2545 912 2587 vel
936 2543 1003 2586 bi·

123 2602 283 2649 storiae
326 2602 549 2645 adversari
595 2603 878 2645 manifestum
927 2610 1007 2645 est.

122 2663 273 2706 Altera
292 2659 428 2718 igitur
450 2659 714 2703 emendandi
741 2659 854 2702 ratio
879 2675 1008 2713 quae-

123 2719 261 2763 renda
283 2727 400 2769 erat,
433 2733 591 2774 quam,
626 2716 862 2761 Gronovio
885 2731 1010 2776 prae·

124 2784 256 2820 eunte
277 2806 290 2824 ‚
349 2774 544 2832 repperit
598 2774 826 2817 Osannus.
918 2772 1008 2816 Di-

124 2835 354 2879 vinaverat
375 2833 494 2875 enim
514 2831 602 2883 ille,
633 2833 888 2875 Maternum
910 2847 1007 2873 mu·

124 2892 219 2934 sico
247 2904 384 2946 agone
407 2905 511 2947 prae
530 2889 710 2932 Vatinio
740 2896 1006 2933 coronatum

126 2961 220 2990 esse
251 2946 446 3003 nihilque
477 2955 673 2989 moratos
708 2962 801 2989 esse
825 2947 1006 2998 iudices,

126 3005 235 3062 'quin
269 3003 348 3070 ipsi
385 3003 577 3059 palmam
615 3004 794 3052 darent,
844 3003 1008 3046 Vatinii

125 3069 322 3120 potentia
344 3075 527 3118 prorsus
552 3060 1011 3119 neglecta-*Quapro-

127 3127 227 3175 pter
255 3117 329 3160 hic
356 3117 638 3160 scribendum
671 3118 806 3161 suasit
837 3121 884 3160 in
910 3120 1010 3160 Ne-

127 3177 302 3222 roniis,
345 3189 435 3231 quo
463 3174 736 3217 indicaretur
770 3184 1009 3228 certamen,

126 3229 470 3293 quinquennale,
505 3231 640 3287 quod,
671 3232 853 3275 Sueton.
872 3232 1011 3275 Nero.

127 3308 170 3335 ο.
216 3292 280 3332 12.
329 3297 537 3334 auctore,
590 3289 787 3331 instituit
825 3290 1010 3344 primus

130 3349 339 3389 omnium
384 3346 594 3397 Romae,
651 3361 779 3388 more
828 3347 1009 3388 Graeco

130 3406 299 3458 triplex
320 3436 332 3456 ‚
401 3403 620 3444 musicum
642 3434 654 3457 ,
729 3405 1005 3459 gymnicum,

132 3468 363 3515 equestre,
411 3463 533 3513 quod
570 3462 821 3512 appellavit
854 3461 1008 3502 Nero-

130 3519 225 3561 nia.
282 3515 438 3558 Malim
465 3526 609 3557 tamen
633 3516 764 3559 scribi
789 3519 835 3559 in
857 3518 1009 3558 Nero-

130 3575 227 3617 neis
248 3572 452 3629 [Rupert.
476 3575 522 3614 in
545 3574 761 3615 Neroneo
785 3590 846 3617 sc.
866 3588 1007 3630 agone

131 3631 224 3678 sive
271 3629 560 3682 certaminej,
615 3645 726 3688 quae
774 3630 923 3673 forma
966 3637 1007 3674 et

1069 825 1227 870 melius
1250 824 1490 881 respondet
1514 832 1617 868 vett.
1634 823 1741 868 libb.
1766 822 1955 882 scriptu-

1069 902 1145 928 rae
1170 892 1213 926 et
1236 892 1443 940 usurpata
1467 890 1532 925 est
1555 899 1578 924 a
1600 882 1754 926 Tacito
1781 885 1870 928 An.
1890 885 1956 934 16,

1075 944 1142 986 12.
1177 948 1222 982 et
1254 941 1450 989 mensis,
1491 942 1570 995 qui
1591 943 1800 995 Aprilem
1836 957 1958 993 eun?

1070 1004 1266 1053 demque
1284 1000 1555 1040 Neroneum
1578 1000 1884 1052 sequebatur,
1914 1007 1959 1042 et

1071 1056 1258 1100 sueton.
1281 1054 1390 1096 Ner.
1417 1069 1456 1097 e.
1482 1054 1553 1097 21.
1578 1055 1648 1098 55.
1680 1054 1828 1100 Vitell.
1852 1073 1894 1102 c.
1913 1058 1959 1101 4.

1070 1114 1226 1171 Neque
1254 1111 1446 1155 dubitari
1479 1110 1582 1154 licet
1613 1127 1717 1155 cum
1743 1111 1798 1157 V.
1823 1115 1883 1157 D.
1909 1114 1958 1157 in

1066 1171 1212 1229 suppl.
1269 1168 1444 1226 ephem.
1491 1169 1556 1212 lit.
1599 1168 1700 1213 Hal.
1746 1188 1785 1214 a.
1832 1172 1960 1215 1829.

1069 1245 1140 1272 nr.
1175 1227 1272 1270 122.
1317 1226 1371 1268 de
1409 1227 1740 1271 emendationis
1782 1229 1962 1272 veritate

1071 1285 1128 1328 ob
1157 1286 1206 1327 in
1229 1299 1380 1342 praep.
1410 1283 1630 1332 additam,
1667 1301 1780 1343 quae
1811 1295 1962 1337 exstat,

1073 1341 1252 1385 Orellio
1287 1341 1478 1383 docente
1501 1339 1758 1399 Prolegom.
1781 1360 1825 1402 p.
1847 1343 1961 1393 LV„

1070 1401 1117 1443 in
1143 1399 1343 1455 inscript.
1369 1397 1424 1440 N.
1443 1398 1572 1441 2588.
1596 1402 1644 1442 in
1669 1404 1800 1444 omni
1816 1405 1962 1445 otme-

1073 1459 1162 1499 tica
1201 1456 1456 1499 certamine
1498 1458 1737 1502 victorem.
1815 1459 1962 1515 [Bek-

1072 1514 1182 1557 kero
1207 1514 1348 1556 Farn.
1372 1513 1474 1556 cod.
1501 1513 1684 1556 Vatinii
1702 1514 1862 1559 habere
1885 1517 1963 1562 vi:-

1074 1573 1203 1613 detur
1225 1602 1237 1619 ,
1298 1569 1419 1611 idem
1462 1571 1511 1612 in
1546 1571 1733 1614 Nerone
1777 1575 1963 1635 retinejg

1072 1626 1342 1670 Boetticber.
1390 1630 1438 1668 in
1474 1629 1702 1672 Ner-oncis
1743 1630 1962 1688 scripsit-J

1071 1685 1303 1729 Audacior
1319 1691 1381 1726 est
1396 1683 1659 1743 Schultingii
1683 1690 1961 1732 emendatio:

1075 1751 1121 1785 et
1158 1750 1258 1783 tum
1293 1746 1475 1796 quidem
1491 1775 1503 1796 ,
1547 1757 1653 1785 cum
1689 1746 1741 1786 in
1775 1746 1962 1793 Nerone

1073 1801 1335 1852 improbum
1359 1806 1404 1840 et
1426 1813 1716 1843 summorum
1740 1805 1844 1859 (pro
1870 1819 1963 1860 quo

1076 1855 1267 1900 Seebod.
1327 1857 1450 1898 malit
1499 1857 1762 1914 Musarum)
1819 1874 1964 1904 sacra

1068 1914 1411 1969 profanantem
1444 1921 1606 1957 vatum
1639 1919 1964 1971 impotentiam

1062 1972 1176 2028 jugi
1218 1970 1289 2014 vel
1322 1971 1563 2024 fugimus,
1621 1972 1675 2016 de
1718 1989 1807 2031 qua
1849 1974 1962 2019 nihil

1075 2027 1264 2084 amplius
1289 2027 1547 2070 dicendum.
1575 2053 1628 2064 —
1682 2031 1772 2073 Pro
1791 2034 1962 2090 profa-

1073 2093 1270 2126 nantem
1300 2083 1348 2126 in
1380 2085 1483 2129 edd.
1509 2094 1614 2130 vett.
1645 2092 1964 2144 prophanan—

1075 2151 1169 2185 tem
1195 2141 1410 2200 seriptum
1434 2151 1516 2187 est.

1133 2250 1177 2285 et
1206 2244 1353 2285 hodie.
1411 2242 1642 2293 „Romam
1667 2246 1790 2290 addit
1815 2263 1963 2307 copu-

1074 2300 1225 2350 lam”‚
1274 2299 1419 2356 inquit
1451 2301 1648 2359 Lipsius,
1694 2315 1965 2364 receperunt

1075 2365 1307 2414 sequentes
1341 2358 1470 2406 edd„
1513 2359 1590 2401 sed
1625 2360 1727 2417 quia
1763 2363 1884 2406 deest
1916 2365 1963 2408 in

1075 2414 1175 2456 edd.
1197 2414 1414 2470 antiquis,
1445 2415 1650 2459 delerunt
1673 2435 1768 2462 eam
1785 2421 1965 2467 Dronk.

1075 2471 1232 2513 Osann
1276 2479 1317 2512 et
1343 2471 1508 2524 orell„
1551 2475 1681 2519 uncis
1706 2477 1966 2523 circumde-

1075 2528 1139 2569 dit
1162 2527 1354 2571 Seebod.
1379 2528 1447 2571 ed.
1475 2546 1542 2586 pr.
1602 2532 1687 2575 Sed
1712 2542 1775 2577 est
1797 2551 1846 2579 ea
1864 2552 1964 2595 par-

1078 2584 1213 2627 ticula
1256 2585 1302 2627 in
1340 2585 1470 2631 MSS.
1503 2587 1642 2645 Neap.
1690 2593 1752 2647 [et
1785 2592 1964 2651 Fara-J,

1080 2657 1230 2698 quare,
1257 2658 1310 2684 ne
1335 2641 1425 2684 hiet
1447 2645 1604 2695 oratio,
1630 2648 1816 2692 restituo
1835 2655 1963 2704 [cum

1078 2697 1272 2742 Bekker.
1293 2698 1561 2745 Boetticher.
1585 2701 1806 2762 Rupert.].
1846 2708 1964 2753 Heu-

1080 2772 1271 2799 mannus
1320 2759 1510 2801 malebat
1558 2768 1608 2801 ut
1650 2763 1784 2807 hodie
1828 2774 1871 2810 et
1915 2767 1964 2810 in

1078 2829 1202 2879 seqq.
1232 2817 1435 2857 arbitrer
1458 2831 1539 2873 pro
1563 2819 1799 2872 arbitror,
1837 2825 1961 2882 quod

1080 2887 1147 2913 vix
1177 2873 1502 2925 necessarium,
1543 2873 1674 2920 sicuti
1704 2877 1846 2923 eidem
1881 2898 1962 2925 ne-

1081 2943 1199 2984 queo
1249 2929 1467 2972 adsentire
1509 2946 1613 2975 cum
1659 2935 1864 2982 Acidalio
1911 2941 1963 2982 in

1078 2995 1179 3031 ante
1201 2986 1335 3029 nobis
1354 2986 1544 3035 delente.

1137 3085 1358 3130 nominis,
1428 3086 1564 3132 MSS.
1599 3089 1738 3159 Neap.
1781 3095 1965 3151 [Farn.]

1078 3145 1312 3243 matutinis,
1366 3160 1477 3202 quae
1511 3147 1716 3194 confusio
1749 3151 1964 3209 frequens

1081 3219 1125 3244 es
1152 3233 1163 3244 .

1709 3291 1786 3334 Sic
1829 3292 1963 3341 MSS.

1080 3342 1222 3400 Neap.
1251 3342 1416 3386 Vaticc.
1451 3355 1493 3388 et
1524 3345 1627 3392 edd.
1653 3348 1859 3407 antiquae
1892 3367 1964 3395 us·

1079 3416 1165 3466 que
1200 3399 1252 3442 ad
1285 3399 1506 3457 Lipsium,
1555 3405 1631 3459 qui
1668 3406 1828 3451 tacitus
1861 3409 1963 3452 iam

1077 3459 1367 3513 interposuit,
1401 3459 1477 3502 sed
1500 3464 1743 3515 deiungere
1765 3478 1868 3506 cum
1891 3466 1964 3508 Pi-

1081 3514 1210 3556 thoeo
1249 3517 1459 3559 servavit.
1531 3517 1800 3577 Bernegger.
1835 3520 1960 3566 Gro-

1078 3587 1185 3614 nov.
1209 3586 1308 3640 sqq.
1329 3572 1382 3614 ad
1406 3571 1583 3618 Dronk.
1609 3591 1750 3633 usque
1771 3577 1962 3637 scripse-

1079 3636 1183 3671 runt
1207 3644 1263 3671 ae
1288 3644 1386 3671 mm
1417 3645 1492 3673 me
1512 3632 1786 3690 seiungere,
1835 3636 1962 3683 cuius

1136 3301 1190 3327 ac
1237 3299 1311 3326 me
1351 3288 1613 3343 deiungere.
