2150 4022
93 476 203 521 CAP.
216 475 290 520 79.

205 533 278 575 80.

205 590 277 633 81.

205 704 275 747 82.

204 762 274 805 83.

206 877 278 919 84.

206 934 278 977 86.

92 1438 205 1483 ΟΑΡ.
222 1439 262 1481 1.

203 1497 251 1540 2.

205 1553 250 1598 3.

208 1727 250 1769 4.

208 1898 250 1942 5.

313 235 770 298 CODICUM
827 208 1719 320 FLORFLNTINORU‘M.
1767 320 1769 323 ι
1818 237 1944 331 419

422 364 494 408 W
488 365 662 407 alther.
686 422 690 430 ὑ

315 474 500 532 integri:
534 488 647 531 quae
673 488 697 515 e
720 471 909 517 Chaucis

321 548 481 575 averso

318 589 437 633 coeli
460 589 592 633 favor

314 645 533 694 aestimari

320 704 514 746 abfuisse

314 761 471 804 eadem
494 758 664 818 species

352 827 606 861 atrarentur

363 875 585 918 tolemaeo

321 933 699 992 interpretabatur

1319 361 1557 419 Mediceus
1577 363 1674 411 cod.

1051 474 1315 532 integraque
1338 483 1382 517 et
1406 490 1455 517 ex
1478 472 1659 519 eauehis

1050 530 1238 575 adverso

1052 588 1157 632 celis
1180 596 1244 630 est
1269 588 1400 632 favor

1050 645 1247 688 estimari

1053 702 1247 746 aufuisse

1053 760 1208 802 eedem
1228 759 1397 816 species

1083 825 1312 859 aterentur

1094 873 1336 928 tolomaeo,

1053 930 1211 974 Verba
1223 965 1236 986 ,
1272 945 1392 987 quae
1415 932 1462 973 in
1485 932 1595 976 aliis
1617 933 1748 978 libris
1772 939 1939 981 addim

1106 996 1239 1044 sunt,
1279 1004 1424 1046 neque
1459 1005 1543 1045 vos
1574 989 1820 1049 impunitos
1854 1012 1940 1055 pa·-

1108 1045 1275 1090 tiantur
1289 1079 1301 1098 ,
1331 1061 1426 1090 om.
1447 1046 1577 1090 Flor.

482 1217 972 1269 Historiarum
1022 1216 1206 1270 liber·
1251 1219 1552 1287 quintus.

414 1340 486 1382 W
484 1342 656 1383 alther.

321 1436 631 1492 Sohemusque

322 1495 501 1537 adcolas
527 1495 680 1537 ldaeos

320 1552 529 1609 Moysem

322 1611 551 1666 utrimque

325 1666 467 1709 dicata

325 1723 450 1781 quod
472 1724 590 1780 ipsos

312 1782 534 1826 detinetur

321 1855 344 1882 e
370 1847 537 1895 septem

316 1896 575 1952 animasque
599 1926 610 1937 .
627 1926 638 1938 .
655 1925 666 1936 .
689 1902 893 1947 aeternos

316 1953 530 1996 imitabile

323 2009 619 2054 concinebant

316 2083 340 2109 a
365 2067 501 2110 latere

316 2125 472 2180 fruges

320 2191 446 2224 certo
468 2179 572 2222 anni

322 2290 539 2336 torridam

320 2351 416 2408 Ego
443 2347 557 2390 sicut

323 2408 459 2450 Belus

320 2479 481 2509 arenae

321 2522 482 2565 Persas

321 2579 449 2623 Simo

324 2651 535 2694 excepere

319 2703 442 2754 parta

320 2752 495 2795 rediere

322 2808 476 2854 utilius

325 2865 600 2910 ambiebatur

324 2922 557 2966 vulnerato

328 2979 514 3024 Cerialis

327 3037 494 3083 adstitit

321 3092 612 3151 Gugernique

319 3171 343 3197 e
371 3152 500 3208 longa
523 3165 629 3207 pace

319 3209 612 3269 sperabantur

325 3270 448 3312 ciens

328 3323 465 3368 diruit
498 3373 500 3375 v

327 3379 517 3436 Alpinus

272 3473 283 3485 .
326 3438 556 3494 legionum

320 3510 413 3561 unq
437 3495 506 3537 die
528 3491 684 3537 Civilis
697 3491 976 3549 xquadripar-

380 3559 462 3594 tuo

1317 1341 1543 1385 Mediceus
1564 1345 1664 1386 cod.

1052 1438 1119 1481 sic
1139 1438 1268 1481 Flor-

1052 1495 1199 1538 adcol.
1225 1494 1381 1539 iudeos

1054 1553 1290 1604 *moseum
1316 1561 1482 1606 postea
1507 1556 1576 1599 bis
1596 1556 1781 1615 Moyses

1056 1611 1252 1668 utrisque
1274 1613 1374 1652 sine
1398 1613 1453 1655 ab

1054 1667 1255 1710 dedicata

1050 1724 1080 1756 ’⁸‘
1093 1740 1179 1780 qua
1199 1726 1318 1783 ipsos

1051 1782 1116 1822 sic
1141 1782 1268 1825 Flor.

1054 1837 1107 1878 de
1133 1847 1300 1897 septem

1052 1896 1316 1953 animosque
1341 1927 1352 1938 .
1370 1929 1380 1939 .
1397 1928 1409 1940 .
1438 1905 1639 1942 aeternas

1051 1950 1352 1996 *imitabilem

1052 2008 1402 2054 continebantur

1052 2080 1076 2106 e
1098 2066 1234 2109 latere

1053 2132 1294 2181 exuperant
1317 2123 1469 2183 fruges

1054 2188 1260 2237 tempore
1299 2184 1360 2223 ab
1407 2187 1572 2227 eadem
1615 2199 1764 2229 manu
1805 2201 1943 2241 super

1112 2253 1299 2280 versum
1325 2248 1405 2283 est.

1054 2295 1225 2336 torrida

1054 2358 1097 2392 et
1121 2350 1235 2394 sicut

1054 2408 1206 2450 Bellus

1053 2466 1242 2508 harenae

984 2541 989 2544 ·
1055 2523 1083 2554 *
1098 2531 1287 2577 persatas

1055 2580 1213 2623 Simon

1055 2637 1253 2695 excipere

1054 2703 1204 2749 parata

1054 2751 1201 2793 redire

1054 2808 1214 2851 *utilis

1054 2865 1206 2907 Furia
1230 2874 1353 2910 tacet
1371 2871 1429 2911 de
1460 2871 1711 2916 ambibatur

1054 2922 1296 2966 volneratis

1055 2980 1262 3044 cerealis,
1298 2989 1350 3024 ut
1376 2997 1531 3039 saepe.
1602 2996 1604 2999 ’

1054 3037 1191 3079 astitit
1247 3038 1250 3041 ⁴

1057 3091 1344 3152 Cugernique

1056 3165 1107 3191 ex
1131 3150 1264 3210 longa
1289 3169 1396 3210 pace

1055 3209 1317 3273 sperabatur

1055 3279 1198 3307 sciens

1058 3319 1190 3365 diluit

1053 3378 1261 3434 Alpinius

1053 3432 1277 3490 legionem
1312 3452 1313 3459 ¹

1054 3491 1200 3537 modis
1225 3493 1373 3541 civilis
1395 3495 1716 3553 quadripartita

1280 3608 1476 3668 Dd2
