2150 4022
535 251 702 312 om
720 251 767 311 r.
785 251 843 310 o
860 251 919 310 G
938 252 989 311 U
1007 253 1066 315 s.
1151 250 1201 310 c
1217 250 1266 309 A
1287 247 1350 308 Ρ.
1382 247 1481 310 36.
1802 251 1931 332 3η

253 379 538 445 XXXVI.-
576 383 796 457 Magna
836 382 1202 458 eloquentia,
1245 382 1395 439 sicut
1426 377 1698 453 flamma,
1741 387 1927 444 mate·-

84 472 171 529 r‘ia
195 470 374 527 alitur
397 482 452 526 et
475 471 732 527 motibus
758 465 1042 525 excitatur
1067 477 1124 523 et
1145 469 1372 523 urendo
1398 467 1676 527 clarescit.
1721 472 1922 530 eadem

85 557 233 613 ratio
260 556 328 611 in·
352 551 550 611 nustra
581 575 815 631 quoque
846 552 1082 609 civitate
1113 551 1490 627 antiquorum
1528 554 1923 630 eloquentiam

84 641 366 716 provexit.
449 638 601 695 Nam
640 640 745 696 etsi
785 636 999 694 horum
1039 656 1272 712 quoque
1310 648 1640 711 temporum
1666 652 1924 698 oratores

87 746 151 782 ea
189 725 534 800 consequuti
573 736 737 793 sunt,
793 741 942 800 quae
980 721 1297 795 composita
1338 733 1394 777 et
1430 723 1621 797 quieta
1661 737 1717 780 et
1754 726 1922 784 beata

85 830 150 867 re
174 806 408 885 publica
434 810 624 865 tribui
643 811 729 865 fas
753 819 899 878 erat,
942 820 1137 864 tamen
1164 806 1264 861 illa
1291 808 1732 880 perturbatione
1758 831 1822 867 ac
1849 810 1926 866 li-

89 895 278 954 centia
307 895 475 970 plura
503 896 613 951 sibi
642 895 886 971 adsequi
908 893 1291 959 videbantur,
1343 909 1474 946 cum
1508 892 1704 949 mixtis
1731 896 1926 951 omni-

88 982 198 1037 hus
224 993 279 1037 et
303 981 672 1036 moderatore
695 1000 814 1036 uno
841 977 1174 1036 carentibus
1203 988 1431 1033 tantum
1459 978 1704 1054 quisque
1729 993 1929 1037 orator

90 1077 342 1143 saperet,-
412 1077 698 1141 quantum
751 1063 972 1121 erranti
1023 1061 1245 1136 populo
1293 1054 1634 1135 persuaderi
1685 1076 1929 1139 poterat.

78 1286 318 1343 ‘perpauca
372 1284 516 1327 deleta
572 1302 663 1328 esse
717 1285 979 1327 videbantur

93 1340 374 1399 Schultingio
396 1351 435 1384 et
449 1342 821 1385 Schurzsseiscbio
835 1374 846 1389 ,
869 1357 980 1398 quo·

92 1415 194 1441 rum
217 1398 326 1441 alter
346 1400 411 1442 sic
428 1400 562 1443 verba
585 1400 840 1442 constituit:
873 1415 977 1442 cum

91 1460 157 1498 ad
187 1469 325 1498 veros
349 1457 519 1499 iudices
540 1464 729 1499 ventum
758 1465 849 1511 est,
895 1472 979 1498 nec

1105 1289 1331 1324 oratores.
1417 1280 1516 1324 Hoc
1563 1282 1932 1329 Schurzsseischio

1047 1356 1137 1381 non
1164 1338 1355 1396 placuit,
1391 1339 1492 1396 quia
1516 1340 1681 1399 dialogi
1706 1342 1836 1385 initio
1862 1344 1935 1386 di-

1045 1406 1168 1438 ctum
1204 1397 1286 1439 sit:
1341 1399 1512 1438 horum
1546 1405 1707 1440 autem
1745 1408 1931 1454 tempo-

1044 1466 1151 1495 rum
1191 1455 1353 1496 deserti
1380 1456 1604 1497 causidici
1634 1463 1678 1497 et
1715 1461 1938 1503 advocati

93 1527 196 1556 rem
227 1515 445 1567 cogitare
482 1515 691 1569 possint,
750 1517 832 1570 qui
864 1516 982 1555 m‘lzil

93 1572 285 1622 humile,
315 1573 429 1612 nihil
449 1573 652 1614 alienum
676 1573 833 1627 eloqui
847 1579 975 1626 pote-

88 1635 218 1672 rant.
283 1628 579 1670 Counnoveri
601 1632 669 1671 ud
693 1632 812 1671 haee
834 1631 974 1683 Aper.

95 1690 159 1730 Ae
200 1685 467 1736 Maternus,
521 1686 602 1728 Ita
647 1694 740 1741 est,
800 1687 950 1742 inquit
965 1703 979 1737 ;

93 1756 274 1796 magna
294 1745 555 1798 eloquentia
578 1752 665 1788 ete.
679 1776 690 1793 ‚
714 1759 797 1787 nec
817 1742 978 1786 melius

95 1799 167 1843 hic
202 1799 404 1843 refinxit:
456 1817 582 1851 cum,
633 1802 712 1842 ubi
745 1806 812 1843 ad
849 1815 983 1843 veros

95 1859 268 1899 iudices
292 1865 479 1900 ventum
506 1868 574 1900 est
588 1891 599 1912 ‚
643 1860 760 1900 nihil
790 1861 980 1908 humile,

94 1916 213 1958 nihil
265 1915 493 1956 abiectum
544 1917 698 1972 eloqui
743 1923 980 1970 oporteat.

94 1970 293 2016 Uberius
325 1972 380 2014 de
404 1971 490 2015 hoc
516 1973 618 2015 loco
645 1973 980 2030 disputaverunt

95 2026 176 2077 U.=
194 2026 376 2076 Becker.
420 2029 464 2071 in
503 2029 696 2074 Seebod.
732 2031 901 2072 Archiv
933 2031 979 2086 f.

94 2085 258 2129 Philol.
282 2101 327 2127 ιι.
351 2085 613 2141 Paedagog.
639 2103 676 2129 a.
700 2085 825 2130 1825.
861 2087 912 2142 11,
940 2089 978 2129 1.

95 2160 138 2202 p.
161 2142 232 2186 72.
257 2142 328 2186 74.
354 2151 396 2197 et
424 2142 470 2187 L.
498 2143 786 2188 Doederlein.
810 2145 855 2187 in
879 2143 982 2186 Mu-

95 2216 171 2255 seo
206 2199 351 2243 Rhen.
383 2198 462 2254 Ill,
503 2205 542 2245 1.
575 2218 620 2260 p.
651 2203 747 2250 16.,
787 2219 979 2259 quorum

96 2252 192 2299 W.
213 2253 317 2303 DI).
344 2259 745 2302 commentationes
769 2258 887 2319 typis
908 2275 982 2301 re-

97 2314 258 2373 petitae
281 2356 286 2359 ,
321 2321 425 2356 sunt
490 2314 537 2356 in
594 2316 778 2373 exempl.
838 2314 983 2359 Orell.

99 2388 143 2430 p.
167 2369 312 2421 96.‚—
330 2372 422 2413 100.
486 2370 605 2414 Certi
643 2371 810 2429 aliquid
835 2373 881 2415 in
907 2372 982 2421 tali

98 2445 148 2472 re
171 2437 361 2471 statuere
384 2443 487 2471 cum
516 2428 743 2472 difficilius
766 2429 982 2480 videatur,

99 2485 363 2537 sententiam
424 2501 568 2529 meam
620 2485 981 2545 qualemcunque

99 2558 224 2592 nunc
246 2542 411 2600 ἐπέχω.

157 2626 351 2670 (λιν-36.
383 2627 609 2670 clarescit.
668 2625 770 2669 Hoc
793 2626 983 2670 verbum

100 2684 258 2727 nitoris
281 2692 324 2726 et
347 2683 600 2742 splendoris
625 2684 818 2740 aliquam
844 2684 981 2742 signi·

100 2741 354 2785 ficationem
388 2741 542 2792 hahet,
578 2750 627 2784 ut
649 2740 875 2799 Spalding.
897 2742 982 2783 do-

101 2799 196 2842 enit
226 2806 322 2841 not.
353 2799 454 2842 crit.
490 2799 542 2841 ad
576 2798 736 2854 Quint.
767 2797 875 2841 lust.
912 2814 984 2848 or.

101 2857 145 2911 6,
187 2856 230 2909 4,
272 2854 317 2899 9.
373 2855 481 2901 coll.
534 2856 719 2915 Zumpt.
775 2854 882 2899 Vol.
926 2854 981 2898 V.

102 2928 144 2971 p.
170 2911 268 2956 34⁷.

155 2995 386 3053 provexit.
450 2995 526 3039 Sic
544 2988 794 3056 Ms.Neap.
818 3004 860 3039 et
881 2995 982 3040 edd.

103 3051 220 3111 Lips.
256 3066 354 3122 sqq.
399 3075 455 3085 —
532 3053 645 3096 Edd.
679 3061 790 3098 vett.
822 3053 987 3102 habent

100 3117 338 3166 pervexit,
365 3125 498 3168 quam
523 3110 836 3154 confusionem
862 3119 986 3154 nota·

104 3168 254 3213 vimus
275 3166 329 3209 ad
351 3168 437 3210 An.
459 3171 523 3221 11,
544 3166 584 3211 8.
609 3168 652 3210 in
675 3182 801 3221 pro-
826 3177 868 3211 et
885 3183 988 3222 per-

106 3227 295 3268 turbare
316 3231 357 3266 et
377 3222 482 3268 alias
500 3225 764 3281 saepissime.
794 3225 987 3268 Eaedem

107 3282 205 3326 edd.
241 3281 447 3339 antiquae
480 3282 612 3337 paulo
649 3288 756 3338 post'
778 3283 990 3341 praebent

108 3339 267 3388 imbui,
290 3343 477 3396 proquo
497 3347 594 3395 post
606 3339 803 3396 Lipsium
829 3354 988 3382 omnes

110 3394 250 3438 tribui
265 3394 599 3453 exprimendum
622 3405 851 3439 curarunt.
897 3396 985 3439 De·

110 3453 246 3510 nique
290 3453 344 3506 in.
381 3453 542 3495 eisdem
596 3451 720 3495 libris
763 3456 990 3509 pleraque

108 3509 324 3567 scriptum
362 3516 462 3555 ,erat
504 3525 587 3567 pro
626 3525 680 3551 eo
709 3511 831 3570 quod
869 3524 991 3556 nunc

110 3565 339 3626 vulgatur,
362 3568 517 3621 plura.

1046 1518 1089 1552 et
1118 1513 1315 1565 patroni
1341 1519 1389 1553 et
1409 1513 1594 1566 quidvis·
1607 1516 1764 1566 potius
1789 1531 1934 1571 quam

1047 1575 1263 1610 oratores
1287 1577 1533 1617 vocantur,
1567 1585 1704 1626 quare
1726 1574 1936 1621 rhetores

1047 1625 1255 1668 substitui
1279 1625 1398 1677 vult;
1426 1633 1609 1670 temere.

1105 1698 1360 1750 composita
1385 1706 1430 1740 et
1455 1701 1624 1753 quieta.
1672 1683 1935 1761 S‘nonyma

1019 1772 1025 1778 ’
1053 1755 1321 1809 coniuncta,
1364 1763 1410 1797 ut
1433 1756 1546 1802 infra
1572 1761 1688 1816 cap.'
1719 1760 1759 1802 Ο.
1786 1762 1939 1803 otiosa

1054 1820 1098 1854 et
1122 1813 1278 1867 quieta
1300 1828 1368 1854 re.
1432 1813 1531 1856 Atia
1553 1814 1597 1856 id
1618 1831 1756 1873 genus
1779 1817 1825 1860 in
1850 1818 1939 1861 hoc

1054 1871 1194 1927 capite
1229 1877 1358 1912 sunt:
1405 1871 1600 1914 notitiae
1633 1889 1691 1915 ae
1719 1877 1938 1922 nominis,

1051 1942 1248 1983 quocum
1274 1942 1356 1968 cur
1371 1927 1562 1984 bangius
1583 1945 1626 1985 p.
1642 1931 1760 1974 xxi.
1783 1939 1879 1974 not.
1896 1933 1939 1975 4.

1051 1984 1119 2026 ed.
1133 1982 1218 2027 Dr.
1234 1991 1276 2025 et
1290 1983 1423 2026 Roth.
1439 1984 1468 2027 l.
1486 1985 1514 2027 l.
1536 2001 1580 2042 p.
1594 1986 1669 2030 ὅθ.
1682 1987 1834 2032 locum
1849 1991 1938 2033 An.

1051 2041 1091 2092 3,
1108 2041 1174 2083 55.
1198 2042 1568 2098 comparaverint,
1591 2046 1847 2101 perspicere
1863 2062 1940 2089 ne·

1054 2114 1181 2157 queo.
1194 2123 1251 2133 —·
1263 2100 1448 2142 consilio
1462 2108 1508 2149 et
1521 2105 1815 2155 auctoritate,
1827 2119 1886 2160 ,qu
1893 2119 1940 2146 o·

1054 2173 1106 2199 cu
1117 2172 1155 2197 m
1173 2155 1233 2198 cf.
1247 2155 1302 2197 de
1316 2154 1470 2199 Germ.
1487 2174 1530 2209 c.
1546 2156 1870 2212 12.„consilium
1883 2165 1941 2203 si·

1054 2215 1153 2254 mul
1174 2220 1219 2254 et
1239 2215 1498 2263 auctoritas
1514 2210 1702 2269 adsunt,
1726 2217 1844 2261 Ptin.
1857 2207 1943 2277 Ep.

1058 2271 1124 2321 10,
1134 2269 1205 2312 30.
1219 2267 1385 2325 paneg.
1401 2287 1437 2314 e.
1450 2269 1521 2314 88.
1546 2296 1598 2324 ,-
1622 2282 1665 2328 et
1680 2274 1734 2318 ad
1751 2274 1940 2332 figuram

1017 2356 1019 2359 -
1054 2326 1104 2370 ἓν
1124 2325 1203 2369 διὰ
1224 2326 1358 2369 δυοῖν
1383 2327 1572 2384 pertinet
1599 2328 1824 2383 invidiam
1856 2339 1942 2382 aut

1052 2384 1254 2437 crimen,
1307 2393 1353 2434 ut
1387 2385 1496 2431 Hist.
1533 2385 1573 2436 3,
1605 2387 1677 2431 75.
1715 2387 1942 2434 imu'dl‘am

1053 2442 1339 2541 oriinlenque,
1385 2443 1438 2484 de
1465 2457 1555 2499 quo
1583 2440 1674 2498 ,vid-
1701 2445 1833 2490 Roth.
1861 2447 1943 2493 1.,1.

1053 2515 1096 2556 p.
1179 2528 1189 2540 .

1099 2568 1187 2624 fas
1211 2578 1329 2615 erat.
1390 2570 1643 2630 Schulting.
1671 2575 1941 2621 contrariam

1055 2624 1250 2684 postulat
1280 2628 1569 2682 sententiam,
1609 2631 1717 2687 quia
1742 2642 1942 2678 oratores

1055 2683 1137 2725 sub
1162 2682 1397 2733 Caesarum
1429 2686 1621 2744 imperio
1646 2689 1764 2733 inter
1785 2705 1941 2734 omnes

1056 2740 1367 2806 excelluerint,
1401 2742 1590 2800 ideoque
1609 2746 1697 2800 sas
1717 2760 1813 2790 non
1837 2758 1943 2791 erat

1055 2805 1275 2853 scmptum
1323 2797 1461 2847 fuisse
1509 2801 1772 2860 suspicatur.
1856 2805 1944 2849 sed

1056 2854 1288 2954 qudorpqdo
1313 2855 1420 2900 haec
1442 2861 1734 2904 convenirent
1746 2861 1943 2906 Materni

1055 2928 1100 2955 lu
1136 2927 1162 2955 o
1185 2928 1225 2955 ι.

1114 2983 1198 3025 illa
1234 2987 1604 3039 perturbatione.
1687 2989 1763 3034 sic
1808 2990 1943 3040 MSS.

1059 3039 1148 3082 Nea
1184 3071 1195 3082 .
1218 3049 1259 3084 et
1275 3040 1442 3086 Vaticc.
1465 3045 1564 3087 edd.
1578 3044 1758 3092 Dronk.
1773 3048 1944 3092 Osann.

1058 3055 1202 3163 Or-ell.
1226 3098 1384 3150 [Bekk.
1411 3107 1453 3143 et
1475 3101 1738 3159 Boettich.];
1768 3105 1815 3148 in
1839 3107 1943 3149 reli*-

1059 3170 1158 3212 quus
1186 3155 1282 3198 edd.
1309 3155 1463 3208 [etiam
1485 3157 1694 3218 Rupert.]
1721 3164 1813 3205 ista
1829 3178 1943 3218 per-

1062 3214 1177 3255 turb.
1199 3220 1348 3258 exstat.
1372 3237 1427 3247 -
1471 3214 1613 3260 Paulo
1635 3226 1736 3276 post
1757 3217 1828 3262 ed.
1844 3221 1944 3265 Pur.

1061 3269 1130 3310 ιιῑι
1158 3269 1333 3314 exhibet
1355 3286 1437 3328 pro
1459 3279 1664 3318 tantum.

1116 3351 1326 3397 saperet,
1371 3356 1445 3402 qu.
1473 3378 1482 3387 .
1497 3379 1508 3390 .
1526 3379 1536 3391 .
1555 3353 1843 3402 persuaderi
1855 3367 1943 3406 po-

1063 3407 1201 3441 terat.
1278 3399 1619 3447 Rauehenstein.
1667 3407 1943 3452 emendatio-

1064 3471 1167 3499 nem
1194 3472 1318 3500 suam
1344 3461 1526 3503 valeret
1555 3461 1648 3519 ipse
1680 3465 1944 3523 repudiavit,

1063 3512 1269 3571 idemque
1314 3514 1566 3561 Heumanni
1617 3521 1945 3566 correctionem

1060 3574 1352 3624 persuadere
1385 3588 1438 3616 eo
1471 3576 1690 3625 removit,
1735 3579 1858 3636 quod
1893 3581 1947 3629 ad

1318 3630 1506 3692 Aass
