2150 4022
403 272 1026 345 IULIIAGRIC.
1071 279 1310 340 vrrA
1367 278 1564 343 CAP.
1605 283 1701 343 11.
1827 251 2021 383 ‘135‘

119 417 310 493 posita
329 424 532 479 contra
545 410 834 486 Hispania
858 407 1060 467 Iberos
1085 414 1308 467 veteres
1332 411 1625 469 traiecisse
1651 430 1862 488 easque
1886 431 1977 490 se?

120 505 223 559 des
262 517 573 574 occupasse
610 497 786 552 fidem
825 495 1066 553 faciunt.
1127 496 1409 569 ⁴proximi
1438 495 1629 554 Gallis
1665 507 1722 553 et
1754 491 1994 555 similes

118 597 280 644 sunt:
325 605 424 642 seu
451 583 701 639 durante
730 580 974 653 originis
1001 579 1093 648 vi,
1143 586 1247 635 seu
1274 574 1763 654 procurrentibus⁴
1783 581 1846 637 in
1877 582 1972 638 di-

116 690 282 728 versa
317 668 489 725 terris
523 666 738 742 positio
779 665 928 721 coeli
966 664 1313 738 corporibus
1344 659 1614 723 habitum
1641 666 1820 723 dedit.
1905 667 1970 722 in

114 756 459 814 universum
485 764 683 809 tamen
709 749 1040 807 aestimanti
1068 745 1274 805 Gallos
1302 749 1559 805 vicinam
1583 751 1836 808 insulam
1867 772 1969 807 oc-

116 859 354 915 cupasse
389 837 669 894 credibile
706 846 808 894 est.
888 832 1117 890 Eorum
1143 853 1302 890 sacra
1329 830 1732 909 deprehendas
1763 856 1967 911 super-

114 925 419 982 stitionum
460 921 860 997 persuasione:
919 939 1110 975 sermo
1158 915 1320 975 haud
1366 920 1619 976 multum
1668 921 1960 978 diversus:

113 1011 178 1066 in
226 1007 609 1084 deposcendis
653 1005 930 1080 periculis
969 1006 1171 1081 eadem
1206 1004 1450 1060 audacia
1493 1016 1579 1074 et,
1645 1005 1753 1062 ubi
1786 1007 1964 1063 adve-

111 1116 280 1162 nere,
323 1094 387 1148 iu
412 1091 802 1148 detrectandis
830 1091 1032 1146 eadem
1060 1089 1337 1148 formido,
1423 1090 1558 1164 plus
1582 1100 1780 1146 tamen
1804 1092 1962 1147 fero-

111 1181 233 1239 ciae
266 1177 546 1253 Britanni
584 1177 955 1252 praeferunt,
1018 1185 1086 1232 ut
1126 1193 1273 1251 quos
1315 1175 1587 1233 nondum
1625 1175 1802 1249 longa
1848 1196 1959 1251 pax

1121 1426 1387 1479 corporibus
1408 1425 1623 1475 habitum
1647 1425 1790 1471 dedit.
1851 1423 1958 1468 Sci-

1063 1482 1166 1525 licet
1219 1482 1487 1539 corporibus
1533 1481 1858 1524 Britannorum
1912 1492 1954 1525 et

1064 1538 1301 1581 Gallorum
1330 1540 1373 1582 h.
1398 1556 1436 1581 e.
1471 1540 1649 1596 utrique
1681 1540 1800 1595 genti
1840 1555 1954 1582 eun-

1064 1597 1182 1639 dem.
1241 1596 1309 1639 Ne
1342 1596 1479 1653 igitur
1501 1612 1605 1639 cum
1626 1595 1836 1695 Ernssstio
1865 1613 1953 1697 plta—

1701 1669 1725 1696 c
1747 1684 1759 1696 .
1799 1669 1841 1696 c.
1939 1685 1951 1697 .

1801 1727 1840 1756 c.
1884 1713 1955 1758 19.

160 1431 312 1482 posita
350 1434 514 1470 contra
547 1425 792 1479 Ilt‘spania.
850 1423 991 1467 MSS.

107 1486 280 1529 Vaticc.
312 1495 351 1529 et
375 1485 477 1527 edd.
505 1492 614 1530 vett.
642 1485 796 1537 posita
826 1491 991 1524 contra

107 1545 414 1597 Hispaniam,
449 1549 602 1599 aperto
623 1540 751 1584 vitio.
810 1538 992 1582 Scilicet

106 1609 273 1644 contra
298 1600 536 1643 videbatur
563 1613 746 1654 poscere
772 1596 985 1640 accusati-

106 1674 231 1700 vum.
270 1658 511 1699 Rhenanus
530 1655 578 1698 in
591 1654 817 1711 Castigatt.
843 1669 990 1696 emen-

107 1715 264 1758 dabat:
304 1715 460 1768 positu
492 1720 662 1755 contra
693 1711 991 1765 Hispaniam,
1051 1711 1222 1766 fama,

107 1772 229 1829 quod
258 1777 524 1828 receperunt
545 1777 776 1826 sequentes
799 1768 994 1832 editores
1056 1769 1225 1822 pretio·

105 1826 624 1897 (Mi⁰Y¹¹·G¹'YPh·⁵qq·)
648 1825 987 1893 ³d‚E¹'¹¹e⁵¹¹¹¹m·
1120 1840 1405 1882 aestimanti.
1477 1839 1537 1883 cf.
1573 1848 1668 1883 not.
1702 1841 1756 1883 ad
1791 1840 1953 1887 Germ.

104 1885 300 1930 Pnchena
343 1885 568 1950 maleban-
597 1891 780 1938 positus
825 1890 991 1923 contra
1061 1914 1101 1941 c·
1137 1898 1180 1939 6,
1211 1906 1254 1940 et
1287 1898 1374 1939 An·
1410 1898 1477 1949 11,
1507 1897 1550 1940 3·
1593 1925 1652 1933 —
1708 1897 1823 1943 Edd·
1848 1899 1953 1944 put·

100 1943 400 2011 Hispaniom.
461 1939 988 2010 OptimeMuretuszpo-
1093 1973 1131 1998 Ι..
1167 1953 1235 1997 Μ.
1276 1962 1319 1997 et
1348 1953 1454 2000 [ἣν.
1488 1955 1738 2007 exn-mati,
1786 1947 1951 2000 omissa

100 2003 196 2045 ⁸⁸2⁰
218 2009 382 2043 contra
406 1999 668 2052 H¹⁸Va¹²²⁰2
706 1995 830 2053 q⁰⁰d
853 2011 987 2040 rece*
1059 1972 1243 2056 lineola.
1306 2011 1418 2055 Edd.
1438 2011 1540 2055 Put.
1554 2011 1610 2055 V.
1625 2011 1834 2057 Beroald.
1847 2014 1950 2058 Alc.

100 2067 265 2118 perunt
286 2057 467 2100 Ernest.
497 2055 671 2098 Broter.
699 2069 799 2111 sqq.
1409 2069 1613 2112 Κὴρ-ΜΠ.
1655 2087 1706 2128 sq
1744 2103 1756 2114 .
1805 2067 1951 2114 aesti-

1062 1662 1126 1695 tes
1166 1657 1364 1695 eundem
1403 1653 1631 1697 excidisse.

1282 1727 1324 1754 e.
1373 1711 1465 1755 12...
1482 1718 1742 1762 naturam,

1061 2071 1326 2113 extimanti.

159 2141 336 2185 Iberos.
394 2139 495 2183 MS.
517 2137 662 2182 vatic.
685 2137 814 2180 3429.
840 2136 984 2178 Hibe-

99 2215 201 2251 ros,
254 2198 317 2242 uti
363 2197 538 2255 saepius
583 2195 774 2238 vidimus
817 2203 987 2240 veteres

101 2257 239 2302 libros
258 2255 446 2302 variare.

154 2353 416 2396 occupasse.
476 2338 580 2381 MS.
592 2336 738 2380 Vatic.
757 2334 885 2379 3429.
904 2337 985 2378 ha·

97 2400 296 2448 bitasse‚
325 2397 372 2439 in
398 2397 884 2453 marginevoccupasse.

148 2482 369 2536 proximi
387 2478 550 2521 Gallis.
609 2478 667 2521 cf.
691 2476 820 2520 Caes.
843 2477 894 2520 B.
925 2475 980 2520 G.

97 2541 138 2593 5,
165 2542 230 2582 14.
263 2553 327 2580 ex
355 2538 431 2579 his
464 2537 675 2578 omnibus
707 2537 845 2587 longe
873 2542 982 2576 sunt

94 2596 439 2645 humanissimi,
486 2595 567 2650 qui
598 2592 819 2635 Cantium
851 2594 980 2633 inco-

93 2658 220 2704 lunt,
282 2668 402 2709 quoe
452 2653 579 2705 regio
631 2657 698 2693 est
739 2649 981 2690 maritima

94 2712 273 2762 omnis,
310 2725 460 2766 neque
494 2710 695 2751 multum
730 2723 760 2748 a
794 2706 979 2748 Gallica

93 2771 310 2825 differunt
335 2768 674 2810 consuetudine.

152 2840 335 2894 originis»-
360 2838 417 2878 vi.
474 2835 551 2878 Sic
581 2834 684 2878 edd.
705 2833 834 2875 Rhen
872 2833 976 2876 Ald.

92 2913 193 2954 sqq.
236 2918 292 2930 -
360 2894 546 2947 originis
578 2906 662 2933 usu
694 2891 796 2933 MS.
834 2889 978 2933 Vatic.

91 2954 220 2998 3429.
241 2961 283 2996 et
305 2951 404 2995 edd.
431 2958 531 2992 ante
553 2948 838 2991 Rhenanum.
898 2947 977 2989 Er-

93 3028 172 3053 ror
219 3011 276 3053 ob
322 3006 493 3061 vicinas
541 3007 705 3048 litteras
756 3003 977 3062 perfacilis

92 3067 194 3111 fuit.
253 3067 321 3109 De
344 3066 488 3107 Vatic.
513 3064 638 3106 4498.
657 3063 894 3105 'Broterius
918 3070 975 3103 ta-

92 3134 182 3173 cet,
207 3132 249 3167 et
266 3122 396 3166 tacite
407 3121 648 3164 Rhenanus
671 3120 808 3163 edidit
828 3135 975 3162 emen-

92 3183 316 3225 dationem
340 3195 481 3223 suam.

143 3252 524 3308 procurrentibus
546 3251 595 3291 in
617 3251 802 3292 diversa
823 3249 972 3291 terris.

88 3310 319 3353 Britannia
338 3306 566 3366 procurrit
589 3314 746 3351 contra
767 3305 972 3356 Galliam,

92 3366 235 3410 Gallia
256 3376 412 3411 contra
429 3365 699 3407 Britanniam
714 3396 726 3412 ,
755 3372 804 3406 ut
825 3365 884 3406 ita
903 3365 968 3406 in-

92 3424 235 3468 vicem
269 3423 357 3467 sint
389 3422 617 3466 adversae.
686 3420 744 3465 cf.
777 3419 866 3465 An.
902 3421 968 3468 13,

95 3480 162 3523 57.
216 3481 282 3529 14,
322 3478 393 3523 30.
445 3481 630 3521 diuersa
678 3481 825 3531 ocies3
899 3479 965 3526 15,

93 3537 162 3580 15.
184 3550 311 3591 reges
327 3551 415 3591 per
437 3537 672 3579 diversum
695 3536 802 3580 iere.
850 3535 963 3579 nist.

91 3593 133 3642 8,
163 3593 227 3637 13.
251 3609 312 3636 ex
334 3598 514 3638 diverso
539 3594 751 3648 legiones.

1059 2129 1224 2170 manti.
1285 2126 1345 2171 ef.
1368 2135 1468 2171 not.
1495 2125 1555 2168 ad*
1571 2126 1661 2171 An.
1686 2133 1707 2172 1
1743 2161 1754 2178 ,
1778 2128 1843 2174 17.

1118 2199 1316 2240 vicinam
1337 2199 1560 2240 insulam.
1622 2198 1699 2243 Sic
1711 2198 1849 2242 MSS.
1866 2199 1950 2242 Va-

1058 2257 1160 2300 ticc.
1203 2257 1328 2310 (teste
1360 2255 1589 2313 Broterio)
1629 2256 1730 2298 edd.
1765 2255 1944 2301 Dronk.

1057 2311 1243 2356 Becker.
1265 2311 1431 2360 Hertel.
1459 2341 1516 2348 —
1575 2316 1773 2356 vicinam
1796 2316 1948 2357 solum

1058 2371 1159 2413 edd.
1187 2370 1287 2413 Put.
1311 2385 1379 2427 pr.
1404 2370 1472 2413 M.
1497 2380 1543 2426 et
1564 2370 1620 2413 V.
1647 2371 1747 2415 Riv.
1777 2395 1835 2403 —
1880 2374 1943 2414 υί-

1055 2431 1211 2471 cinum
1250 2431 1406 2470 salum
1448 2427 1548 2471 edd.
1588 2428 1797 2471 Beroald.
1840 2430 1940 2473 Alc.

1054 2484 1200 2528 Rhen.
1258 2500 1355 2541 sqq.
1428 2492 1470 2526 et
1543 2501 1689 2543 nuper
1737 2481 1939 2531 ‘Beklxen

1052 2540 1250 2586 Walch.
1275 2557 1377 2584 cum
1402 2541 1511 2584 aliis.

1109 2625 1273 2652 eorum
1292 2624 1430 2652 sacra
1453 2618 1538 2653 etc.
1596 2610 1774 2654 Eorum
1800 2611 1943 2656 intell.

1052 2665 1309 2710 Gallorum.
1378 2668 1738 2720 Deprehendere
1769 2677 1832 2712 est
1862 2669 1938 2713 in-

1051 2725 1234 2776 venire,
1283 2739 1575 2781 cognoscere.
1647 2725 1706 2769 cf.
1745 2726 1934 2772 sueton.

1051 2782 1144 2826 Cal.
1182 2797 1222 2825 c.
1254 2782 1324 2827 60.
1358 2788 1407 2823 ut
1443 2797 1496 2824 eo
1525 2790 1664 2836 pacto
1691 2785 1936 2827 hominum

1050 2854 1163 2892 erga
1186 2853 1237 2880 se
1263 2846 1441 2881 mentes
1463 2842 1844 2894 deprehenderet.
1876 2866 1934 2876 --

1047 2896 1426 2947 superstitionum
1452 2896 1762 2950 persuasione
1788 2898 1933 2943 intell.

1049 2953 1387 2996 Britannorum.
1455 2952 1752 2998 Germanice:
1800 2957 1931 2999 Der-

1046 3013 1201 3053 selben
1228 3011 1440 3062 Religion
1464 3012 1582 3066 lc'zjst
1613 3014 1712 3054 sich
1744 3014 1794 3055 in
1822 3018 1931 3056 dem

1047 3068 1333 3118 Brittischen
1381 3069 1703 3122 Aberglauben
1754 3072 1932 3114 wieder

1045 3126 1296 3167 erkennen.
1356 3123 1470 3169 Edd.
1507 3127 1612 3168 inde
1644 3142 1669 3169 a
1700 3127 1852 3185 Lipsio
1887 3138 1929 3172 et

1045 3196 1191 3239 nuper
1234 3179 1420 3224 Bekker.
1461 3183 1660 3226 Walch.
1706 3185 1764 3235 al.
1805 3201 1928 3227 corn-

1044 3247 1160 3280 mate
1185 3239 1506 3296 interpungunt
1528 3250 1629 3298 post
1659 3244 1926 3296 deprehen—

1043 3300 1144 3337 das.
1203 3293 1459 3349 Dronkius,
1486 3296 1712 3342 Beckerus
1743 3307 1786 3340 et
1816 3298 1926 3342 Her-

1044 3353 1172 3395 telius'
1195 3351 1405 3396 videntur
1427 3354 1470 3397 id
1496 3371 1672 3398 comma
1698 3365 1819 3398 recte
1845 3355 1926 3399 de-

1042 3408 1216 3509 llegvisse.
1272 3409 1345 3452 De
1385 3427 1433 3455 re
1470 3413 1530 3456 cf.
1562 3411 1688 3455 Caes.
1722 3413 1773 3456 B.
1803 3412 1862 3458 G.
1883 3414 1924 3467 6,

1096 3532 1146 3578 in
1169 3539 1471 3588 deposcendis
1489 3539 1702 3591 periculis
1722 3548 1808 3585 etc.
1862 3542 1920 3585 cf.

1038 3593 1164 3638 Caes.
1208 3594 1263 3642 B.
1307 3595 1368 3639 G.
1410 3595 1450 3645 3,
1487 3597 1555 3639 19.
1601 3604 1654 3638 ut
1695 3603 1761 3639 ad
1800 3602 1922 3643 bello
