2150 4022
217 210 344 282 252

715 205 1553 274 DE'ORATO-RI'B'US

217 363 315 401 eos
355 342 890 409 circumsteterunt3
924 359 1019 396 veo
1060 341 1305 398 clariora
1347 353 1404 411 et
1440 345 1517 400 ad
1544 345 2065 406 demonstrandam
2095 369 2099 376 ·

216 427 536 485 oratoriaev
574 424 945 500 eloquentiae
987 421 1335 484 ⁴utilitatem
1411 428 1736 486 illustriora
1801 433 2066 507 exempla

216 524 383 582 sunt3
451 513 612 586 quod
655 511 781 566 sine
821 512 1336 568 commendatione
1377 510 1699 584 natalium,
1753 515 1880 571 sine
1922 518 2066 574 sub-

215 597 427 654 stantia
462 595 835 665 facultatum,
890 598 1097 651 neuter
1129 597 1396 653 moribus
1430 599 1721 672 egregiUS‚
1781 601 1929 657 alter
1955 597 2065 658 ha-

214 683 344 739 bitu
369 702 601 757 quoque
631 681 889 756 corporis
916 692 1319 756 contemptus‚·
1356 702 1462 757 per
1490 685 1709 740 multos
1732 684 1849 741 iam
1875 705 2064 743 annos

214 765 607 842 potentissimi
645 777 782 830 sunt
824 764 1074 823 civitatis
1115 786 1214 837 ac,
1270 767 1458 824 donec
1498 767 1705 840 libuit,
1770 770 2064 847 principes

214 980 358 1028 nolim
384 980 473 1025 hoc
498 979 722 1031 firmatum
756 996 849 1025 esse
884 981 938 1026 ab
974 998 1098 1026 non-

214 1040 351 1085 nullis
385 1040 474 1082 An.
512 1038 554 1090 4,
582 1039 680 1090 72„
723 1040 796 1083 ubi
835 1040 1098 1084 insolentius

213 1099 387 1143 dictum
419 1103 510 1139 est:
562 1099 783 1139 tributum
818 1098 877 1140 iis
913 1098 1102 1141 Drusus

203 1158 416 1201 ,iusserat
435 1155 667 1197 modicum
681 1168 770 1208 pro
787 1157 1010 1209 angustia
1028 1171 1100 1198 re·

212 1226 338 1257 rum.
399 1211 519 1254 Bene
545 1211 737 1254 correxit
758 1211 932 1270 Lipsius
952 1227 1101 1267 angu-

209 1273 329 1315 stiae
371 1284 558 1322 rerum,
616 1284 808 1326 eumque
855 1279 1106 1328 sequuntur

210 1326 391 1372 schulz·
452 1325 642 1370 Seebod.·
699 1325 880 1370 Dronk'.
940 1326 1102 1381 [Bekk.

207 1383 469 1438 Boettich.],
481 1383 602 1442 quod
617 1383 779 1425 etmihi
796 1385 1103 1441 praestabilius

208 1442 418 1494 videtur,
454 1450 549 1484 tum
575 1440 679 1498 quia
700 1440 912 1484 codicum
939 1457 1102 1485 corru-

208 1510 414 1560 ptorum,
440 1506 489 1542 ut
509 1497 1012 1555 adparet‚'scripturam
1034 1515 1104 1542 ex·

207 1558 363 1618 primit
384 1558 650 1603 accuratius,
671 1565 770 1598 tum
790 1555 892 1614 quia
911 1558 1101 1601 verbum

207 1614 412 1674 nequitur
455 1612 620 1671 plurali
661 1629 852 1656 numero
902 1615 1102 1673 positum

207 1675 631 1719 circumsteterunt.
703 1671 823 1714 Alias
855 1673 976 1716 enim
1007 1672 1101 1716 Ta-

207 1732 322 1787 citus
340 1729 615 1787 singularem
638 1738 824 1788 usurpat
847 1745 1105 1782 numerum,

208 1790 286 1832 ubi
310 1787 470 1831 eodem
500 1796 693 1828 numero
724 1786 989 1830 exhibentur
1018 1793 1102 1831 no-

208 1846 334 1890 mina
365 1844 667 1893 substantiva,
709 1853 759 1887 ut
793 1860 891 1903 cap.
919 1848 987 1888 10.
1018 1860 1103 1889 nee
1133 1850 1135 1852 ’

210 1906 363 1959 οριήιό
389 1902 577 1959 quidem
609 1908 655 1943 et
673 1901 825 1957 fama
848 1933 859 1945 .
873 1934 884 1945 .
900 1934 936 1947 ..
957 1918 1103 1959 aeque

203 1969 371 2019 poetas
393 1974 535 2015 quam
555 1967 776 2001 oratores
805 1974 831 2001 s
844 1975 905 2015 eq
920 1961 1006 2003 uit
1018 1974 1101 2003 ur.

205 2021 264 2064 Et
287 2017 403 2061 solet
427 2016 591 2059 Noster
614 2020 858 2071 angustiae
881 2018 1100 2075 frequen-

207 2087 327 2124 tare,
359 2073 418 2118 cf.
435 2075 525 2118 An.
549 2073 589 2124 3,
610 2075 681 2116 22.
702 2082 933 2125 paternas
955 2077 1001 2117 ei
1019 2090 1100 2116 an-

205 2133 388 2192 gustias
416 2139 462 2174 et
493 2132 782 2174 nobilitatem
805 2133 905 2174 sine
926 2132 1101 2185 probro

209 2199 396 2241 actam3
438 2189 500 2232 ib.
522 2189 564 2240 2,
586 2188 658 2234 38.
690 2190 848 2232 avitae
879 2189 1101 2232 nobilita·

210 2251 273 2293 tis
296 2248 442 2290 etiam
466 2247 856 2302 inter'angustias
868 2247 1103 2303 fortunae

207 2309 424 2351 retinens.
493 2303 609 2346 Rud.
632 2302 848 2362 Agricola
880 2303 1102 2349 coniicie-

208 2366 287 2408 bat
306 2363 527 2417 angustia
545 2370 828 2416 parentum,
860 2362 983 2420 quod
1006 2376 1102 2405 non

207 2421 397 2466 latinum
428 2435 522 2461 esse
553 2419 706 2465 nescio
738 2435 828 2475 quo
862 2420 959 2464 iure
992 2435 1102 2463 con·

207 2480 363 2524 tendat
401 2475 630 2530 Orellius·,
676 2475 797 2520 idem
839 2475 1104 2535 excogitavit

208 2538 434 2591 angustia
485 2542 715 2588 penatum
737 2566 749 2583 ‚
834 2534 955 2593 quod
1006 2544 1103 2576 non

208 2596 360 2639 solum
405 2591 683 2638 reconditius
732 2601 828 2648 est,
892 2591 967 2636 sed
1013 2593 1096 2634 du·

210 2652 305 2695 rius
354 2653 516 2702 etiam,
587 2666 721 2707 quam
771 2650 894 2710 quod
942 2650 1103 2708 probe-
1148 2679 1155 2685 -

211 2719 302 2754 tur.
341 2733 401 2744 —-
456 2709 512 2752 ln
543 2723 667 2766 seqq.
704 2716 749 2751 et
784 2716 886 2752 ante
922 2710 986 2749 ad
1017 2710 1102 2748 de-

212 2777 410 2811 monstr.
434 2765 586 2810 omisit
612 2767 682 2810 ed.
710 2765 856 2818 lunt.‚·
897 2780 979 2823 pro
1009 2766 1104 2806 uti-

212 2827 397 2868 litatem
435 2823 641 2868 Acidalio
687 2825 888 2882 placebat
931 2837 1102 2875 ponere

212 2883 526 2933 nobilitatem,
575 2883 677 2939 quia
718 2880 944 2925 transierit
991 2879 1103 2922 scri-

212 2950 319 3000 ptor
364 2940 419 2983 ad
464 2939 771 2996 exponendam
822 2936 1103 2996 eloquentiae

212 2998 488 3057 dignitatem.
550 2995 638 3039 Sed
659 2998 833 3047 omnia,
863 3010 976 3053 quae
997 3009 1105 3052 per-

214 3057 417 3114 sequitur
440 3054 657 3110 scriptor,
690 3053 916 3112 pertinent
939 3051 994 3095 ad
1023 3050 1105 3094 uti-

212 3114 383 3157 litatem
400 3144 412 3160 ,
444 3119 487 3154 et
509 3111 599 3168 ipsa
625 3113 696 3156 illa
721 3111 909 3169 dignitas
933 3108 1105 3152 utilita-

212 3170 269 3214 tis
303 3186 404 3228 pars
440 3176 520 3212 est.
594 3169 829 3212 Praeterea
866 3183 949 3226 pro
982 3169 1105 3223 quod

212 3230 318 3272 Sine
354 3227 611 3269 Heumann.
650 3226 841 3269 malebat
885 3225 967 3282 qui
1002 3224 1106 3267 sine

215 3295 328 3338 etc„
357 3284 519 3327 idonea
542 3299 672 3328 causa
699 3284 835 3327 nulla.

273 3369 538 3414 substantia
566 3366 873 3423 facultatum.
944 3365 1103 3409 Minus

215 3428 407 3473 latinum
450 3425 538 3469 hoe
584 3441 675 3468 esse
721 3424 827 3467 dicit
861 3424 1104 3474 Ernestius,

216 3485 346 3531 cuius
393 3499 521 3526 aures
554 3480 878 3527 Ciceronianae
914 3481 1105 3524 dictioni

220 3544 358 3599 magis
394 3547 524 3585 eraut
553 3540 760 3586 adsuetae
800 3553 937 3597 quam
967 3538 1104 3585 Taci-

1169 981 1305 1027 tinae.
1353 980 1471 1025 Nam
1491 984 1772 1033 substantia,
1793 985 2064 1029 vocabulum

1171 1038 1434 1097 posterioris
1458 1039 1647 1084 demum'
1664 1041 1817 1084 aetatis
1841 1041 1920 1096 (cf.
1936 1043 2065 1100 Spal-

1174 1095 1298 1156 ding.
1345 1096 1401 1140 ad
1442 1096 1603 1154 Quint.
1642 1097 1750 1141 Inst.
1798 1113 1867 1143 or.
1907 1099 1950 1144 6.
1992 1115 2062 1158 pr.

1171 1156 1200 1207 §
1231 1155 1320 1210 7.)‚
1376 1154 1497 1197 idem
1535 1155 1629 1197 sere
1672 1155 1893 1211 significat
1939 1158 2064 1214 quod

1173 1211 1458 1254 Graecorum
1499 1210 1650 1255 οὐσία.
1719 1211 1889 1256 Eadem
1931 1214 2066 1272 igitur

1174 1268 1409 1326 utriusque
1446 1268 1658 1314 vocabuli
1690 1268 1733 1314 h.
1764 1269 1797 1314 l.
1829 1271 2065 1316 coniuncti

1173 1335 1240 1370 est
1263 1326 1552 1382 significatio,
1589 1327 1712 1385 quod
1734 1329 1961 1372 neminem
1989 1329 2063 1372 of·-

1173 1383 1355 1427 fendere
1375 1393 1548 1442 potest,
1578 1384 1705 1443 quia,
1735 1384 2066 1444 utWopkens.

1172 1440 1344 1499 inquit,
1384 1457 1437 1485 eo
1465 1441 1655 1484 maxime
1687 1449 1894 1500 tempore
1923 1443 2066 1487 usita-
2120 1449 2126 1456 '

1174 1507 1271 1541 tum
1297 1498 1404 1550 fuit,
1436 1507 1485 1542 ut
1509 1499 1600 1542 duo
1625 1499 1812 1542 nomina
1836 1501 2065 1569 aequipol-

1173 1554 1310 1599 lentia
1339 1555 1518 1600 coniun
1552 1564 1749 1600 erentur.
1819 1556 1925 1601 Noh
1958 1574 2066 1615 mu·
2099 1609 2103 1611 ,

1172 1620 1268 1657 tare
1307 1629 1411 1657 cum
1452 1572 1704 1656 Hoffmann.
1747 1612 1924 1658 Peerlk.
1965 1618 2068 1662 sine

1173 1673 1465 1714 abundantia
1473 1673 1790 1728 facultatum,
1826 1687 1939 1730 quae
1958 1689 2067 1718 cou-

1174 1728 1346 1773 iectura
1383 1728 1495 1772 locis
1526 1728 1579 1771 ab
1611 1744 1664 1771 eo
1697 1727 1868 1774 collatis
1911 1731 2067 1793 (supra

1176 1803 1217 1832 c.
1246 1786 1290 1829 6.
1330 1787 1382 1828 in
1423 1801 1612 1829 summa
1652 1800 1814 1829 rerum
1853 1789 2069 1834 omnium

1174 1845 1491 1899 abundantia,
1536 1852 1580 1887 et
1601 1842 1758 1900 Agrie.
1787 1861 1828 1888 c.
1850 1845 1894 1889 6.
1928 1850 2066 1889 modo

1174 1904 1377 1945 rationis
1416 1908 1556 1957 atque
1597 1903 1933 1959 abundantiae)
1982 1902 2060 1946 fir-

1173 1959 1287 2002 mari
1331 1958 1503 2016 nequit.
1575 1958 1933 2002 Abundantium
1967 1959 2060 2016 ‘dici

1172 2031 1304 2074 posse
1328 2017 1427 2073 quis
1449 2012 1638 2058 dubitat.
1667 2041 1727 2051 -—
1783 2018 1947 2060 habitu
1969 2032 2058 2060 eor·

1164 2075 1297 2174 porzll‘t
1349 2073 1409 2119 cf.
1458 2071 1616 2116 Germ.
1671 2087 1712 2118 c.
1751 2073 1825 2119 81.
1909 2074 2056 2134 Agri(-

1169 2147 1215 2177 ο.
1243 2135 1262 2176 1
1299 2161 1312 2174 .

1225 2214 1542 2270 potentissimi
1589 2221 1702 2257 sunt
1745 2214 1951 2259 ciuitatis
1989 2229 2050 2271 ω,

1171 2275 1317 2315 donec
1353 2280 1440 2316 etc.
1509 2272 1793 2329 Depravatae
1825 2272 1931 2317 sunt
1961 2272 2056 2317 edd.

1174 2330 1408 2387 antiquae,
1440 2329 1489 2372 in
1512 2330 1674 2396 quibus
1693 2331 2053 2384 potentissimi..

1171 2403 1229 2431 ao
1250 2391 1396 2430 donec
1417 2395 1502 2431 etc.
1518 2402 1786 2445 impressum
1811 2396 1898 2440 est,
1921 2387 2054 2446 spatio

1174 2444 1230 2488 ad
1282 2443 1492 2488 lacunam
1546 2444 1834 2488 indicandam
1885 2445 2050 2489 relicto.

1122 2540 1123 2543 ,
1177 2502 1330 2558 Quam
1365 2501 1452 2544 fide
1482 2501 1743 2545 Farnesiani
1779 2501 1949 2547 codicis
1972 2518 2052 2544 ex·
2121 2544 2129 2551 ,

1174 2560 1310 2618 plevit
1332 2558 1506 2618 Lipsius
1528 2560 1573 2602 in
1595 2558 1784 2601 modum
1807 2558 2050 2603 hodiemt-
2070 2584 2088 2598 κ

1175 2625 1344 2676 gatum.
1403 2617 1675 2660 Distinctam
1706 2615 1832 2659 illam
1859 2617 1947 2660 liba
1965 2632 2051 2663 ve-

1173 2675 1279 2718 tusti
1305 2671 1812 2725 commemorationem,
1842 2681 1982 2733 utpote
2002 2675 2051 2719 in

1173 2741 1367 2790 posterr.
1399 2731 1500 2774 edd.
1534 2746 1558 2773 a
1582 2729 1735 2786 Lipsio
1766 2746 2049 2789 suppressam,

1173 2792 1427 2848 ignorantes
1448 2787 1656 2830 nonnulli
1681 2787 1949 2833 coniectune
1969 2789 2048 2831 tri·
2088 2819 2094 2821 >

1174 2848 1314 2889 buere
1345 2845 1592 2895 malebant,
1641 2846 1764 2901 quod
1799 2845 2049 2891 auem-itate

1175 2902 1420 2947 stabilitum
1459 2911 1553 2946 erat
1584 2900 1874 2959 amplissima.
1914 2902 2043 2958 Qua-

1175 2969 1359 3019 propter
1379 2958 1590 3018 Agricola
1613 2960 1841 3004 substituit
1867 2965 1895 3004 1‘1
1919 2961 2045 3003 iudi-

1174 3020 1279 3073 ciis,
1335 3017 1436 3062 Nic.
1478 3016 1685 3059 Heinsius
1732 3033 1816 3076 pro
1863 3018 2046 3063 initam

1175 3074 1497 3131 corrigendum
1524 3077 1698 3118 censuit
1721 3077 2044 3120 centunuiratu

1175 3131 1250 3179 vel
1281 3131 1630 3182 centumuirali;
1683 3131 1875 3176 Osanms
1909 3132 2042 3175 deni-

1176 3205 1263 3248 que
1295 3190 1434 3235 verba
1469 3188 1621 3237 omisit
1654 3190 1898 3239 denum-et
1935 3193 2041 3246 quia

1175 3254 1333 3292 contra
1401 3247 1504 3290 edd.
1577 3246 1751 3306 antiqu.
1811 3245 2040 3303 fipsianam

1174 3303 1537 3349 emendationem
1572 3303 1619 3346 in
1641 3313 1761 3348 textu
1784 3318 1928 3363 pnere
1956 3320 2038 3348 ne-

1173 3363 1240 3406 fas
1285 3361 1497 3413 ducebat,
1547 3368 1591 3404 et
1633 3362 1736 3418 quia
1778 3377 1809 3406 a«
1853 3370 2041 3404 senten-

1175 3421 1282 3463 tiam
1329 3419 1478 3478 inepta
1530 3434 1581 3462 ea
1634 3434 1727 3463 esse
1781 3415 2040 3471 ‹pluebatur-

1174 3477 1415 3521 Neminem
1441 3475 1589 3529 enim,
1619 3474 1854 3528 contentit,
1883 3485 2039 3532 poten·

1175 3534 1402 3583 tissimum
1471 3550 1565 3580 esse
1634 3533 1801 3582 civitate
1863 3543 2040 3591 praeter
