2150 4022
246 241 370 302 274

744 240 866 300 DE
923 239 1594 305 *ORATOROEUS
1675 273 1678 277 ·

249 377 352 432 ber
391 385 520 451 *tam
572 370 839 456 inlustris
892 381 976 429 est
1029 393 1205 449 quam
1249 370 1462 432 Medea
1512 373 1727 436 Ovidii
1774 387 1877 434 aut
1906 374 2091 435 'Varii

249 456 552 537 Thyestes·

415 564 585 626 XIII.
631 562 718 623 Ac
745 586 818 622 ne
844 567 1143 626 fortunam
1179 568 1413 644 quidem
1442 580 1643 629 vatum
1673 583 1731 630 et
1767 571 1919 630 illud
1951 572 2091 652 felix

245 648 701 715 contubernium
732 652 1069 728 comparare
1096 652 1393 710 timuerim
1425 674 1559 712 cum
1589 656 1855 734 inquieta
1892 669 1950 716 et
1982 678 2091 716 an-

240 875 461 930 [Eaudem
491 871 717 916 scribendi
745 872 964 916 rationem
990 873 1131 916 Boet-

243 934 402 978 ticher.
422 929 629 980 adscivit,
660 927 844 973 laudans
864 929 940 973 ille
952 928 1131 974 Wiesii

244 992 348 1036 diss.
385 989 535 1047 inaug.
570 987 624 1030 de
657 986 725 1029 M.
749 985 865 1031 Valt.
896 987 1131 1030 Messallae

245 1047 426 1096 Corvini
475 1050 564 1091 vita
611 1052 653 1088 et
698 1044 854 1087 studiis
899 1045 1129 1088 doctrinae

243 1106 452 1167 p..5.sq.].
512 1099 786 1148 Duumviros
808 1101 886 1143 hos
905 1102 1000 1144 aliis
1023 1119 1132 1159 quo·

242 1179 330 1224 que
350 1162 460 1206 locis
482 1159 625 1203 iunxit
637 1157 812 1209 Noster,
844 1168 890 1202 ut
909 1160 993 1201 An.
1010 1161 1130 1207 11‚6.

242 1233 287 1267 et
305 1221 347 1264 7.
409 1215 730 1275 intelligendus
753 1214 803 1259 C.
822 1216 1002 1260 Asinius
1025 1216 1133 1259 Pol-

240 1281 329 1330 lio,
370 1276 677 1320 ferocissimus
704 1271 773 1317 vir
803 1289 855 1315 ae
886 1274 1129 1318 vehemen-

240 1338 435 1382 tissimus
471 1332 550 1386 (ef.
587 1333 671 1373 An.
704 1332 743 1378 1,
779 1331 831 1374 12
854 1332 894 1385 ),
950 1331 1004 1374 de
1039 1347 1130 1398 quo

239 1403 342 1456 post
361 1390 621 1448 diligentem
646 1386 837 1431 Manutii
864 1388 1103 1444 disputatio
1120 1411 1130 1419 ·

241 1468 347 1496 nem
377 1449 432 1500 ad
457 1447 551 1491 Cic.
581 1461 650 1502 ep.
687 1444 741 1487 ad
773 1446 865 1489 div.
895 1447 958 1497 10,
985 1446 1053 1488 31.
1088 1454 1131 1512 et

245 1515 347 1569 post
399 1503 629 1562 copiosam
685 1501 719 1545 Ι.
760 1501 816 1545 R.
858 1502 1131 1569 Thorbeclgn

242 1570 492 1611 comment.
541 1562 595 1604 de
631 1558 683 1603 C.
724 1559 870 1603 Asinii
913 1559 1131 1603 Pollionis

240 1625 331 1669 vita
373 1629 415 1665 et
463 1617 621 1661 studiis
666 1617 913 1660 doctrinae.
984 1617 1031 1660 L.
1079 1618 1130 1660 Β.

230 1667 370 1727 '1820.
427 1675 631 1735 pluribus
688 1674 835 1718 dicere
896 1674 963 1717 vix
1019 1691 1132 1733 opus

242 1749 323 1789 est,
383 1736 453 1779 De
481 1734 549 1779 M.
574 1731 755 1775 Valerio
779 1731 989 1775 Messalla
1012 1733 1132 1777 Cor-

244 1800 347 1840 vino
372 1794 429 1839 cf.
450 1790 645 1834 Ellendt.
668 1788 766 1831 hist.
793 1789 1019 1846 eloquent.
1043 1789 1132 1833 Ro-

240 1869 361 1899 man.
384 1868 427 1910 p.
443 1847 642 1894 CXXXI.
658 1878 670 1895 ,
705 1849 735 1890 1.
759 1848 811 1890 H.
842 1846 1053 1890 Vossium
1075 1847 1131 1891 ad

243 1912 372 1968 virg.
415 1908 573 1968 Eelog.
607 1906 648 1948 6.
699 1906 761 1959 [et
796 1903 968 1947 Wiesii
1015 1904 1130 1949 scri-

242 1959 445 2029 ptionem
468 1961 743 2022 peculiarem
768 1978 900 2019 supra
933 1978 1132 2007 comme·

243 2027 502 2074 moratam}

239 2162 243 2173 ‹
299 2138 466 2183 Medea
481 2134 637 2178 Ovidii
652 2141 733 2175 aut
749 2134 931 2176 Varii]
935 2134 1133 2190 'hyestesz

246 2197 395 2242 Verba
435 2201 519 2236 aut
555 2191 698 2233 Varii
740 2193 899 2234 omissa
943 2199 1046 2234 sunt
1087 2193 1133 2234 in

242 2254 383 2300 MSS.
408 2252 540 2295 Farn.
566 2256 609 2291 et
632 2247 795 2304 Neap.;
837 2248 998 2306 reliqui
1031 2247 1133 2291 libri

244 2311 450 2357 exhibent
475 2321 650 2350 omnes.
683 2305 751 2348 Cf.
767 2305 926 2360 Quint.
941 2306 1049 2349 Inst.
1068 2322 1133 2349 or.

249 2375 316 2420 10,
334 2368 478 2421 1‚98.:
503 2365 608 2406 Iam
633 2362 683 2404 V
679 2364 773 2405 aria·
789 2363 1012 2418 Z'lyestes
1032 2363 1134 2406 cui-

242 2425 662 2473 libet'Graecat-um
679 2422 951 2475 comparari
965 2427 1139 2473 potest.

249 2486 402 2530 Ovidii
424 2480 589 2524 Medea
613 2479 793 2519 videtur
828 2480 943 2520 mt'lzi
971 2480 1131 2519 Osten-

245 2549 381 2592 dere,
422 2544 653 2595 quantum
683 2536 761 2576 ille
786 2536 858 2576 vir
882 2542 1151 2588 praestare.

240 2598 476 2658 poluerit,
525 2594 571 2636 si
604 2593 795 2645 ingenio
825 2606 910 2634 suo
952 2599 1132 2646 tempe-

242 2672 373 2760 20'5,
405 2651 1130 2763 ψη..,ίῖῖἕὲεῑῑψετΓὛξῇὲ

294 2747 305 2759 0
376 2728 432 2757 an.
464 2727 492 2752 ΙΙ
692 2736 705 2749 ο
793 2735 804 2750 κ
939 2737 950 2750 ι
1118 2739 1130 2750 .

244 2758 287 2833 p.
317 2771 359 2815 5.
468 2784 490 2810 e
525 2765 685 2809 Medea
715 2762 934 2807 ovidiana
973 2763 1131 2822 copio-

247 2833 337 2876 sius
381 2821 623 2882 disputavit
658 2821 710 2863 P.
749 2821 993 2866 Burmann.
1032 2823 1136 2864 An·v

245 2887 414 2942 tholog.
442 2883 516 2925 lat.
537 2879 574 2924 l.
605 2894 649 2937 p-
677 2878 774 2921 128.
800 2900 855 2910 —
899 2879 953 2922 L.
976 2879 1136 2945 Varius

270 2945 327 2988 de
356 2939 542 2984 nomine
568 2954 611 2982 v.
636 2934 866 2994 Spalding.
891 2935 946 2978 ad
970 2935 1136 2992 Quint.

245 2950 356 3047 inst.
380 3014 449 3041 or.
478 2998 544 3048 10,
567 2994 609 3044 3,
631 2994 674 3041 8.
708 2991 971 3039 Weichert.
987 2992 1136 3038 Poett.

245 3063 343 3105 latt.
387 3053 515 3111 reliq.
557 3067 600 3109 p.
642 3051 737 3094 156.
777 3049 924 3105 2590,
974 3066 1135 3108 magna

245 3136 271 3163 a
304 3114 364 3159 ud
379 3113 632 3167 Augustum
655 3117 695 3150 et
709 3108 1014 3151 Maecenatem
1038 3123 1134 3165 gra-

244 3134 306 3221 ιίἓ
327 3170 526 3231 pollens,
555 3177 597 3209 et
626 3165 762 3222 epicis
782 3163 955 3218 (Horat.
980 3164 1133 3229 Carm-

249 3236 268 3277 1
316 3231 344 3273 6
391 3229 431 3272 1.
473 3225 564 3270 Sat.
595 3224 633 3278 1,
663 3225 728 3272 10,
747 3221 838 3270 44.)
878 3228 921 3263 et
955 3223 1132 3279 tragicis

246 3262 518 3335 carminibus
540 3278 712 3329 clarus,
742 3281 799 3326 ab¹
820 3278 1001 3344 Horatio
1027 3278 1129 3345 <EP-

245 3349 288 3396 2,
327 3348 365 3396 1,
395 3339 494 3387 245.
540 3338 597 3380 Α.
632 3337 683 3379 Ρ.
719 3335 812 3387 55.)
847 3345 888 3378 et
929 3335 1134 3394 Virgilio,

248 3404 515 3463 quibuscum
540 3431 549 3442 .
586 3392 880 3437 familiaritate
951 3392 1131 3436 iunctus

248 3469 368 3509 erat,
398 3453 569 3500 eximiis
590 3450 792 3495 laudibus
816 3457 1017 3493 ornatur.
1060 3449 1131 3493 In-

249 3530 315 3563 ter
363 3510 615 3570 tragoedias
658 3506 915 3551 celebratur
968 3507 1127 3564 impri-

246 3575 330 3620 mis
364 3571 603 3629 Thyestes,
652 3577 784 3622 quam
825 3563 1010 3620 Virgilio
1053 3564 1127 3607 ad.

1202 872 1455 916 scribebant
1488 873 1655 920 Donat.
1688 876 1780 922 vita
1805 877 1933 938 Virg.
1971 878 2091 936 §81-

1204 938 1247 973 et
1305 930 1487 974 Servius
1539 934 1594 975 ad
1654 932 1778 992 Virg.
1834 933 1994 1037 Eclof.
2047 937 2091 986 3,

1200 989 1271 1031 20.
1382 986 1487 1031 Eius
1560 988 1814 1048 fragmenta
1891 1010 1947 1038 co
1968 993 2093 1052 lege-

1204 1052 1311 1089 runt
1339 1043 1548 1103 Rutgers.
1572 1045 1777 1093 Lection.
1801 1049 1970 1109 Venus.
1993 1051 2094 1097 c.3.

1204 1112 1248 1146 et
1279 1102 1465 1145 Bothius
1502 1105 1627 1146 Poet.
1664 1121 1787 1157 scen.
1819 1107 1895 1153 lat.
1923 1107 2093 1167 fragm.

1202 1176 1249 1218 p.
1279 1157 1381 1203 272.
1453 1159 1694 1218 Thyestem
1728 1163 1774 1206 in
1803 1165 1984 1209 Batavia
2015 1182 2091 1209 re-

1203 1225 1372 1274 pertam
1404 1217 1585 1270 iactari,
1621 1218 1731 1263 salso
1755 1221 1941 1266 tradidit
1963 1222 2095 1281 Spal-

1204 1275 1326 1333 ding.
1354 1275 1406 1317 ad
1425 1275 1583 1330 Quint.
1601 1275 1654 1319 T.
1669 1276 1704 1320 Ι.
1737 1280 1919 1336 p.585.,
1948 1280 2092 1325 immo

1203 1330 1334 1374 Terei
1360 1333 1604 1387 particulae
1661 1336 1844 1379 uaedam
1869 1337 1924 1380 ab
1948 1337 2092 1383 fleer-

1202 1387 1358 1431 kensio
1393 1389 1606 1433 iconibus
1627 1350 1779 1437 ‘i'arim
1817 1394 1941 1438 1788.
1983 1403 2028 1438 et
2066 1413 2092 1441 a

1201 1445 1263 1489 D.
1291 1445 1400 1490 Chr.
1427 1445 1653 1490 Grimmio
1677 1449 1936 1510 Annaberg.
1963 1452 2091 1501 1790.

1204 1503 1403 1561 vulgatae
1426 1504 1736 1562 intelligendae
1754 1517 1873 1558 sunt,
1929 1525 2092 1559 uarum

1203 1576 1313 1618 quae
1325 1561 1381 1603 sit
1394 1563 1634 1605 auctoritas
1648 1565 1700 1606 A.
1714 1564 1803 1608 Lan
1835 1565 1903 1610 ius
1957 1568 2093 1616 indie.

1203 1634 1248 1676 p.
1287 1618 1328 1660 8.
1369 1618 1580 1663 ostendit.
1650 1581 1902 1680 [singuiiari
1938 1625 2094 1675 libello

1204 1675 1258 1717 de
1277 1690 1328 1717 eo
1348 1684 1478 1732 poeta
1499 1692 1545 1718 se
1566 1689 1979 1727 conimentaturum
1997 1698 2093 1728 esse

1204 1733 1410 1790 promisit
1437 1733 1493 1776 A.
1517 1732 1853 1794 Weiche1·tus.]

1261 1847 1374 1892 cip,
1405 1847 1470 1892 13.
1533 1857 1580 1892 et
1613 1851 1735 1894 illud
1755 1851 1888 1906 felix
1911 1862 2092 1901 ‚coneu-

1203 1906 1435 1950 bernium.
1499 1906 1679 1952 Dronk.
1703 1907 1794 1954 hoc
1851 1926 2001 1970 uoque
2023 1928 2095 1964 ea·

1204 1963 1294 2020 pite
1333 1964 1534 2021 pluribus
1581 1963 1693 2008 locis
1733 1982 1757 2010 e
1800 1925 1903 2013 138.
1945 1968 2091 2018 vatic.

1206 2021 1333 2063 1862.
1360 2021 1649 2064 scribendum
1681 2024 1856 2068 censuit.
1887 2028 1975 2070 Iste
2007 2043 2093 2086 pro

1203 2079 1308 2131 ille,
1341 2078 1407 2119 sic
1432 2079 1476 2120 h.
1500 2079 1528 2121 l.
1554 2081 1682 2121 istud
1692 2079 1739 2135 f
1766 2090 1918 2139 cont„
1954 2084 2091 2144 paulo

1204 2142 1307 2190 post
1331 2137 1432 2177 licet
1454 2137 1567 2177 istos
1591 2143 1634 2178 et
1658 2137 1772 2181 infra
1803 2140 1853 2182 in
1884 2139 1979 2184 ista
2008 2157 2091 2186 sa·

1204 2205 1288 2235 cra
1323 2194 1522 2248 istosque
1545 2193 1734 2249 sontes,
1781 2195 1859 2240 sed
1895 2198 2092 2250 nemine,

1205 2257 1254 2291 ut
1279 2264 1359 2307 par
1394 2258 1511 2305 erat,
1556 2251 1704 2294 obtem
1740 2261 1909 2300 erante.
1967 2255 2094 2303 Hae.-

1204 2313 1359 2349 serunt
1395 2322 1496 2349 vero
1518 2310 1742 2353 >nonnuli
1775 2311 1982 2369 priorum
2013 2314 2093 2366 in.-

1203 2370 1339 2421 terpr.
1374 2362 1421 2405 in
1464 2362 1532 2407 his
1570 2365 1746 2418 verbis;
1792 2368 1824 2412 l.
1854 2370 1932 2417 Fr.
1966 2368 2092 2418 Gro-

1204 2436 1308 2463 noxr.
1334 2420 1580 2478 cogitabat:
1612 2430 1657 2465 et
1678 2426 1795 2468 illud
1813 2441 1970 2477 secum
1988 2446 2093 2476 oon·

1203 2479 1473 2519 tubernium
1486 2509 1499 2527 ,
1530 2479 1775 2539 eademque
1795 2483 1892 2530 fere
1911 2497 2091 2534 senten·

1203 2532 1263 2576 tia
1289 2534 1541 2594 Schulting.
1565 2537 1753 2583 malebat
1777 2547 1946 2591 sedens
1977 2561 2092 2590 con-

1203 2595 1296 2635 tub.
1318 2592 1400 2635 i.e.
1423 2593 1632 2642 otiosum,
1656 2604 1704 2639 ut
1726 2597 1866 2644 otiosa
1887 2600 1963 2646 illa
1985 2607 2093 2663 poe&

1202 2656 1350 2691 tarum
1367 2648 1456 2694 vita
1479 2661 1785 2708 opponeretur
1804 2656 2025 2726 inquietae
2038 2660 2092 2707 ‘et

1204 2706 1355 2748 anxiae
1369 2714 1599 2750 oratorum
1614 2723 1626 2760 ;
1641 2707 1767 2770 Casp.
1779 2711 1975 2775 denique
1985 2717 2091 2762 Bar-

1205 2763 1320 2806 thius
1356 2763 1584 2820 aliquanto
1619 2767 1830 2814 audacius
1869 2773 2088 2820 coniicie-

1207 2821 1302 2863 bat:
1335 2829 1381 2862 et
1408 2823 1524 2862 illud
1544 2822 1690 2877 Εζγείί
1713 2831 2089 2879 contubernium.

1207 2876 1332 2933 Quid
1365 2876 1605 2921 moliamur
1631 2881 1765 2926 talia?
1809 2884 2007 2946 intellige
2039 2899 2090 2936 tu

1204 2933 1332 2978 lucos
1356 2933 1456 2976 illos
1477 2944 1520 2979 et
1540 2945 1784 2991 secretum,
1805 2941 1851 2986 in
1871 2959 1964 3004 quo
1984 2962 2088 3006 poe·

1202 2998 1269 3034 tas
1293 3007 1443 3034 secum
1470 2999 1511 3035 et
1529 3009 1631 3036 cum
1647 2994 1741 3040 deis
1753 2999 1987 3061 Musisque
2005 3004 2087 3049 im·

1203 3047 1360 3106 primis
1406 3049 1570 3092 versari
1621 3053 1918 3111 opinabantur
1962 3071 2085 3107 vete-

1202 3122 1285 3148 res.
1304 3129 1355 3137 —
1378 3105 1539 3151 Utihic
1551 3108 1720 3154 dictum
1735 3120 2090 3170 estoompurare

1204 3163 1459 3214 timuerim,
1481 3165 1553 3216 sic,
1566 3165 1683 3210 infra
1704 3184 1745 3212 c.
1758 3171 1831 3217 27.
1850 3189 1944 3218 non
1964 3191 2085 3220 vere·

1203 3221 1284 3262 bor
1301 3223 1575 3272 ηοηιίηανες
1601 3224 1716 3268 Plin.
1729 3226 1946 3289 Panegyr.
1965 3248 2003 3276 c.
2022 3236 2085 3284 18,

1201 3277 1245 3319 2.
1276 3291 1360 3319 nec
1388 3281 1555 3323 ducum
1586 3283 1828 3337 quisquam
1863 3295 1952 3330 aut
1992 3306 2087 3335 mm

1200 3336 1368 3376 amari
1397 3350 1430 3375 a
1465 3339 1688 3382 militibus
1719 3348 1812 3384 aut'
1836 3347 1997 3389 amari
2025 3351 2082 3391 ti-

1203 3399 1324 3446 met,
1366 3391 1473 3436 ibid.
1512 3410 1550 3438 c.
1583 3397 1652 3444 89,
1686 3397 1721 3442 1.
1756 3413 1850 3444 non
1884 3403 2089 3450 tumuisti

1204 3450 1369 3501 eligere
1398 3453 1667 3504 meliorem,
1719 3462 1764 3498 et
1791 3459 1982 3516 saepius.
2025 3486 2080 3498 —

1199 3506 1404 3561 inquieta
1459 3517 1503 3550 et
1550 3511 1702 3554 anxia
1753 3518 1966 3562 vocabula
2019 3519 2080 3564 si-

1200 3563 1365 3607 militer
1418 3565 1557 3610 iunxit
1609 3567 1728 3613 Ptin.
1771 3571 1911 3631 Epist.
1953 3575 1997 3627 2.
2035 3578 2079 3622 9.
