2150 4022
1935 217 1950 242 Q

234 273 354 333 108
564 267 814 341 IULII
859 265 1183 328 AGRIC.
1228 216 1473 342 vlf-rA
1503 247 1710 339 wCAR
1743 273 1796 328 1.

224 397 325 447 ‚lum
360 395 415 440 ab
443 391 780 453 accusatoribus
815 400 858 436 et
887 390 1206 437 laudatoribus.
1278 390 1350 434 42.
1384 385 1575 436 Exc‘usat
1606 410 1681 447 se,
1715 409 1770 438 ne
1804 394 2087 453 provinciam

229 453 442 499 sortiatur
475 449 738 509 proconsul.
805 449 878 493 43.
904 448 1017 493 obit
1047 464 1142 492 non
1170 448 1267 492 sine
1301 450 1460 492 veneni
1486 449 1744 508 suspicione
1773 469 1798 496 a
1821 450 2087 495 Domitiano

211 511 336 556 dati.
403 509 476 553 44.
507 507 614 551 Eius
638 515 778 560 aetas,
805 506 1005 559 habitus,
1037 505 1260 556 honores,
1289 521 1413 564 opes.
1481 508 1552 551 45.
1582 508 1749 553 Mortis
1776 507 2088 568 opportunitas

228 577 334 612 ante
361 564 615 611 Domitiani
648 565 919 609 atrocitates.
999 561 1070 607 46.
1110 561 1308 618 Questus
1338 563 1537 607 auctoris
1571 572 1614 608 et
1643 582 1693 610 ex
1718 567 1882 611 virtute
1914 564 2086 610 solatia.

228 625 368 671 Fama
386 621 630 682 Agricolae
650 622 707 667 ad
729 631 934 680 posteros
953 621 1229 666 transmissa.

403 860 452 923 I.
542 827 876 918 Clarorum
935 861 1204 918 virorum
1263 859 1414 916 facta
1475 859 1784 938 moresque
1843 862 2090 936 posteris

190 990 194 994 -
233 950 466 1007 tradere
496 946 822 1024 antiquitus
850 947 1133 1003 usitatum
1165 964 1241 999 ne
1276 945 1492 1001 nostris
1531 947 1770 1024 quidem
1808 947 2089 1021 tempori-

231 1035 345 1092 bus
374 1052 714 1111 quanquam
741 1032 1040 1088 incuriosa
1074 1049 1317 1101 suorum
1349 1043 1503 1087 aetas
1544 1033 1771 1102 omisit,
1818 1032 2090 1109 quotiens

231 1139 442 1194 magna
483 1118 679 1194 aliqua
720 1137 785 1172 ac
824 1117 1046 1173 nobilis
1081 1116 1272 1172 virtus
1313 1116 1456 1172 vicit
1491 1137 1556 1174 ac
1600 1137 1966 1192 supergressa
2008 1129 2090 1173 est

221 1206 444 1282 *vitium
485 1203 685 1279 parvis
739 1202 1084 1278 magnisque
1135 1201 1470 1257 civitatibus
1521 1223 1887 1273 communes
1921 1204 2090 1276 igno-

232 1291 488 1349 rantiam
528 1287 672 1345 recti
707 1298 760 1343 et
797 1287 1103 1344 invidiam.
1191 1285 1308 1343 Sed
1345 1287 1497 1361 apud
1549 1289 1777 1364 priores
1820 1300 1886 1345 ut
1923 1308 2090 1362 agere

748 1534 1593 1582 COMMENTARIUS.

294 1649 409 1696 CAP.
460 1649 504 1691 1.
596 1645 848 1689 Clarorum
899 1648 1128 1690 virorum.
1259 1658 1429 1693 aetas*
1498 1648 1565 1690 Ita
1629 1646 1853 1693 dicuntur}
1886 1647 2092 1692 homines

233 1707 404 1752 Eadem
443 1703 591 1749 dictio
613 1703 728 1747 Hist.
759 1706 796 1756 1,
819 1703 861 1747 3.
887 1706 1130 1750 clarorum

234 1766 449 1810 virorum
475 1763 797 1807 necessitates.

281 1823 423 1884 faeta
465 1835 723 1876 moresque.
811 1819 1035 1863 Hertelius
1074 1820 1130 1863 ad

232 1881 372 1929 vitam
399 1877 791 1937 publicamfacta,
824 1886 868 1920 et
895 1892 1051 1920 mores
1076 1877 1131 1920 ad

233 1939 369 1982 vitam
403 1935 626 1994 privatam
650 1934 810 1977 referri
839 1935 980 1993 iubet.
1040 1934 1130 1978 Sed

221 1996 365 2054 sacta
395 2002 501 2038 sunt
533 2009 646 2051 quae
678 1992 778 2051 quis
808 1992 941 2035 fecit=
972 2007 1132 2037 mores

233 2053 291 2098 ad
317 2051 456 2096 animi
478 2050 680 2094 habitum
716 2058 933 2108 spectant.

291 2113 487 2155 tradere
519 2108 778 2164 antiquitus
809 2108 1040 2150 usitatum
1072 2123 1131 2151 ne

235 2176 321 2212 etc.
381 2165 652 2210 Ramshorn.
666 2163 747 2208 Gr.
777 2181 820 2223 p.
840 2164 937 2210 683.
962 2173 1005 2209 et
1019 2166 1131 2208 Her-

233 2225 366 2270 telius
398 2224 453 2267 ad
480 2224 522 2266 h.
552 2222 586 2266 l.
616 2222 892 2281 intelligunt:
933 2255 945 2267 .
963 2255 1001 2267 ..
1025 2231 1128 2267 tra-

233 2287 379 2339 dere,
446 2281 707 2337 antiquitus
751 2281 977 2330 usitatum
995 2314 1008 2336 ,
1069 2297 1129 2325 ne

234 2340 411 2394 nostris
445 2339 631 2397 quidem
674 2339 962 2391 temporibus
1001 2339 1129 2394 (scil.

236 2397 483 2453 omissum)
548 2409 825 2453 quanquam
889 2397 1129 2456 inpuriosa

234 2471 434 2501 suorum
459 2453 784 2502 aetasmmisit.
853 2451 1025 2498 Verum
1060 2453 1126 2498 el-

234 2513 390 2573 liptice
418 2510 598 2557 dicendi
629 2526 767 2568 genus
801 2509 917 2565 illud
950 2511 1005 2555 ab
1041 2512 1131 2556 hoc

234 2572 342 2618 loco
407 2585 561 2613 rorsus
585 2567 782 2619 alienum
819 2577 904 2620 est,
934 2585 1020 2615 nec
1053 2568 1131 2613 ul·-

238 2629 334 2672 lum
360 2668 363 2671 .
397 2627 645 2672 esideratur
675 2624 977 2679 vocabulum,
1009 2628 1132 2686 quod

238 2686 294 2742 ad
326 2685 507 2753 plenam
544 2683 823 2734 locutionem
856 2685 1128 2742 requiratur.

237 2743 306 2787 Ne
332 2741 535 2801 intelligo
565 2741 775 2799 quidem,
805 2741 916 2801 quid
947 2741 1014 2786 illi
1048 2742 1132 2786 sibi

238 2800 400 2846 velint.
501 2798 713 2843 Ceterum
765 2800 904 2844 verba
955 2801 1132 2843 nostris

242 2857 523 2913 temporibus
561 2856 747 2899 minime
788 2865 892 2900 sunt
936 2857 1128 2900 restrin-

273 2915 389 2958 enda
423 2914 478 2957 ad
513 2929 615 2956 eum
649 2914 792 2966 diem,
833 2930 925 2972 quo
952 2914 1132 2958 Tacitus

241 2932 353 3018 {aec
375 2971 575 3028 scripsit:
605 2980 773 3014 nostra
796 2980 1007 3027 tempora
1030 2980 1134 3015 sunt

243 3046 357 3090 quae
421 3028 621 3075 vidimus
684 3029 1136 3088 complectunturque

247 3102 433 3133 omnem
457 3094 644 3129 aetatem
674 3096 910 3143 nostratiis

302 3144 535 3188 incur-iasa
584 3156 793 3186 suorum.
877 3145 938 3189 cf.
971 3143 1061 3187 An.
1095 3144 1138 3194 2,

245 3203 317 3248 88.
356 3208 466 3245 extr.
503 3203 615 3243 dum
655 3208 813 3257 vetera
850 3204 1135 3258 extollimus,

246 3260 502 3306 recentium
523 3259 760 3302 incuriosi.
833 3258 1012 3304 Similes
1040 3276 1137 3303 sen·

245 3319 412 3363 tentiae
434 3324 539 3359 sunt
563 3315 679 3373 apud
696 3315 854 3359 Vellei.
877 3318 917 3369 2,
942 3317 1010 3363 92.
1030 3325 1136 3362 extr.

246 3374 393 3421 Tacit.
420 3372 522 3418 dial.
545 3373 599 3416 de
620 3380 751 3416 oratt.
777 3389 815 3417 c.
832 3376 896 3417 18.
922 3377 1032 3419 vitio
1054 3391 1137 3417 au·

250 3443 348 3477 tem
379 3431 688 3486 malignitatis
713 3433 954 3476 humanae
976 3442 1138 3477 vetera

214 3503 217 3510 ’
247 3503 440 3543 semper
479 3491 528 3537 in
563 3490 726 3543 laude,
773 3493 1047 3543 praesentia
1090 3493 1139 3533 in

239 3548 447 3651 {astidio
475 3561 603 3602 essm
624 3545 864 3599 ‚efflorat-
888 3547 981 3598 Od.
1004 3549 1045 3603 3,
1066 3549 1140 3604 24,

273 3607 326 3657 l·
350 3620 447 3665 sqq.
1040 3646 1041 3649 ,

1203 1715 1351 1752 certae
1373 1706 1604 1751 cuiusdam
1627 1703 1780 1748 aetatis
1801 1705 2090 1760 (abstractum

1201 1781 1287 1825 pro
1315 1765 1575 1819 concreto),
1615 1761 1690 1805 ein
1714 1762 2091 1818 Zeitgesclzleeht.

1206 1824 1284 1869 Sic
1305 1824 1393 1867 An.
1419 1824 1460 1875 4,
1484 1821 1555 1866 62.
1587 1821 1741 1863 omnis
1771 1828 1929 1877 aetas,
1973 1819 2018 1866 h.
2054 1838 2094 1866 e.

1204 1881 1353 1925 omnis
1375 1880 1527 1924 aetatis
1549 1877 1770 1922 homines.

1260 1939 1434 1982 omisit.
1494 1935 1723 1980 Aoristum
1750 1934 1872 1980 hunc
1898 1935 2094 1981 Graeco·

1200 2013 1305 2041 rum
1340 2011 1469 2038 more
1505 1995 1558 2037 de
1593 1993 1671 2045 iis,
1764 2009 1845 2038 uae
1880 1993 1977 2037 fieri
2015 2010 2093 2038 so-

1201 2053 1361 2106 leant.
1396 2052 1594 2110 positum
1637 2050 1745 2095 Wa
1767 2050 1858 2100 ch.-
1880 2051 1936 2095 ad
1979 2051 2024 2100 h.
2060 2054 2092 2097 l.

1202 2111 1471 2156 adfirmavit.
1542 2109 1724 2153 Rectius
1756 2110 1822 2153 vir
1854 2108 2015 2159 docfus
2046 2111 2093 2154 in

1201 2169 1392 2228 Ephem.
1419 2168 1485 2211 lit.
1511 2165 1692 2211 Halens.
1738 2167 1863 2212 1828.
1892 2184 1970 2217 nr.
1990 2170 2092 2213 240.

1203 2245 1248 2287 p.
1265 2228 1366 2272 227.
1394 2225 1569 2270 eerfsuit
1590 2226 1784 2269 verbum
1808 2226 1967 2270 omisit
1990 2229 2094 2279 (hat

1202 2285 1491 2340 eingestellt,
1560 2283 1879 2341 ausgegeben)
1935 2285 2090 2328 eadem

1158 2380 1169 2391 ,
1198 2346 1377 2388 ratione
1393 2339 1456 2384 uti
1473 2347 1604 2398 atque
1615 2342 1718 2383 vicit
1736 2348 1780 2384 et
1797 2355 2095 2397 supergressa

1200 2409 1270 2445 est
1305 2400 1355 2443 in
1391 2398 1695 2455 sequentibus.
1767 2398 1883 2443 Nam
1911 2397 2094 2453 Tacitus

1201 2457 1404 2517 loquitur
1436 2457 1490 2500 de
1521 2472 1574 2499 eo
1609 2456 1822 2514 quodad
1858 2472 1990 2501 suum
2015 2474 2093 2503 us.-

1203 2533 1290 2575 que
1315 2514 1433 2558 diem
1457 2513 1627 2558 sactum
1655 2522 1735 2556 est.
1786 2514 2028 2568 Admittei
2062 2517 2093 2550 ‘-

1202 2583 1278 2619 tur
1311 2572 1545 2630 vulgarem
1581 2571 1798 2615 aoristum
1844 2587 1978 2630 quem
2022 2531 2094 2616 ‹iil-

1205 2639 1313 2675 cunt
1346 2629 1625 2674 historicum.
1686 2627 1826 2684 Quod
1853 2629 1931 2689 aui
1967 2636 2011 2680 et
2039 2631 2093 2673 ad

1202 2705 1326 2740 rem,
1375 2684 1616 2729 meministi
1654 2684 1874 2741 Plinium.
1904 2703 1927 2730 e
1962 2685 2094 2741 {disse

1203 2746 1356 2845 vitam3
1364 2741 1610 2844 P5omponii
1623 2742 1839 2788 Secundi.
1900 2744 1961 2790 cf.
1974 2745 2093 2789 Plin.

1205 2820 1226 2846 e
1295 2833 1305 2845 .
1361 2836 1368 2850 ‚
1422 2833 1434 2845 .

1231 2819 1488 2916 piiuotiens.
1574 2858 1645 2901 De
1695 2859 1915 2918 scriptura
1960 2858 2094 2903 huius

1203 2917 1326 2964 vocis
1377 2915 1435 2960 cf.
1482 2924 1580 2960 not.
1621 2916 1675 2958 ad
1722 2916 1812 2963 An.
1859 2920 1896 2969 1,
1923 2917 1995 2961 25.
2040 2941 2096 2950 -

1192 2973 1430 3030 ιΒεεειὶςειᾞε
1476 2981 1518 3016 et
1558 2973 1782 3017 Rex-telius
1835 2974 2095 3018 maluerunt

1206 3034 1409 3089 quoties,
1452 3030 1555 3089 quia
1584 3038 1742 3087 putant
1777 3033 1989 3090 quotiens
2021 3049 2093 3076 ex·
2124 3066 2127 3070 .

1207 3098 1359 3133 ortum
1384 3105 1477 3132 esse
1500 3103 1523 3131 e
1550 3087 1713 3132 lineola
1749 3090 1900 3134 vocali
1926 3090 2094 3148 longae

1207 3147 1262 3190 ad
1304 3145 1592 3190 indicandam
1628 3146 1889 3204 gravitatem
1923 3147 2094 3196 adscri-

1204 3212 1304 3305 pta,
1347 3204 1468 3260 quod
1503 3204 1575 3250 vix
1614 3203 1825 3260 cuiquam
1858 3204 2096 3264 persuade·

1237 3269 1333 3305 unt.
1395 3260 1507 3303 Nam
1537 3261 1902 3307 terminationem
1935 3277 2021 3307 ens
2046 3261 2094 3304 in

1204 3319 1292 3362 isto
1324 3318 1626 3362 numeralium
1666 3334 1825 3377 genere
1866 3321 2095 3379 antiquam

1206 3384 1401 3476 argusunt
1435 3384 1478 3419 et
1509 3374 1676 3434 lapides
1715 3384 1758 3420 et
1796 3376 1951 3435 optimi
1991 3376 2096 3422 libri

1207 3435 1295 3477 MS
1332 3433 1382 3477 ti.

1265 3491 1581 3545 ignorantiam
1612 3489 1730 3537 recti
1760 3497 1805 3533 et
1837 3491 2093 3541 vtinuz'diam.

1208 3547 1400 3604 ,Selling.
1433 3548 1480 3591 in
1513 3546 1740 3595 Observv.
1772 3547 1820 3592 in
1844 3547 1948 3601 Tac.
1979 3548 2094 3608 Agr.

1212 3602 1404 3665 (Curiae
1451 3605 1591 3663 Regu.
1633 3605 1790 3663 1826.)
1839 3621 1880 3665 p.
1918 3604 1990 3659 8.,
2051 3614 2095 3651 et
