2150 4022
232 300 355 357 238

739 289 860 350 DE
916 278 1570 386 oenomaus

166 443 177 462 ¹
231 435 513 506 potestate
546 421 852 479 munitus?
909 422 1076 479 cuius
1113 421 1202 478 vis
1241 431 1298 478 et
1332 420 1558 479 utilitas
1596 418 1774 477 rebus
1810 437 2088 496 prospere

231 511 555 572 fluentibus
597 506 853 564 aliorum
888 506 1159 582 perfugio
1213 517 1272 563 et
1313 501 1497 565 tutela
1551 504 1932 579 intelligitur:
1998 506 2093 564 sin

231 595 544 676 proprium
580 591 914 668 periculum
952 591 1281 672 increpuit,
1344 611 1471 647 non
1505 589 1764 675 Hercule
1811 589 1996 648 lorica
2019 602 2094 648 -et

234 683 464 760 gladius
491 679 554 734 in
582 678 703 735 acie
727 677 954 734 firmius
968 675 1414 759 ⁸munimentum
1432 721 1449 745 ‚
1507 696 1683 753 quam
1717 695 1819 732 reo
1850 687 1908 760 et
1930 676 2091 752 peri-—

236 765 468 827 clitanti
508 763 874 840 eloquentia,
943 760 1307 837 praesidium
1354 761 1536 818 simul
1575 781 1643 818 ac
1687 761 1902 831 telum,
1975 782 2094 839 quo

233 869 607 931 propugnare
633 848 852 924 pariter
877 858 934 905 et
955 847 1243 904 incessere
1268 845 1390 904 sive
1411 847 1478 903 in
1506 845 1728 905 iudicio
1761 847 1884 903 sive
1906 846 1972 903 in
2000 866 2092 904 se-

294 1070 433 1113 rebus
461 1078 683 1122 prospere
705 1061 982 1119 fluentibus.
1056 1059 1134 1103 Sic

206 1139 208 1141 ’
237 1127 373 1174 MSS.
405 1124 543 1182 Neap.
579 1123 756 1175 [Farn.]
787 1127 830 1163 et
863 1119 1059 1168 Vaticc„
1106 1132 1131 1160 e

269 1186 401 1229 uibus
443 1187 708 1238 receperunt
742 1177 914 1222 Ernest.
950 1173 1132 1219 SebuIZ.

287 1243 396 1287 berl.
452 1247 494 1282 et
546 1253 672 1295 sqq.,
731 1236 847 1278 idem
900 1241 1034 1277 exstat
1084 1231 1132 1274 in

242 1302 349 1347 edit.
391 1295 577 1340 Riviana
625 1295 672 1336 in
720 1301 1009 1349 mentemque
1055 1305 1134 1331 ve·-

239 1365 369 1403 nerat
390 1355 556 1413 Lipsio.
620 1349 715 1395 Cfr.
736 1350 880 1394 Tacit.
902 1349 989 1392 An.
1007 1347 1074 1397 15,
1088 1346 1132 1389 5.

241 1432 325 1459 nec
347 1411 622 1469 praesentia
644 1422 866 1461 prospere
890 1405 1135 1461 fluebant—‚-

240 1476 338 1519 Cic.
366 1471 421 1514 de
444 1468 522 1512 off.
551 1469 588 1518 l,
608 1467 680 1515 26,
704 1466 775 1508 90.
807 1471 947 1519 atque
985 1463 1132 1505 etiam

240 1533 290 1575 in
311 1530 444 1573 rebus
465 1524 714 1580 prosperis
737 1530 780 1565 et
810 1525 876 1563 ad
908 1523 1130 1565 volunta-

240 1597 334 1632 tem
353 1592 572 1628 nostram
579 1580 837 1638 fluentibus
851 1578 1133 1634 superbiam,

225 1645 483 1705 fastidium
513 1640 929 1692 arrogantiamque
955 1648 1133 1688 magno

241 1717 381 1760 opere
419 1698 684 1756 fugiamus.
765 1695 880 1738 Edd.
927 1692 1136 1750 antiquae

242 1761 464 1821 praebent
485 1769 658 1810 prope,
700 1753 822 1809 quod
857 1768 907 1794 ex
937 1749 1134 1808 scriptu-

240 1835 317 1864 rae
358 1813 631 1870 compendio
669 1819 821 1854 ortum
860 1817 923 1852 est
961 1815 1139 1866 aperte3

239 1877 346 1921 inde
409 1870 584 1915 Pithoei
655 1869 919 1912 coniectura
995 1866 1137 1907 rebus

238 1927 383 1990 pro'be
424 1927 687 1988 fluentibus
732 1924 957 1983 originem
1005 1921 1137 1980 cepit,

242 1990 366 2051 quod
407 1985 584 2031 defendi
631 1998 763 2040 posse
805 1989 932 2040 putat
966 1978 1136 2036 Wop-

241 2049 368 2094 kens.
394 2046 425 2089 l.
454 2045 485 2088 l.
518 2059 564 2100 p.
583 2041 707 2091 383„
746 2046 984 2086 servarunt
1006 2036 1139 2079 Gro-

243 2121 355 2151 nov.
382 2101 440 2146 al.
498 2100 739 2142 Meliorem
764 2097 1009 2140 verborum
1044 2093 1137 2136 dis-

239 2161 509 2209 tinctionem
532 2157 746 2200 debemus
768 2152 913 2197 eidem
934 2150 1139 2199 pithoeo,

244 2221 323 2280 qui
356 2230 538 2262 comma
571 2214 619 2256 in
653 2213 882 2272 prioribus
912 2209 1015 2253 edd.
1037 2216 1140 2266 post

234 2271 454 2322 ”auorum
479 2270 678 2331 positum
699 2279 776 2314 aut
799 2267 1033 2318 omissum,
1063 2265 1137 2308 ad-

242 2332 491 2381 iiciendum
525 2329 697 2373 curavit
731 2334 834 2385 post
860 2324 1134 2382 fluentibus.

246 2386 607 2438 Schurzfleischii
673 2390 988 2430 commentum
1048 2396 1139 2436 pro

245 2467 352 2507 spe,
405 2444 529 2506 quod
564 2451 651 2487 est:
705 2459 757 2485 ex
795 2439 1042 2490 sententia,
1084 2437 1139 2481 ad

246 2519 430 2557 votum,
462 2501 642 2549 silentio
668 2498 992 2559 praetermitto.

302 2573 517 2635 perfugio
561 2578 607 2613 et
651 2571 814 2612 tutela.
903 2566 969 2609 lta
1007 2565 1144 2609 MSS.

246 2637 387 2694 Neap.
410 2640 451 2676 et
477 2627 649 2672 Vaticc.
674 2626 797 2672 1518.
823 2632 866 2668 et
884 2622 1014 2668 4498.
1035 2623 1142 2667 edd.

246 2691 427 2739 Dronk.
441 2688 614 2736 Osann.
629 2683 774 2729 Orell.
787 2681 1070 2737 [Boettich.].
1086 2703 1144 2713 -

242 2751 459 2808 profugia
487 2743 587 2788 MS.
615 2742 715 2785 Vat.
742 2740 867 2784 1826.
897 2762 955 2771 —
994 2753 1145 2794 prae-

246 2811 365 2854 sidio
399 2806 447 2848 in
480 2800 667 2858 reliquis
703 2798 914 2842 omnibus
950 2806 1014 2840 est
1040 2795 1142 2839 edd.

252 2871 396 2920 (errat
423 2860 542 2904 enirn
568 2856 746 2903 Dronk.
775 2857 822 2900 in
847 2853 1146 2912 discrepantia

249 2924 498 2979 scripturae
551 2915 806 2970 enotanda).
895 2911 1144 2954 Maluimus

250 2980 383 3026 codd.
407 2974 532 3033 sequi
556 2972 869 3017 auctoritatem
885 3001 897 3018 ‚
928 2968 1032 3027 quia
1053 2984 1145 3012 sae·

250 3039 348 3098 pius
380 3032 620 3091 repetitum
647 3030 939 3084 praesidium
968 3035 1144 3070 tantum

249 3098 371 3139 abest
404 3100 452 3134 ut
484 3097 660 3131 tueatur
690 3086 941 3144 vulgatam,
981 3084 1030 3126 in
1058 3098 1144 3140 qua

252 3149 467 3211 opinione
491 3154 688 3188 versatur
711 3143 932 3194 Seebod.,
962 3150 1011 3184 ut
1038 3155 1145 3183 con·

251 3221 319 3254 tra
344 3207 399 3252 ad
423 3220 521 3248 eam
548 3201 867 3258 corrigendam
889 3207 1031 3256 cogat.

310 3276 552 3332 increpuit.
625 3273 703 3316 Sic
741 3289 764 3314 e
803 3272 987 3316 Farnes.
1029 3270 1145 3313 libro

206 3333 223 3342 ³
253 3339 376 3383 dedit
397 3332 597 3393 Lipsius,
626 3330 834 3386 idemque
857 3328 1078 3387 reperitur
1101 3327 1147 3369 in

254 3396 359 3441 MS.
375 3393 512 3450 Neap.
546 3413 599 3421 -
646 3388 827 3441 irrepat
850 3386 952 3429 edd.
975 3386 1145 3442 antiqu.

257 3463 358 3497 ante
382 3450 526 3508 Lips.,
559 3444 681 3503 quod
708 3446 1026 3499 spernendum.
1070 3443 1142 3484 Cf.

253 3510 351 3554 Cic.
383 3509 430 3550 in
464 3503 592 3551 Catil.
620 3502 653 3545 l.
688 3517 729 3543 c.
754 3500 795 3543 7.
830 3502 1038 3561 quicquid
1068 3502 1145 3543 in-

253 3567 479 3619 crepuerit
507 3562 759 3603 Catilinam
784 3560 960 3607 timer&
989 3559 1143 3607 Liv.4,

253 3624 320 3668 43.
350 3625 470 3664 uncle
494 3623 536 3662 si
553 3618 663 3674 quid
690 3616 893 3667 increpet
921 3615 1140 3663 terroris,

1204 1029 1458 1120 similiaque
1505 1060 1621 1120 apud
1663 1058 1801 1104 Hess.v
1839 1060 1894 1104 ad
1939 1058 2098 1105 Germ.

1204 1135 1248 1166 e.
1271 1119 1345 1164 35.
1378 1135 1424 1178 p.
1456 1117 1556 1163 163.

1263 1205 1407 1247 lorica
1423 1210 1470 1245 et
1489 1204 1695 1257 gladius.
1757 1201 1836 1246 Sic
1859 1218 1910 1246 ex
1932 1203 2096 1247 Seebo-

1205 1262 1267 1306 dii
1318 1262 1579 1305 coniectura
1631 1259 1871 1304 ediderunt
1917 1260 2096 1304 Dronk-

1207 1317 1542 1365 Osann.Orell.
1559 1351 1572 1370 ,
1599 1317 1722 1376 quod
1747 1317 1950 1362 firmatur
1965 1318 2099 1362 MSS.

1204 1377 1343 1436 Neap.
1369 1384 1412 1418 et
1435 1375 1558 1419 Vatt.
1594 1375 1695 1418 edd.
1721 1374 1842 1433 Spir.
1870 1376 1975 1420 Put.
1998 1374 2099 1420 Riv.

1203 1435 1310 1479 Ber.
1327 1432 1434 1479 Alc.
1461 1433 1682 1491 scriptura
1701 1434 1873 1476 loricae
1894 1435 2098 1489 gladius·

1203 1493 1326 1537 Eam
1341 1490 1583 1535 defendere
1610 1498 1798 1534 conatus
1821 1499 1887 1542 est
1908 1490 2100 1535 Schurz-

1203 1549 1400 1601 fleisch.‚
1450 1549 1568 1592 hanc
1610 1547 1818 1605 scriptori
1854 1548 2100 1592 obtrudens

1206 1607 1498 1653 sententiam:
1550 1621 1648 1649 non
1690 1604 1882 1649 loricam
1926 1606 2100 1664 gladius

1207 1667 1318 1710 adeo
1343 1663 1569 1712 defendit,
1610 1677 1745 1721 quam
1771 1677 1902 1706 reum
1927 1663 2104 1722 pericli·

1207 1731 1379 1768 tantem
1416 1721 1687 1779 eloquentia.
1759 1719 1848 1764 Sed
1878 1719 2102 1779 plerisque

1207 1781 1397 1840 probata
1428 1787 1493 1823 est
1525 1775 1782 1821 emendatio
1802 1776 2006 1822 Rhenani
2031 1781 2105 1822 lo-

1207 1841 1308 1882 rica
1343 1845 1428 1880 aut
1457 1838 1668 1892 gladius,
1722 1850 1837 1894 quae
1873 1851 2015 1904 usque
2047 1837 2106 1881 ad

1207 1895 1403 1941 Seebod.
1427 1910 1590 1938 omnes
1615 1891 1854 1950 occupavit
1883 1893 2009 1938 editt.
2041 1898 2107 1949 [et

1209 1962 1385 1998 servata
1409 1962 1477 1996 est
1502 1967 1526 1995 a
1548 1949 1688 1995 Bekk.
1703 1949 1822 2008 Rup.
1847 1958 1891 1994 et
1911 1950 2102 2006 Boett.].

1210 2011 1297 2056 Sed
1321 2011 1415 2068 ipsa
1440 2009 1658 2052 sententia
1683 2006 1880 2065 postulat
1899 2013 1947 2050 et
1966 2024 2104 2068 copu-

1210 2068 1326 2117 lam,
1369 2083 1456 2124 qua
1481 2066 1628 2124 iungit
1647 2064 1811 2108 Noster
1835 2080 2104 2124 synonyma,

1209 2135 1259 2169 ut
1285 2140 1384 2183 cap.
1407 2123 1450 2167 6.
1475 2132 1519 2166 et
1546 2126 1614 2167 11.
1640 2125 1893 2166 comitatus
1913 2124 2032 2167 istos
2059 2133 2105 2168 et

1210 2196 1451 2237 egressus5
1490 2196 1588 2238 cap.
1612 2180 1680 2223 12.
1706 2182 1834 2223 inter
1859 2183 2025 2225 sordes
2048 2197 2104 2225 ac

1209 2242 1449 2283 lacrimas.
1931 2237 1937 2250 “

1266 2327 1348 2355 reo
1398 2318 1444 2353 et
1490 2310 1790 2365 periclitanti.
1881 2309 2103 2370 Copulam

1210 2370 1439 2415 eiecerunt
1484 2366 1694 2412 Acidalio
1743 2374 1930 2412 auctore
1976 2367 2105 2412 Heu-

1212 2442 1368 2472 mann.
1410 2433 1453 2468 et
1495 2423 1704 2474 Schulz.‚
1764 2440 1898 2470 causa
1943 2424 2105 2471 idonea

1188 2534 1189 2537 Ἴ
1213 2483 1352 2529 nulla.

1267 2553 1562 2609 praesidium
1580 2553 1726 2595 simul
1744 2567 1800 2594 ac
1821 2555 1982 2596 telum.
2028 2551 2106 2599 Sic

1215 2611 1352 2656 MSS.
1389 2610 1529 2668 Neap.
1569 2610 1727 2660 [Farn.
1768 2626 1790 2653 a
1827 2610 1885 2653 ud
1925 2609 2106 2668 Bekk.]‚

1214 2684 1354 2738 quare
1384 2668 1584 2725 recipio,
1625 2666 1712 2717 [uti
1735 2666 1797 2710 Be
1832 2666 1876 2710 k.
1909 2676 1953 2712 et
1973 2668 2105 2713 Boet·
2146 2708 2148 2711 .

1214 2726 1362 2781 t1eh.].
1420 2724 1536 2768 Edd.
1560 2724 1852 2768 consentiunt
1884 2725 1932 2769 in
1963 2727 2107 2771 simul

1216 2794 1263 2830 et
1297 2785 1458 2826 telum.
1516 2781 1590 2825 Ad
1628 2795 1726 2823 rem
1762 2797 1972 2842 compara
2004 2783 2102 2828 Cic.

1217 2843 1271 2886 de
1294 2847 1405 2884 orat.
1420 2838 1618 2890 1,8‚32.=
1653 2837 1765 2894 quid
1784 2845 1886 2883 tam
1907 2844 2106 2895 regium,

1216 2909 1320 2943 tam
1371 2898 1560 2939 liberale
1578 2928 1591 2951 ‚
1657 2903 1760 2937 tam
1817 2899 2105 2956 munificum,

1217 2970 1360 3013 quam
1383 2970 1517 3009 opem
1527 2954 1667 3010 ferre
1684 2957 1989 3012 supplicibuS,
2023 2972 2104 3000 ex·

1217 3016 1363 3056 citare
1407 3012 1651 3068 adflictae,
1720 3015 1839 3055 dare
1881 3017 2101 3069 salutem,

1214 3073 1415 3114 liberare
1437 3068 1683 3124 periculis,
1728 3072 1932 3114 retinere
1955 3074 2107 3116 homi-

1219 3143 1306 3171 nes
1330 3128 1378 3168 in
1399 3127 1619 3169 civitate?
1678 3124 1802 3184 Quid
1822 3136 1981 3172 autem
2003 3138 2106 3173 tam

1217 3186 1559 3235 necessarium,
1608 3198 1751 3240 quam
1785 3192 1943 3228 tenere
1974 3201 2106 3230 sem-

1214 3257 1302 3298 per
1331 3256 1498 3297 arma,
1543 3243 1706 3297 quibus
1736 3245 1814 3285 vel
1841 3250 1985 3287 tectus
2014 3249 2107 3300 ipse

1220 3314 1320 3342 esse
1338 3301 1494 3353 possis
1506 3331 1518 3347 ‚
1561 3301 1634 3341 vel
1646 3301 1909 3353 provocare
1929 3302 2105 3356 integer

1221 3359 1469 3411 improbos,
1500 3359 1574 3399 vel
1592 3363 1635 3398 te
1656 3358 1810 3399 ulcisci
1826 3359 2071 3402 lacessitus
2085 3364 2109 3402 ,Ρ

1219 3413 1388 3457 Similis
1422 3413 1662 3471 descriptio
1699 3414 1752 3454 de
1791 3424 1881 3458 nat.
1917 3415 2036 3461 deor.
2067 3420 2107 3471 Ξ,

1217 3473 1284 3519 59,
1316 3470 1412 3514 148.
1439 3472 1492 3514 de
1519 3474 1594 3514 ost.
1615 3471 1658 3518 2,
1688 3472 1755 3512 14.

1274 3555 1370 3598 sive
1390 3556 1439 3597 in
1464 3556 1631 3598 iudicio
1654 3561 1738 3598 etc.
1789 3554 1863 3599 Sic
1886 3572 1934 3599 ex
1958 3573 2105 3600 emen-

1218 3613 1394 3655 datione
1452 3612 1617 3654 Mureti
1677 3612 1922 3662 Acidalius,
1984 3615 2106 3657 Hen-
