2150 4022
618 237 1139 304 DIALOGUS.
1224 239 1423 305 CAP.
1462 243 1521 301 9.

1865 240 1990 301 257

150 371 459 431 ει-ειπὼίτε
486 382 758 444 cogatur,
799 381 866 427 ut
895 370 1042 439 sint,
1079 371 1181 447 qui
1207 373 1525 446 dignentur
1553 371 1785 428 audire:
1832 382 1888 428 et
1913 393 1988 429 ne

152 459 212 516 id
245 456 483 534 quidem
518 456 713 529 gratis,
769 476 905 511 nam
950 466 1006 511 et
1043 456 1287 511 domuin
1325 467 1629 515 mutuatur
1663 468 1718 513 et
1754 457 1989 513 audito-

148 544 301 599 rium
327 541 570 597 exstruit
592 554 647 596 et
673 540 948 596 subsellia
965 541 1242 596 conducit
1267 554 1320 598 et
1346 543 1578 598 libellos
1595 541 1901 616 dispergit:
1930 554 1986 598 et

147 639 216 685 ut
259 625 627 683 beatissimus
670 626 1073 682 recitationem
1120 625 1244 681 eius
1295 638 1533 682 eventus
1579 638 1985 703 prosequatur,

149 711 343 767 omnis
377 710 479 766 illa
514 710 643 766 laus
675 710 831 766 intra
861 730 1050 766 unum
1085 721 1186 766 aut
1216 711 1464 766 alterum
1495 711 1683 781 diem,
1724 712 1887 768 velut
1921 712 1986 767 in

153 792 334 858 herba
358 795 452 851 vel
482 795 627 851 flore
655 807 989 871 praecepta,
1037 795 1108 851 ad
1140 795 1365 851 nullam
1397 807 1612 853 certam
1649 807 1703 853 et
1738 789 1986 854 solidam

149 982 443 1041 Quapropter
481 981 777 1038 adprobatum
818 989 882 1025 est
924 980 1036 1025 illud

148 1043 202 1083 ab
228 1041 302 1091 iis,
332 1039 618 1098 quiLipsium
640 1039 814 1097 sequuti
838 1046 967 1087 sunt,
993 1045 1036 1082 et

148 1113 292 1155 nuper
340 1115 363 1141 a
410 1095 589 1140 Schulz.
634 1097 791 1140 Oberl.
841 1095 1034 1140 Seebod.

148 1153 326 1198 Dronk.
353 1154 569 1206 Osanno;
606 1155 681 1197 sed
715 1154 894 1202 reiicio,
931 1153 1035 1212 quia

150 1210 316 1255 laboris
372 1219 413 1254 et
464 1211 696 1255 molestiae
752 1210 1035 1268 significatio,

149 1283 261 1325 quae
296 1268 402 1312 huic
435 1268 659 1311 vocabulo
695 1268 832 1318 inest,
883 1267 1034 1311 minus

147 1326 388 1377 convenit,
433 1325 508 1368 ubi
546 1326 742 1384 scriptor
775 1326 828 1368 de
862 1326 1031 1368 lusibus

148 1391 406 1439 poematum
455 1381 670 1439 loquitur.
752 1382 866 1426 Edd.
911 1382 1031 1426 anti-

147 1454 261 1495 quae
293 1454 450 1483 omnes
485 1439 771 1483 consentiunt
806 1440 851 1482 in
888 1447 1029 1482 extu-

145 1496 227 1595 Ξιίι,
276 1496 397 1554 quod
437 1496 703 1541 insolentius
745 1498 914 1541 dictum
961 1498 1035 1542 vi-

179 1562 296 1600 etur.

205 1613 509 1655 elucubravit.
568 1611 645 1655 Sic
665 1611 802 1657 MSS.
822 1612 962 1670 Neap.
990 1621 1033 1656 et

148 1666 282 1712 Farn.
306 1680 350 1714 et
371 1670 470 1714 edd.
493 1679 594 1728 post
606 1669 803 1726 Lipsium
830 1670 1033 1727 vulgatae

180 1736 322 1770 raeter
374 1727 578 1777 Dronk„
644 1727 720 1784 qui
784 1726 897 1770 locis
954 1728 1030 1770 ni-

148 1741 210 1825 liii
250 1785 540 1843 probantibus
581 1785 683 1826 edd.
728 1791 833 1828 vett.
871 1784 1030 1828 lectio·

148 1855 250 1884 nem
285 1844 542 1885 lucubravit
580 1841 903 1884 defendendam
931 1858 1030 1885 sus-

149 1898 281 1958 cepit.
338 1899 558 1955 Congruit
586 1908 730 1942 tamen
754 1901 1034 1942 elucubravit

148 1973 249 2002 cum
274 1959 475 2005 excudit,
497 1957 746 2013 diciturque
769 1956 814 1999 id
836 1956 889 1998 de
913 1957 1033 2014 inge-

147 2013 212 2056 nii
255 2014 585 2065 monumentis,
631 2029 741 2071 quae
781 2029 884 2056 cum
923 2029 1031 2058 cura

148 2069 477 2120 conficiuntur,
529 2080 576 2114 ut
617 2071 735 2128 apud
770 2071 867 2115 Cic.
899 2071 1029 2114 Brut.

149 2145 192 2173 c.
213 2129 291 2177 90,
308 2130 569 2172 orationem
595 2130 878 2172 elucubrare.
951 2176 954 2179 ,

208 2200 379 2240 rogare
418 2189 542 2228 ultro
580 2195 664 2230 etc.
734 2186 806 2229 Ab
839 2184 1032 2241 Augusti

149 2258 260 2287 aevo
290 2243 567 2301 percrebruit
594 2260 692 2286 mos
717 2243 835 2302 apud
860 2242 1031 2286 Roma-

150 2315 260 2354 nos,
307 2308 352 2343 ut
376 2299 619 2357 scriptores
642 2316 716 2352 ea,
754 2316 866 2359 quae
901 2316 1034 2344 com-

151 2356 337 2399 mentati
359 2367 500 2407 erant,
533 2357 699 2407 amicis,
729 2358 848 2400 notis
871 2356 1032 2400 doctis·

151 2428 236 2470 que
287 2413 398 2457 viris
445 2413 708 2467 recitarent,
752 2430 911 2458 eorum
958 2413 1034 2456 iu-

152 2469 267 2513 dicia
324 2469 606 2514 sciscitaturi.
708 2471 835 2515 cuius
893 2471 1034 2513 moris

149 2535 378 2571 auctorem
421 2526 572 2571 serunt
604 2528 812 2571 Asinium
855 2527 1032 2571 Pollio-

151 2600 271 2627 nem.
354 2585 426 2627 De
478 2586 540 2627 eis
584 2586 918 2629 recitationibus
974 2586 1034 2628 cf.

152 2640 323 2700 Gierig.
366 2642 419 2684 ad
461 2641 581 2685 Plin.
622 2643 763 2701 Epist.
804 2643 937 2687 Tom.
978 2643 1034 2685 Π.

150 2714 194 2766 p.
207 2699 461 2743 fisa-545.
494 2699 732 2752 Heinrich„
748 2708 990 2743 comment.
1005 2701 1036 2743 Ι.

151 2773 198 2799 m
221 2757 412 2800 luvenal.
437 2764 515 2799 sat.
539 2773 583 2814 p.
612 2758 680 2801 18.
739 2757 949 2808 VVeber,
980 2757 1034 2799 de

153 2822 382 2872 poetarum
421 2814 508 2856 Ro.
548 2815 907 2866 recitationibus,
950 2813 1032 2856 Vi-

153 2870 316 2913 mariae
342 2871 463 2915 1828.
485 2871 758 2927 Weiehert,
802 2874 912 2914 uber
944 2874 1035 2914 das

154 2927 312 2971 Leben*
328 2936 408 2972 etc.
433 2933 516 2971 des
537 2931 757 2984 Apollon.
782 2946 821 2972 υ.
842 2931 1038 2972 Rhodus

187 3015 199 3027 .
239 2985 304 3027 18.
342 2985 412 3029 51.
457 2995 499 3029 et
543 3003 655 3054 quos
701 2987 848 3030 laudat
888 2984 1037 3028 Thor-

155 3001 336 3084 lieckius
368 3043 421 3084 de
444 3042 602 3087 Asimo
629 3043 835 3087 Pollione
869 3059 913 3101 p.
939 3044 1033 3085 107.

157 3098 358 3154 Quantas
381 3098 604 3144 molestias
627 3100 731 3144 tales
752 3100 1036 3144 recitationes

155 3155 406 3214 pepererint
441 3157 758 3215 scriptoribus,
810 3172 1033 3215 quamque

156 3212 306 3270 exigua
344 3229 496 3256 earum
538 3214 672 3258 fuerit
706 3215 868 3258 utilitas
898 3222 940 3257 et
979 3213 1032 3255 ad

155 3271 374 3328 augendas
401 3270 566 3314 litteras
590 3279 631 3313 et
657 3272 708 3314 ad
741 3271 906 3314 famam
937 3273 1029 3313 sin-

157 3329 270 3384 gulis
339 3327 705 3383 conciliandam,
840 3327 1035 3371 raeclare

158 3385 216 3427 ob
248 3384 404 3428 oculos
436 3386 629 3442 positum
665 3394 727 3428 est
756 3402 778 3429 a
805 3345 961 3429 Ji'acito
994 3391 1036 3426 et

156 3441 198 3485 h.
225 3442 252 3486 l.
274 3451 317 3485 et
341 3441 457 3485 infra
483 3457 523 3485 c.
550 3445 616 3486 10.

214 3500 511 3543 auditorium.
584 3499 668 3542 Ed.
709 3498 810 3543 Put.
854 3498 1036 3556 praebet

158 3558 470 3609 adiutorium,
522 3573 654 3615 quem
694 3571 896 3599 errorem
932 3554 1034 3598 edd.

243 3625 484 3675 'humus
536 3622 631 3675 IV.

1103 980 1204 1024 Rtv.
1246 979 1349 1025 Ber.
1387 980 1490 1025 Alc.
1526 980 1726 1026 Rhenan.
1765 1000 1986 1043 propaga-

1103 1046 1235 1087 runt;
1315 1037 1463 1082 Nicol.
1522 1039 1704 1084 Lo'elnsis
1770 1042 2037 1101 epiphyll.t

1102 1095 1178 1138 lib.
1204 1095 1281 1139 IX.
1312 1112 1350 1140 e.
1373 1097 1414 1139 5.
1440 1099 1729 1140 adiutorium
1753 1115 1799 1141 se
1830 1116 1987 1142 emen-
2062 1131 2064 1133 »

1104 1151 1211 1195 dare
1234 1153 1483 1210 profitetur.
1518 1153 1606 1196 Sed
1629 1153 1684 1199 cf.
1700 1159 1820 1199 c.10.
1835 1159 1892 1198 ab
1907 1173 1989 1199 au-

1102 1211 1287 1253 ditoriis
1310 1219 1352 1253 et
1372 1212 1582 1253 theatris.
1601 1236 1654 1244 -
1679 1212 1728 1254 ln
1750 1214 1986 1258 antecedd.

1105 1284 1186 1326 pro
1209 1276 1403 1323 cogatur
1427 1267 1495 1311 ed.
1521 1267 1640 1326 Spir.
1663 1279 1905 1323 cogantur.

1158 1361 1203 1396 et
1242 1360 1291 1395 ut
1331 1354 1626 1396 beatissimus
1665 1353 1987 1396 recitationem

1102 1413 1205 1454 eius
1228 1417 1417 1453 eventus
1436 1419 1766 1466 prosequatur.
1831 1410 1986 1468 Copu-

1106 1469 1192 1511 lam
1245 1476 1291 1510 et
1342 1467 1386 1509 in
1441 1467 1543 1510 edd.
1588 1477 1694 1513 vett.
1740 1468 1986 1524 neglectam

1102 1526 1294 1583 ideoque
1324 1527 1377 1567 ab
1403 1524 1579 1568 Dronk.
1616 1534 1658 1568 et
1682 1524 1867 1568 Osanno
1900 1528 1990 1568 ite-

1104 1601 1202 1627 rum
1226 1582 1415 1625 deletam
1431 1613 1443 1630 ,
1472 1581 1641 1624 addidit
1665 1599 1686 1625 e
1710 1582 1811 1625 cod.
1837 1583 1992 1634 Farn.,

1103 1656 1302 1699 quocum
1338 1639 1438 1682 MS.
1466 1638 1602 1696 Neap.
1632 1639 1760 1691 facit,
1799 1639 1988 1696 Lipsius,

1103 1713 1294 1755 eumque
1318 1697 1491 1753 sequuti
1515 1695 1606 1738 fere
1632 1712 1875 1739 omnes.—-
1915 1699 1986 1741 Ab

1102 1755 1262 1798 eodem
1284 1753 1378 1796 viro
1400 1762 1654 1796 correctum
1680 1761 1744 1796 est
1766 1753 1864 1796 edd.
1879 1766 1987 1799 vett.

1102 1813 1262 1858 vitium
1286 1813 1473 1854 alterurn
1499 1812 1773 1853 recitatione
1796 1810 1841 1852 in
1860 1813 1988 1853 *reci-

1103 1872 1350 1920 tationem,
1381 1876 1421 1910 et
1447 1867 1724 1924 negligenter
1745 1876 1916 1919 tantum
1941 1870 1988 1911 in

1103 1926 1336 1970 nonnullis
1367 1926 1484 1981 Lips.
1527 1925 1627 1969 edd.
1668 1924 1785 1984 typis
1817 1927 1988 1968 exscri-

1101 1994 1228 2043 ptum
1250 1993 1313 2026 est
1332 1983 1672 2026 recitationum.
1730 1983 1802 2025 Ad
1829 1981 1988 2039 loquu-

1103 2041 1272 2086 tionem
1297 2040 1354 2084 cf.
1377 2039 1497 2082 Plin.
1525 2039 1667 2098 Epist.
1693 2040 1759 2090 10,
1783 2040 1825 2084 9.
1850 2043 1988 2081 deos-

1103 2114 1186 2155 que
1219 2131 1231 2143 .
1258 2130 1269 2142 .
1294 2111 1491 2152 precor,
1533 2105 1583 2139 ut
1612 2111 1777 2139 omnes
1805 2098 1980 2151 cogita-

1103 2159 1251 2200 tiones
1284 2164 1394 2198 tuas
1433 2163 1536 2197 tam
1568 2157 1722 2196 laetus
1761 2161 1987 2210 sequatur

1102 2222 1316 2263 eventus;
1358 2212 1654 2255 beatissimus
1675 2211 1795 2253 enim
1823 2211 1988 2254 dicitur

1102 2288 1186 2330 pro
1212 2270 1476 2321 laetissimo,
1514 2268 1900 2317 fortunatissimo,
1938 2277 1987 2311 ut

1101 2328 1219 2387 apud
1245 2327 1336 2371 Cic.
1360 2327 1480 2370 Tusc
1523 2326 1636 2382 disp.
1662 2325 1702 2374 5,
1729 2326 1799 2373 12,
1822 2325 1889 2368 34.

1160 2398 1317 2439 omnis
1339 2398 1425 2437 illa
1446 2399 1566 2437 laus.
1626 2394 1728 2438 MS.
1745 2394 1845 2438 Vat.
1867 2395 1988 2438 1862.

1103 2456 1252 2497 omnis
1273 2454 1364 2495 ista
1390 2457 1493 2494 laus
1508 2485 1520 2506 ‚
1562 2452 1684 2508 quod
1707 2451 1990 2496 festinantius

1103 2512 1349 2571 probarunt
1363 2510 1551 2552 Seebod.
1565 2507 1744 2551 Dronk.
1760 2517 1798 2550 et
1814 2508 1984 2554 Osann.

1164 2584 1290 2623 velut
1322 2582 1371 2621 in
1407 2581 1551 2620 herba
1585 2581 1659 2619 vel
1684 2577 1812 2634 flore
1838 2594 1989 2634 prae-

1106 2646 1255 2693 cepta.
1315 2637 1391 2680 Sic
1416 2652 1437 2677 e
1468 2634 1566 2678 MS.
1590 2635 1749 2684 Farn.,
1786 2651 1986 2694 quocum

1106 2696 1214 2739 facit
1264 2695 1430 2752 Neap.‚
1497 2692 1671 2751 Lipsius
1726 2700 1768 2736 et
1826 2709 1986 2738 recen-

1104 2753 1242 2796 tiores
1287 2750 1507 2809 plerique.
1573 2758 1822 2805 praecepta
1863 2751 1893 2794 i.
1943 2769 1989 2810 q.

1106 2820 1207 2853 ante
1268 2817 1392 2865 capta
1417 2841 1428 2860 ,
1509 2805 1790 2850 festinantius
1847 2819 1989 2867 capta,

1106 2868 1365 2926 priusquam
1413 2866 1737 2916 maturuerint3
1798 2879 1885 2922 qua
1932 2867 1989 2909 de

1106 2923 1315 2969 vocabuli
1351 2922 1399 2966 vi
1440 2921 1629 2965 dubitari
1663 2922 1847 2979 nequit,
1899 2938 1990 2965 no—

1106 2990 1232 3025 verat
1263 2996 1358 3023 earn
1395 2988 1437 3022 et
1476 2977 1672 3035 exempla
1712 2979 1851 3022 multa
1887 2980 1990 3022 col-

1106 3039 1273 3095 legerat
1295 3037 1345 3080 B.
1366 3037 1605 3080 Rhenanus
1636 3036 1682 3078 in
1709 3036 1896 3079 thesaur.
1927 3038 1989 3079 lo·

1105 3104 1197 3140 cut.
1212 3093 1353 3137 Tacit.
1378 3110 1421 3152 p.
1438 3097 1505 3138 17.
1527 3109 1593 3150 sq.
1612 3124 1624 3142 ,
1655 3091 1742 3135 cfr.
1765 3102 1989 3150 praeterea

1105 3152 1336 3194 Heinsiutn
1361 3151 1415 3194 ad
1441 3150 1576 3196 Ovid.
1602 3149 1785 3191 Heroid.
1813 3151 1874 3199 17,
1899 3151 1991 3194 107.

1105 3220 1150 3251 et
1184 3208 1236 3252 ad
1265 3207 1411 3251 Valer.
1436 3209 1585 3252 Flacc.
1607 3207 1649 3260 4,
1677 3206 1804 3256 751„
1850 3206 1982 3250 Boet-

1102 3266 1257 3310 ticher.
1278 3265 1380 3308 Lex.
1404 3264 1545 3307 Tacit.
1574 3279 1621 3321 p.
1643 3262 1742 3306 366.
1801 3263 1852 3305 In
1887 3264 1992 3310 edd.

1105 3321 1295 3381 antiquis
1318 3331 1455 3365 exstat
1473 3328 1717 3377 percepta,
1749 3319 1920 3378 saepius
1945 3321 1992 3366 id

1106 3386 1430 3424 commutatum
1474 3395 1577 3423 eum
1613 3385 1891 3430 praecepta,
1942 3387 1994 3422 ut

1106 3437 1220 3495 apud
1243 3435 1362 3479 Plin.
1384 3436 1468 3494 Ep.
1493 3438 1559 3484 10,
1580 3435 1651 3482 79,
1673 3433 1714 3475 2.
1729 3463 1742 3485 ,
1773 3449 1863 3492 quo
1887 3433 1992 3478 loco

1104 3492 1314 3538 nonnulli
1343 3493 1431 3537 hoc
1460 3491 1713 3549 adspernati
1740 3499 1858 3534 sunt.
1919 3491 1990 3534 ln-

1105 3550 1282 3609 geniosa
1305 3558 1368 3594 est
1392 3545 1820 3593 coniecturaSchelii
1841 3562 1981 3601 prae-

1330 3611 1386 3669 R
