2150 4022
179 296 300 385 1204

526 309 594 372 o.
635 305 1194 372 CORNEmUs
1239 294 1670 373 TACITU'S

360 395 374 419 .

175 431 410 493 Venedi
448 437 704 519 multum
746 459 816 504 ex
851 440 1118 508 moribus
1157 451 1479 502 traxerunt.
1563 459 1703 498 nam
1733 441 2029 520 quidquid

173 519 330 578 inter
351 520 643 581 Peucinos
669 522 1022 604 Fennosque
1047 526 1330 584 silvarum
1354 547 1420 583 ac
1448 526 1754 587 montium.
1769 526 2032 601 erigitur,
2086 575 2090 582 s
2133 565 2143 580 ι

174 604 503 665 latrociniis
537 623 862 684 pererrant.

948 609 1014 670 hi
1053 622 1251 669 tamen
1288 611 1446 668 inter
1474 608 1806 668 Germanos
1831 613 2029 688 potius

173 692 544 764 referuntur,
588 695 725 771 quia
759 708 817 754 et
855 697 1063 760 domos
1097 697 1285 770 figunt
1318 709 1373 754 et
1403 707 1567 755 scuta
1597 707 1824 770 gestant
1849 709 1905 754 et
1925 717 2031 774 pe-

175 776 318 834 dum
339 796 452 836 usu
473 798 540 836 ae
562 781 908 857 pernicitate
933 783 1215 857 gaudent:
1247 802 1397 859 quae
1420 781 1622 861 omnia
1646 782 1878 839 diversa
1889 781 2031 841 Sar-

168 995 287 1042 mira
304 997 449 1044 Taciti
473 999 519 1045 in
545 1001 738 1046 dicendo
762 1001 955 1046 brevitas
979 1004 1063 1047 ob-

167 1054 331 1106 tinuit,
370 1065 421 1101 ut
445 1074 582 1103 nemo
606 1067 804 1103 mentem
830 1061 1064 1119 scriptoris

167 1110 450 1173 intelligeret.
533 1116 660 1160 Dicit
709 1126 858 1161 autem
908 1118 1065 1162 sordes

169 1171 378 1221 omnium
427 1188 482 1216 ac
534 1183 769 1231 torporem
818 1191 1065 1242 procerum

166 1229 406 1273 connubiis
426 1229 575 1276 mixtis
596 1232 802 1276 nonnihil
826 1250 874 1275 1n
889 1233 1064 1278 Sarma-

166 1291 315 1331 tarum
334 1286 537 1332 habitum
555 1290 750 1342 foedari,
783 1290 826 1337 h.
852 1307 890 1334 e.
913 1292 1062 1335 sordi-

163 1341 267 1386 dam
290 1348 386 1389 esse
411 1362 595 1390 omnem
619 1347 923 1397 Peucinorum
949 1365 1063 1407 gen-

164 1405 282 1454 tem,
342 1410 572 1461 torpentes
623 1420 862 1462 proceres,
919 1408 1063 1465 iisque

165 1458 401 1512 sordibus,
432 1461 472 1505 ei
496 1462 669 1520 torpori
695 1464 908 1508 accedere
929 1465 1061 1511 aliam

163 1512 427 1561 foeditatem
473 1534 522 1561 ex
558 1519 711 1563 habitu
741 1520 1065 1574 Sarmatarum,

164 1586 217 1614 ex
254 1589 346 1632 quo
386 1575 630 1625 connubiis
670 1577 818 1630 mixtis
855 1579 1064 1624 nonnihil

164 1632 486 1676 contraxerint.
524 1633 666 1687 Addit
686 1633 819 1685 haec,
839 1643 888 1688 ut
912 1653 1063 1680 emen·

165 1686 242 1731 det
265 1704 378 1746 quae
401 1698 506 1734 ante
529 1691 723 1741 dixerat:
754 1700 804 1735 ut
829 1693 1067 1739 Germani

164 1754 325 1799 agunt.
362 1748 568 1800 Scilicet:
590 1756 641 1792 ut
655 1749 886 1794 Germani
897 1759 1061 1806 agunt,

163 1803 251 1847 nisi
311 1806 432 1863 quod
487 1811 655 1854 sordes
703 1810 919 1852 omnium
970 1819 1058 1854 etc.

164 1858 343 1907 Gaudet
377 1862 543 1907 Noster
582 1865 895 1910 audacioribus
935 1868 1056 1910 eius-

162 1919 288 1962 modi
312 1919 635 1966 locutionibus.
655 1946 709 1955 -
743 1923 954 1972 Ceterum
974 1941 1059 1983 pro

164 1977 334 2020 mixtis
373 1978 444 2021 ed.
479 1980 598 2038 Spir.
636 1980 723 2024 fert
759 1983 921 2025 mistis.
996 1981 1058 2027 cf.

165 2043 264 2078 not.
292 2034 348 2078 ad
373 2036 483 2094 Agr.
519 2054 556 2080 c.
585 2038 629 2080 4.
704 2038 817 2082 Edd.
845 2037 1058 2085 Norimb.

164 2091 301 2136 Rom.
319 2094 498 2137 mistos.
560 2094 664 2138 MS.
682 2096 909 2146 Hummel.
935 2098 1059 2145 mix-

166 2156 256 2194 tos.
304 2177 363 2186 -
442 2151 533 2196 Pro
586 2155 799 2197 omnium
853 2155 921 2198 ed.
964 2155 1062 2199 No-

163 2205 300 2250 rimb.
315 2208 445 2253 habet
457 2212 770 2268 omniumque.
786 2236 839 2244 --
852 2211 946 2255 Pro
956 2214 1064 2269 foe·

164 2267 347 2308 dantur
361 2264 547 2311 Crusius
568 2268 616 2311 in
631 2269 826 2314 Probab.
850 2286 916 2315 cr.
938 2270 1063 2328 p.33.

165 2321 436 2368 coniiciebat
473 2324 818 2380 =foederantur,

163 2378 481 2437 adplaudente.

222 2440 392 2481 domos
417 2440 599 2494 figunt.
670 2440 749 2487 Sic
791 2443 894 2487 edd.
941 2444 1062 2502 Lips.

166 2494 289 2546 (inde
318 2496 373 2538 ab
399 2513 520 2541 anno
544 2497 694 2556 1574.)
720 2501 850 2551 Pieh.
877 2500 1063 2546 Gruter.

166 2569 266 2611 sqq.
296 2553 352 2596 ad
379 2553 666 2606 Ernestium,
701 2559 793 2617 ‘qui
828 2559 1064 2610 revocavit

154 2611 353 2668 fingunt
365 2627 389 2653 e
403 2611 528 2655 libris
540 2614 678 2659 MSS.
690 2624 848 2667 etante
863 2617 1061 2675 Lipsium

167 2667 313 2712 editis.
372 2668 459 2713 Sed
483 2671 684 2736 primum
694 2675 877 2732 fingere
899 2679 1068 2722 domos

165 2740 304 2768 nemo
327 2725 457 2771 facile
480 2738 540 2772 ita
563 2730 764 2775 absolute
793 2731 952 2776 dixerit
980 2749 1066 2790 pro

165 2791 349 2826 struere
366 2817 377 2836 ,
406 2788 658 2843 aedificare
681 2792 847 2838 domos
868 2805 931 2832 ex
952 2793 1066 2840 luto.

168 2839 313 2890 Tum,
353 2843 475 2899 quod
509 2845 652 2891 maius
685 2856 780 2898 est,
821 2846 996 2892 Venedi
1018 2847 1066 2891 in

168 2897 254 2941 hac
301 2914 350 2942 re
399 2911 692 2958 opponuntur
741 2905 960 2948 Sarmatis
1018 2907 1067 2948 in

166 2957 388 3010 plaustro
417 2960 692 3013 viventibus,
734 2961 780 3005 h.
801 2979 840 3006 e.
867 2963 971 3006 fixas
993 2978 1064 3005 se-

172 3014 250 3056 des
277 3028 372 3057 non
396 3013 677 3060 habentibus.
747 3019 902 3063 Redeo
930 3019 1068 3077 igitur

171 3070 226 3114 ad
242 3071 523 3117 verissimam
535 3073 670 3131 Lipsii
690 3076 1069 3128 emendationem,

173 3144 260 3173 nec
289 3130 538 3188 quidquam
569 3146 682 3177 curo
716 3143 884 3178 veteres
913 3133 1069 3185 libros,

172 3186 291 3230 inter
315 3202 428 3244 quos
452 3196 582 3242 sunt,
621 3189 697 3245 qui
723 3190 859 3235 simili
881 3207 1069 3259 prorsus

174 3259 330 3288 errore
357 3253 546 3304 peccant
567 3245 658 3291 An.
683 3246 751 3295 13.
774 3247 845 3292 54.
882 3266 929 3294 m
963 3265 1067 3298 ver-

174 3301 270 3347 bisz
298 3303 486 3359 iamque
498 3305 720 3360 fixerant
743 3308 923 3349 domos.

226 3363 402 3414 pedum
421 3376 524 3410 usu.
585 3360 657 3405 De
678 3362 766 3406 hoc
785 3363 887 3407 loco
909 3361 1071 3407 doctis·

173 3417 276 3461 simi
299 3418 383 3467 viri
407 3427 586 3464 nostrae
608 3419 760 3463 aetatis
791 3420 841 3463 in
879 3421 1071 3464 diversas

127 3519 130 3521 ,
209 3484 324 3520 artes
343 3477 558 3525 sentiunt.
590 3479 801 3531 peditum
823 3492 914 3521 usu
938 3477 1072 3523 codd.

233 3532 313 3577 SS.
342 3534 519 3580 Vaticc.
552 3534 685 3579 2964.
718 3544 765 3582 ,et
793 3534 924 3581 4498.
957 3534 1070 3579 Tur.

176 3589 296 3634 Stutt
331 3620 345 3635 .
382 3592 467 3644 ⁴alii
503 3606 586 3643 ue,
637 3592 740 3638 edd.
775 3590 896 3650 Spir.
937 3591 1071 3639 Kath.

179 3646 282 3693 Put.
371 3680 384 3694 .
406 3659 452 3695 et
471 3609 529 3694 ξ’.
552 3665 652 3712 sqq.
682 3650 737 3696 ad
768 3650 991 3710 Lipsium,
1030 3657 1073 3695 et

879 2328 1064 2372 nemine

1136 1002 1255 1046 inter
1306 1001 1578 1047 recentiores
1621 1001 1799 1046 Ernest.
1842 1001 2030 1047 Passov.

1136 1060 1266 1104 Hess.
1312 1059 1400 1104 alii.
1451 1083 1510 1094 —
1581 1063 1757 1115 pedum
1800 1075 1892 1103 usu
1929 1059 2031 1104 edd.

1137 1118 1259 1175 LiPS.
1299 1116 1429 1161 Pich.
1472 1115 1658 1174 Gruter.
1697 1134 1748 1176 sq
1786 1146 1811 1161 .-
1839 1117 1894 1161 ad
1937 1116 2024 1160 Er-

1137 1175 1357 1226 nesfium,
1387 1182 1430 1219 et
1449 1183 1602 1233 postea
1628 1175 1730 1218 edd.
1752 1133 2031 1220 hllcmand.

1135 1234 1313 1276 Broter.
1335 1233 1437 1290 Bip.
1461 1231 1620 1276 Oberl.
1641 1230 2032 1278 Seehod.Bekker.

1135 1290 1336 1334 Walch.
1394 1289 1454 1334 al.
1653 1294 1885 1345 pecudum
1945 1303 2033 1354 usu

1134 1348 1240 1392 MS.
1262 1346 1408 1391 Vatic.
1437 1348 1566 1392 1862.
1589 1356 1633 1391 et
1657 1349 1726 1392 ed.
1750 1345 2032 1391 Parisiensls.

1131 1405 1189 1450 Et
1203 1409 1407 1459 pecudes
1426 1405 1604 1463 quidem
1627 1406 1804 1450 silentio
1827 1403 2032 1448 transibi·

1133 1480 1251 1509 mus.
1299 1463 1387 1506 Sed
1411 1462 1666 1521 quaeritur,
1695 1471 1848 1505 utrum
1871 1460 2030 1520 spretis

1133 1520 1357 1565 veteribus
1382 1520 1504 1563 libris
1519 1520 1652 1578 Lipsii
1668 1519 2029 1571 emendationem

1134 1586 1256 1622 recte
1269 1577 1596 1636 amplectamur
1611 1593 1769 1621 necne.
1788 1576 2030 1621 Passovius

1135 1650 1219 1694 pro
1237 1642 1386 1679 vetere
1405 1635 1627 1694 scriptura
1645 1651 1849 1694 pugnans
1864 1634 1920 1677 ad
1936 1633 1982 1682 h.
1998 1634 2029 1677 l.

1525 1313 1572 1325 -

1115 1692 1288 1737 .scribit
1302 1707 1315 1734 :
1347 1692 1567 1743 „Domos
1589 1692 1928 1736 Germanorum
1953 1706 2030 1748 op·

1132 1751 1260 1808 ponit
1280 1751 1516 1804 plaustris
1538 1751 1843 1795 Sarmatarum
1858 1781 1871 1801 ‚
1894 1749 2032 1805 pedi-

1132 1817 1200 1852 tes
1225 1817 1268 1852 et
1287 1815 1443 1859 scuta,
1480 1807 1682 1866 peditum
1706 1823 1854 1859 arma,
1886 1809 2028 1863 equis,

1129 1865 1293 1924 quibus
1321 1864 1548 1909 Sarmatae
1581 1882 1662 1924 per
1690 1865 1807 1909 bella
1837 1867 2028 1911 uteban-

1130 1933 1222 1966 tur.
1252 1939 1299 1967 ν.
1325 1922 1439 1966 Hist.
1466 1925 1506 1973 1,
1530 1923 1599 1968 79.
1632 1924 1722 1966 An.
1747 1923 1815 1973 12,
1834 1923 1905 1966 29.
1942 1921 2030 1967 Ga-

1162 1979 1276 2023 ernii
1318 1978 1432 2024 Hist.
1475 1989 1566 2023 nat.
1611 1979 1829 2024 German.
1869 1995 1916 2038 p.
1955 1980 2029 2025 33.

1130 1996 1466 2086 Germanorum
1531 2037 1826 2096 praecipuum
1885 2038 2031 2081 robur

1166 2111 1269 2139 enes
1307 2095 1503 2154 peditem
1538 2094 1700 2146 fuisse,
1750 2093 1846 2152 ipse
1882 2105 2034 2141 narrat

1132 2112 1318 2197 ffaeitus
1351 2169 1391 2196 c.
1425 2152 1469 2196 6.
1529 2152 1588 2196 cf.
1617 2151 1702 2196 lul.
1739 2151 1869 2196 Caes.
1894 2153 1947 2197 Β.
1973 2151 2031 2210 G,

1136 2213 1175 2262 1,
1207 2211 1308 2264 48.;
1354 2226 1440 2254 nec
1470 2210 1714 2268 quicquam
1757 2208 2031 2256 difficultatis

1133 2269 1250 2312 inest
1271 2266 1446 2311 verbis:
1482 2270 1696 2323 peditum
1727 2264 1816 2311 zisu
1847 2276 1891 2310 et
1917 2283 2030 2324 per..

1134 2327 1323 2368 m'citate
1341 2328 1549 2378 gaudent
1563 2339 1578 2367 .·
1606 2329 1818 2382 gaudere
1843 2326 1966 2370 enim
1989 2334 2032 2371 et

1135 2382 1365 2426 delectari
1386 2383 1440 2426 de
1464 2381 1627 2426 talibus
1650 2383 1785 2427 rebus
1810 2381 2030 2443 frequen-

1135 2449 1283 2492 tatur,
1338 2455 1452 2498 quae
1493 2438 1541 2482 in
1581 2439 1844 2485 universum
1882 2441 2033 2500 magni

1134 2496 1341 2552 facimus.
1377 2513 1423 2541 v.
1439 2495 1592 2541 Germ.
1607 2513 1645 2541 e.
1664 2497 1732 2542 15.
1757 2495 1870 2540 Wo
1904 2496 2031 2544 kens.

1133 2556 1275 2599 Lectt.
1309 2554 1503 2598 Tullian.
1537 2554 1579 2602 2,
1613 2555 1680 2599 15.
1722 2570 1766 2612 p.
1802 2556 1853 2599 11
1891 2586 1903 2598 .
1971 2556 2032 2602 lis

1138 2629 1272 2665 vero,
1309 2612 1387 2671 qui
1425 2612 1472 2654 in
1503 2611 1707 2669 plaustro
1733 2627 1940 2670 equoque
1963 2614 2031 2657 vi-

1137 2678 1275 2722 vunt,
1313 2685 1406 2714 non
1438 2677 1528 2712 tam
1553 2669 1749 2727 pedum,
1787 2684 1923 2727 quam
1948 2686 2031 2729 pe-

1138 2727 1282 2772 ditum
1315 2743 1422 2770 usus
1462 2734 1505 2769 et
1545 2725 1761 2771 velocitas
1803 2726 2035 2780 abiudica-

1135 2792 1226 2828 tur.
1239 2784 1267 2803 '’
1326 2782 1413 2828 Cui
1437 2781 1691 2841 respondeo
1721 2782 1770 2826 in
1797 2792 1893 2828 toto
1927 2784 2034 2831 loco

1135 2858 1231 2886 non
1264 2854 1358 2885 esse
1393 2856 1648 2884 sermonem
1685 2840 1740 2884 de
1764 2857 1813 2885 re
1836 2841 2035 2894 militari,

1138 2899 1214 2944 sed
1247 2898 1302 2942 de
1334 2898 1460 2941 omni
1483 2897 1668 2943 vivendi
1690 2898 1864 2943 ratione
1886 2898 2034 2945 Vene-

1138 2958 1317 3000 dorum.
1378 2955 1535 3012 Quare
1558 2955 1701 2999 aliena
1724 2955 1832 3000 hinc
1854 2956 2034 3003 videtur

1134 3014 1347 3069 peditum
1382 3012 1573 3057 mentio.
1643 3012 1704 3056 lis
1738 3021 1911 3068 autem,
1988 3016 2034 3061 ui

1138 3072 1185 3115 in
1215 3071 1413 3130 plaustro
1445 3085 1653 3128 equoque
1680 3069 1860 3124 vivunt,
1899 3089 1954 3132 pe
1989 3091 2034 3118 es

1141 3144 1247 3172 sane
1278 3143 1373 3184 non
1411 3126 1751 3178 abiudicantur‚
1790 3136 1835 3173 at
1866 3130 2034 3187 pedum

1140 3201 1247 3229 usus
1272 3185 1390 3228 haud
1415 3184 1564 3228 dubie.
1622 3185 1784 3243 Aptius
1804 3185 1940 3243 igitur
1956 3204 2035 3244 pe·

1140 3246 1255 3286 dum
1291 3256 1404 3286 usus
1435 3258 1572 3302 quam
1595 3243 1814 3298 peditum
1848 3259 1906 3303 op
1940 3246 2036 3290 oni.

1140 3308 1215 3345 tur
1235 3297 1420 3343 illorum
1445 3299 1624 3344 vivendi
1654 3299 1830 3349 rationi.
1935 3303 2037 3347 eni-

1176 3374 1229 3401 ue
1257 3358 1471 3412 peditum
1500 3371 1587 3400 usu
1617 3364 1662 3400 et
1692 3365 1927 3418 propterea
1962 3360 2035 3406 vix

1142 3375 1230 3463 dici
1277 3421 1483 3474 poterant
1523 3417 1762 3469 gaudere,
1810 3414 1917 3475 quia
1950 3417 2037 3478 ipsi

1141 3481 1246 3519 sunt
1288 3471 1474 3530 pedites.
1550 3471 1700 3523 Immo
1733 3476 1910 3528 pedum
1952 3491 2038 3530 usu

1173 3529 1354 3586 audent,
1379 3529 1423 3574 h.
1438 3545 1478 3573 e.
1493 3537 1644 3573 amant
1667 3544 1762 3573 esse
1783 3531 2038 3592 pedites.—

1142 3549 1210 3636 Sit
1241 3587 1469 3633 veteribus
1499 3585 1624 3631 libris
1656 3585 1767 3632 fides
1799 3596 1932 3648 atque
1960 3601 2035 3634 au-

1145 3643 1327 3696 ctoritas
1346 3660 1460 3703 sua,
1497 3642 1573 3688 ubi
1603 3642 1764 3691 idonea
1787 3647 2035 3710 etbmeliora
