2150 4022
335 250 1228 337 IULIIAGRIC.V1'1¹A
1270 223 1728 318 CAP..41.'42.
1832 259 1960 317 203
2023 207 2030 219 ²

104 405 211 463 tas,
252 394 397 449 dum
419 389 678 465 optimus
703 388 953 466 quisque
977 384 1330 443 libertorum
1357 407 1556 444 amore
1581 398 1639 444 et
1655 387 1787 457 fide,
1827 408 1962 463 pes-

105 477 242 535 simi
275 475 639 550 malignitate
683 485 742 531 et
778 473 968 529 livore
1004 491 1262 545 pronum
1305 473 1696 529 deterioribus
1735 473 1964 547 princi-

101 583 239 639 pem
291 560 762 619 exstimulabant.
860 557 942 625 sic
985 551 1265 629 Agricola
1319 557 1496 614 simul
1552 558 1672 615 suis
1725 558 1964 616 virtuti-

103 650 247 718 buS,
319 645 497 702 simul
540 644 702 702 vitiis
747 643 1003 700 aliorum
1047 641 1113 697 in
1155 641 1344 716 ipsam
1387 643 1635 714 gloriam
1688 659 1965 720 praeceps

106 733 406 808 agebatur.

277 840 472 902 XLII.
539 837 766 899 Aderat
823 841 943 896 iam
1000 857 1222 907 ammS,
1308 859 1426 914 quo
1482 842 1967 913 proconsulatum

107 927 285 989 Asiae
322 939 378 984 et
401 925 638 985 Africae
677 926 1018 993 sortiretur,
1074 935 1131 979 et
1166 921 1357 979 occiso
1386 922 1588 981 Civica
1625 947 1818 1001 nuper
1855 948 1966 984 nec

109 1013 424 1090 Agricolae
471 1013 787 1069 consilium
832 1013 1032 1067 deerat
1074 1028 1183 1064 nec
1218 1005 1565 1067 Domitiano
1617 1014 1968 1089 exemplum.

110 1099 404 1158 accessere
452 1099 695 1174 quidam
749 1096 1174 1170 cogitationum
1207 1094 1508 1169 Lprincipis
1568 1096 1775 1170 periti,
1846 1099 1968 1175 qui,

109 1187 379 1244 iturusne
445 1195 592 1240 esset
655 1184 719 1238 in
791 1180 1191 1256 provinciam,
1263 1181 1422 1237 ultro
1475 1174 1819 1253 Agricolam
1873 1184 1971 1239 in-

110 1282 498 1344 terrogarent.
607 1289 673 1325 ac
730 1268 924 1342 primo
988 1264 1276 1322 occultius
1336 1264 1595 1341 quietem
1664 1278 1722 1323 et
1783 1260 1972 1325 otium

112 1357 387 1424 laudare,
463 1374 598 1410 mox
654 1373 894 1427 operam
952 1371 1116 1407 suam
1173 1349 1239 1404 in
1294 1351 1678 1426 adprobanda
1735 1373 1975 1410 excusa-

112 1441 275 1498 tione
307 1440 545 1497 offerre:
601 1449 896 1514 postremo
926 1456 1050 1493 non
1079 1434 1197 1491 iam
1223 1436 1491 1506 obscuri,
1549 1438 1861 1495 suadentes
1892 1439 1974 1495 si-

115 1690 228 1734 sime
250 1687 483 1731 Ernestius
515 1702 782 1740 caesorum3
823 1685 1006 1743 Bipont.

117 1756 160 1791 et
193 1745 350 1805 Engel.
397 1748 634 1796 aliorum;
687 1744 879 1788 Seebod.
919 1746 1009 1785 ho-

116 1819 224 1847 rum
236 1821 252 1856 ‚-
299 1801 525 1847 Beckerus
553 1805 755 1846 istorum
790 1802 856 1845 vel
893 1801 1004 1842 illo-

117 1876 257 1912 rum;
301 1860 550 1904 VValcbius
591 1875 810 1910 reorum,
856 1859 915 1900 V.
947 1858 1009 1901 D.

117 1919 236 1979 apud
258 1917 516 1961 Dronkium
546 1919 776 1972 priorum.
839 1915 1010 1974 Vulga-

117 1986 210 2020 tam
239 1976 305 2018 vix
332 1974 441 2018 ferri
475 1988 604 2032 posse
635 1974 882 2032 perspicio,
921 1990 1013 2019 me·

117 2034 205 2078 lius
228 2032 338 2089 quid
360 2032 628 2075 substituere
654 2047 846 2089 nequeo,
878 2047 1015 2089 quare

119 2089 396 2134 acutioribus
440 2090 667 2146 relinquo,
738 2089 890 2132 Placet
930 2088 1014 2131 im·

117 2148 274 2208 primis
298 2146 571 2191 Grotianum
599 2155 884 2189 ceterorum.

176 2267 290 2306 dum
370 2263 763 2305 exstimulabant.
874 2259 1015 2315 Quod

119 2319 349 2364 Heinrich.
372 2319 427 2362 ad
451 2319 551 2363 Cic.
574 2327 687 2362 orat.
713 2335 796 2376 pro
820 2318 887 2361 M.
910 2317 1016 2360 Tul-

122 2379 184 2422 lio
219 2376 278 2420 fr.
313 2393 357 2435 p.
384 2377 458 2419 76.
494 2377 555 2434 (p.
583 2375 654 2418 25.
688 2392 712 2418 a
745 2375 816 2418 ed.
853 2375 1017 2429 Beier.)

125 2436 327 2478 monuit:
357 2432 623 2485 „Ernestius
641 2463 654 2480 ‚
686 2433 860 2487 quoties
881 2433 927 2475 in
948 2448 1020 2475 ce-

126 2493 232 2535 teris
265 2491 586 2548 scriptoribus,
635 2489 797 2547 quibus
832 2489 1017 2532 edendis

127 2551 243 2592 bene
273 2549 461 2598 meruit,
504 2563 602 2590 eam
634 2547 1018 2590 constructionem

129 2607 228 2663 (int.
261 2609 374 2648 dum
403 2605 605 2658 voculae)
634 2603 834 2647 animum
859 2603 1016 2646 adver-

128 2663 206 2716 tit,
241 2672 316 2707 aut
351 2662 481 2721 plane
521 2670 663 2709 errat,
704 2669 779 2703 aut
815 2660 1020 2703 fluctuat.

131 2721 207 2764 Sic
232 2721 286 2763 ad
309 2721 430 2765 Suet.
447 2719 617 2762 Domit.
641 2721 682 2762 4.
708 2718 760 2761 ad
775 2718 916 2761 Tacit.
932 2719 1021 2760 An.

134 2778 284 2828 13,15.
299 2787 342 2822 et
352 2777 462 2822 Hist.
477 2774 655 2830 3,38.)”
679 2785 722 2818 et
743 2785 898 2818 nostro
919 2774 1022 2818 loco

133 2837 481 2894 comprobatum
507 2849 600 2877 esse
629 2849 723 2876 non
754 2832 1024 2875 mirandum.

132 2891 246 2935 Nam
274 2891 375 2948 quia
397 2890 554 2934 Tacito
590 2891 775 2934 solenne
807 2891 863 2932 sit
892 2905 1025 2946 prae-

134 2965 234 2992 sens
264 2953 378 2991 dum
406 2947 648 3005 particulae
675 2948 885 3004 iungere,
925 2947 968 2992 h.
995 2947 1024 2989 l.

137 3021 317 3064 quoque
349 3005 535 3049 fortasse
569 3005 896 3050 restituendum
933 3020 1027 3047 esse

138 3078 346 3131 praesens
367 3071 542 3129 ternpus
567 3071 712 3120 putat,
738 3078 822 3118 qua
847 3061 1028 3119 quidem

138 3137 185 3163 ln
215 3136 264 3162 re
302 3121 549 3162 adsentitur
583 3118 666 3177 ipsi
692 3118 967 3164 Heinrich.l.
996 3117 1028 3161 l.

140 3177 311 3220 Veram
331 3174 464 3220 ‘illam
497 3177 855 3220 observationem
896 3191 1029 3219 nemo

140 3243 303 3293 negat,
370 3233 446 3277 sed
512 3233 772 3277 citeriorum
835 3233 1027 3291 scripto·

143 3307 246 3336 rum
306 3290 352 3334 in
405 3289 490 3334 hac
548 3306 597 3333 re
656 3289 884 3335 licentiam
948 3291 1034 3332 do-

145 3348 237 3392 cuit
280 3347 552 3405 Wopkens.
596 3346 792 3392 Miscell.
840 3348 1034 3390 Observ.

147 3420 256 3450 nov.
270 3405 325 3450 T.
343 3404 397 3449 11.
452 3404 633 3448 .62.67.
693 3403 807 3447 Vide
834 3404 1037 3455 omnino,

148 3476 261 3561 We
311 3461 365 3505 de
420 3421 507 3506 bac
558 3470 781 3506 structura
836 3462 1039 3520 exposuit

234 3518 347 3563 aleb.
400 3518 635 3563 Emendat.
684 3518 783 3564 Liv.
837 3535 884 3578 p.
939 3519 1036 3561 185.

148 3574 364 3621 Matthiae
408 3576 463 3620 ad
498 3575 596 3621 Cic.
629 3585 739 3620 orat.
783 3593 868 3634 pro
902 3575 1037 3620 Rosc.

1080 1685 1240 1728 Amer.
1273 1699 1315 1728 c.
1345 1685 1418 1728 22.

1081 1759 1125 1801 p.
1155 1740 1256 1785 513.

1140 1824 1253 1869 CAP.
1269 1824 1344 1868 42.
1398 1825 1542 1868 Asiae
1573 1834 1619 1868 et
1638 1826 1844 1882 Africae.
1900 1829 1980 1873 Sic

1081 1890 1174 1927 vet.
1224 1883 1327 1927 cod.
1366 1882 1524 1926 Ursini
1576 1891 1618 1926 et
1661 1884 1760 1928 edd.
1809 1900 1980 1938 omnes,

1084 1950 1260 1999 praeter
1283 1939 1483 1998 Lipsium
1521 1950 1563 1985 et
1594 1941 1867 1995 nemesium,
1900 1944 1980 2001 qui

1086 2013 1180 2041 non
1217 1997 1395 2046 ferunt,
1451 2005 1688 2056 utramque
1718 1999 1855 2043 simul
1896 2001 1985 2044 ali-

1087 2071 1219 2112 quem
1245 2056 1396 2098 sortiri
1422 2057 1637 2114 potuisse,
1660 2057 1797 2114 idque
1824 2067 1984 2102 contra

1085 2128 1235 2156 mores
1258 2112 1488 2156 Romanos
1515 2129 1609 2156 esse
1634 2122 1809 2172 putant.
1871 2115 1984 2160 Cor-

1085 2171 1293 2228 rigebant
1325 2171 1463 2228 igitur
1491 2170 1554 2214 illi
1579 2174 1720 2214 Asiae
1742 2181 1825 2216 aut
1850 2173 1983 2230 Afri-

1087 2243 1196 2284 cae,
1233 2243 1318 2284 qua
1342 2229 1390 2271 in
1411 2244 1462 2271 re
1488 2229 1716 2271 editorum
1743 2230 1893 2274 nullus
1922 2231 1986 2275 eis

1090 2287 1366 2343 obsequutus
1391 2295 1472 2329 est.
1527 2287 1665 2330 Recte
1687 2287 1985 2345 explicuitPi·

1089 2343 1252 2388 chena:
1282 2352 1402 2386 sorte
1430 2343 1621 2395 ducere,
1649 2351 1798 2387 utram
1829 2362 1986 2391 earum

1090 2408 1282 2459 regeret.

1457 1687 1500 1739 §.
1523 1685 1596 1729 91.
1628 1692 1671 1729 et
1700 1684 1976 1732 Ramshorn.

1148 2485 1291 2526 occiso
1319 2484 1485 2527 Civica.
1545 2484 1662 2529 Edd.
1687 2485 1894 2544 autiquae
1915 2503 1989 2532 us-

1090 2557 1177 2598 que
1200 2541 1255 2582 ad
1270 2540 1534 2584 Rhenanam
1551 2542 1723 2586 Ciuica.
1756 2543 1827 2588 De
1852 2561 1903 2588 re
1925 2546 1999 2590 cf.-

1093 2602 1279 2642 Sueton.
1317 2598 1492 2642 Domit.
1539 2615 1580 2643 c.
1614 2603 1684 2645 10.
1730 2606 1991 2657 complures

1092 2662 1333 2699 senatores
1366 2664 1411 2698 et
1445 2658 1495 2698 in
1522 2659 1596 2700 his
1615 2659 1798 2715 aliquot
1818 2676 1989 2703 consu-

1093 2716 1223 2755 lares
1263 2714 1530 2757 interemit:
1587 2716 1645 2757 in-
1671 2717 1990 2772 quibus'Civi-

1095 2786 1198 2814 cam
1224 2769 1466 2813 Cerealem
1497 2774 1545 2814 in
1583 2773 1682 2826 ipso
1705 2775 1848 2817 Asiae
1871 2791 1992 2831 pro-

1095 2829 1350 2872 consulatu.
1422 2827 1523 2884 Qua
1559 2830 1740 2887 quidem
1772 2848 1821 2874 ex
1853 2834 1992 2878 caede

1096 2886 1338 2943 Agricolae
1375 2887 1617 2930 consilium
1653 2904 1746 2931 esse
1787 2889 1993 2942 debebat,

1098 2941 1338 2986 recusandi
1369 2945 1681 3001 provinciatim
1727 2946 1993 2994 Domitiano

1100 3001 1377 3058 exemplum,
1439 3001 1564 3059 quod
1614 3013 1902 3062 sequeretur,
1956 3009 1995 3052 si

1100 3058 1265 3101 adisset
1292 3057 1572 3115 provinciam
1598 3061 1689 3104 ille.

1159 3143 1393 3186 occultius.
1451 3142 1565 3186 Edd.
1599 3144 1699 3188 Put.
1722 3143 1881 3190 Vener.
1913 3147 1995 3191 Be·

1103 3198 1247 3242 roald.
1284 3200 1387 3243 Riv.
1418 3201 1516 3243 Alc.
1552 3204 1778 3258 occultus,
1828 3207 1997 3250 rectius

1104 3257 1217 3299 illud
1241 3258 1440 3315 reposuit
1462 3258 1716 3305 Rhenanus.

1164 3355 1258 3384 non
1301 3342 1400 3384 iam
1444 3343 1638 3385 obscuri.
1711 3342 1814 3387 MS.
1850 3342 2000 3393 Vatic-

1109 3398 1237 3445 3429.
1273 3398 1376 3442 edd.
1405 3400 1609 3457 antiquae
1642 3401 1697 3442 ad
1729 3400 1998 3447 Rhenanum

1108 3470 1204 3498 non
1235 3464 1334 3499 tam
1365 3457 1570 3508 obscuri,
1605 3457 1727 3514 quod
1759 3471 2001 3514 praeeunte

1110 3513 1402 3558 Doederlein.
1437 3516 1539 3557 Act.
1575 3514 1792 3572 philolog.
1816 3516 2000 3562 Monac.

1110 3586 1212 3630 pag.
1234 3571 1335 3617 382.
1369 3580 1697 3619 revocaverunt
1719 3572 1897 3620 Dronk.
1919 3575 2002 3619 Be-
