2150 4022
1428 59 1445 92 1
1486 56 1490 62 ,

426 242 676 322 lumi
718 249 1041 317 Acme.
1079 253 1317 315 vl‘rA
1358 258 1687 320 CAP431.
1864 205 1983 323 179

132 436 168 467 ‚‚
186 414 251 451 ac
274 390 592 467 paludibus
618 386 990 466 emuniendis
1018 386 1262 443 verbera
1303 387 1460 445 inter
1494 406 1563 446 ‘ac
1599 391 1983 469 contumelias

131 487 506 552 „contet-unt.
614 484 749 530 nata
807 470 1075 528 servituti
1124 472 1419 545 mancipia
1481 474 1660 540 semel
1706 489 1983 547 veneunt,

134 556 354 639 „atque
401 561 558 617 ultro
602 579 634 614 a
676 559 933 615 dominis
974 556 1240 612 aluntur:
1295 554 1608 616 Britannia
1642 561 1984 618 servitutem

134 667 343 720 „suam
387 644 651 721 quotidie
695 643 868 713 emit,
912 641 1176 718 quotidie
1216 644 1416 714 pascit.
1503 664 1567 700 ac
1606 645 1756 702 sicut
1792 647 1858 704 in
1896 648 1987 703 fa-

134 733 343 805 „milia
382 728 815 787 recentissimus
856 728 1102 804 quisque
1139 746 1441 782 servorum
1474 740 1528 784 et
1557 731 1852 787 conservis
1890 733 1987 789 lu-

137 817 379 889 „dibrio
410 826 518 871 est:
562 814 643 870 sic
682 814 745 868 in
785 809 897 870 hoc
939 812 1099 868 orbis
1131 822 1421 867 terrarum
1464 825 1656 869 vetere
1703 817 1991 874 famulatu

137 900 330 974 „novi
371 921 478 956 nos
515 911 572 956 et:
606 899 752 972 viles
790 899 854 954 in
893 897 1182 954 excidium
1225 896 1499 970 petimur.
1598 919 1788 976 neque
1830 903 1989 958 enim

136 1008 322 1059 „arva
354 986 528 1042 nobis
571 996 672 1041 aut
707 984 940 1041 metalla
979 995 1079 1039 aut
1114 992 1320 1056 portus
1359 993 1525 1050 sunt,
1570 985 1786 1058 quibus
1824 1007 1992 1044 exer·-

135 1073 382 1145 „cendis
425 1088 807 1128 reservemur.
889 1067 1075 1124 virtus
1114 1088 1291 1142 porro
1332 1087 1397 1123 ac
1435 1068 1652 1124 ferocia
1698 1066 1991 1129 subiectoss

139 1179 318 1230 „rum
357 1157 583 1229 ingrata
626 1154 1082 1229 imperantibus:
1151 1163 1207 1208 et
1249 1152 1661 1228 longinquitas
1691 1175 1756 1211 ac
1804 1177 1993 1213 secre-

141 1255 315 1314 „tum
342 1243 534 1317 ipsum
564 1258 679 1316 quo
709 1239 923 1306 tutiuS‚
968 1259 1033 1294 eo
1065 1237 1404 1313 suspectius.
1493 1237 1582 1295 Ita
1618 1237 1847 1298 sublata
1892 1262 1991 1317 spe

138 1327 399 1400 „veniae
448 1327 685 1383 tandem
738 1324 952 1380 sumite
1021 1323 1324 1391 animum,
1389 1333 1512 1379 tam·
1557 1325 1774 1401 quibus
1819 1327 1995 1398 salus,

140 1430 362 1491 „quam
401 1411 616 1488 quibus
654 1409 837 1484 gloria
882 1409 1179 1466 carissima
1220 1418 1322 1468 est.
1420 1406 1730 1483 Brigantes
1775 1408 1993 1471 femina

1106 1664 1166 1709 cf.
1190 1665 1303 1709 Hist.
1330 1666 1368 1717 5,
1388 1666 1460 1710 29.
1493 1667 1704 1709 insulam
1737 1668 1858 1710 inter
1883 1669 2002 1713 Ger.

1106 1738 1389 1778 treanosque;
1440 1725 1531 1767 An.
1558 1722 1597 1771 4,
1622 1725 1694 1767 69.
1725 1733 1898 1769 tectum
1929 1730 1999 1768 in-

141 1688 240 1714 ram
263 1668 489 1727 aptissime
514 1684 688 1711 mecum
716 1682 911 1724 repone,
945 1681 1033 1708 una

140 1726 458 1773 tantummodo
483 1725 692 1776 litterula,
721 1740 854 1782 quam
881 1737 1034 1765 annus

143 1787 409 1829 vocabulum
431 1783 724 1841 absorpserat,
753 1781 926 1824 addita:
961 1785 1032 1823 bo·

143 1859 207 1886 na
237 1843 554 1898 fortunaeque
588 1842 637 1883 in
673 1840 900 1882 tributum
942 1854 1033 1891 ag—

142 1909 326 1955 get-ata,
350 1913 502 1942 annus
523 1899 568 1939 in
580 1898 906 1953 frumentum.
941 1901 1035 1937 An-

142 1971 236 2003 nus
262 1957 316 2000 de
339 1963 557 2015 proventu
586 1955 690 1998 anni
709 1952 913 2010 usurpari
935 1960 1036 2010 post

144 2019 182 2063 I.
198 2015 275 2058 Fr.
299 2014 503 2058 Gronov.
521 2011 738 2055 Observv.
770 2012 803 2061 l,
819 2012 861 2054 2.
889 2012 950 2067 [ρ.
969 2010 1035 2052 19.

145 2077 219 2120 ed·
250 2069 478 2124 Frotsch.]
525 2078 568 2112 et
613 2068 848 2112 Ruhnken.
894 2067 1033 2124 praes.

143 2134 224 2177 lex.
255 2128 468 2174 scheller.
492 2127 646 2170 docuit
680 2137 723 2170 et
755 2126 918 2184 probat
941 2124 1034 2166 Ta·

145 2190 220 2235 cit.
254 2187 310 2230 de
343 2186 502 2230 Germ.
538 2201 575 2229 c.
599 2185 642 2228 4.
677 2199 819 2227 arare
851 2192 1033 2225 terram

144 2254 228 2292 aut
258 2251 534 2299 exspectare
557 2257 758 2286 annum.
819 2239 1034 2298 Calgacus

146 2306 284 2362 igitur
315 2310 556 2360 postquam
586 2300 691 2342 dixit
726 2299 780 2341 de
807 2298 957 2340 liberis
984 2313 1035 2340 ac

147 2359 438 2421 propinquis,
483 2357 536 2399 de
568 2357 835 2413 coniugibus
871 2372 923 2397 ae
955 2371 1032 2396 so·-

146 2418 352 2467 roribus,
395 2413 536 2473 pergit
566 2413 620 2456 ad
651 2414 770 2455 bona
802 2414 1034 2455 fortunas-

149 2476 265 2535 que,‘
307 2472 598 2531 queriturque
632 2485 682 2513 ea
712 2478 917 2527 aggerata
947 2470 973 2511 i.
999 2486 1036 2511 e.

150 2539 408 2578 coacervata
443 2530 490 2571 in
521 2527 763 2575 tributum,
804 2542 972 2569 annum
1006 2525 1035 2570 i.

149 2608 189 2635 e.
219 2603 411 2633 messem
452 2587 499 2628 in
526 2585 821 2628 frumentum.
883 2582 1039 2627 Utitur

149 2664 254 2692 vero
300 2645 492 2703 scriptor
535 2643 773 2700 praeterito
818 2650 1038 2697 ternpore,

149 2704 251 2764 quia
282 2704 399 2746 bona
433 2701 606 2759 pridem
642 2701 868 2744 cumulata
894 2715 916 2740 a
942 2699 1040 2740 Ro-

149 2761 292 2806 manis
317 2760 592 2803 tributorum
626 2758 810 2800 nomine
837 2756 1038 2813 eripiun-

149 2829 248 2870 tur,
279 2818 508 2860 frumenta
534 2830 643 2860 vero
669 2831 717 2857 ex
742 2814 916 2858 horreis
937 2812 1040 2855 hau·

151 2877 332 2920 riuntur
366 2873 454 2927 (ef.
488 2888 584 2930 cap.
623 2872 734 2925 19.).
830 2871 1039 2914 Ceterum

152 2941 260 2978 nota
290 2946 541 2992 synonyma
570 2931 689 2972 bona
712 2929 1044 2986 fortunaeque,

156 2990 215 3036 cf.
242 2989 376 3034 Roth.
401 2988 430 3032 l.
460 2989 488 3031 Ι.
515 3003 557 3045 p.
581 2988 646 3030 11.
683 2995 725 3029 et
750 2986 897 3031 Cicer.
926 2994 1039 3027 orat.

156 3064 241 3106 pro
266 3047 396 3090 Rose.
423 3046 574 3090 Amer.
601 3043 643 3095 3,
663 3044 704 3088 8.
726 3047 922 3099 pecunia
935 3042 1041 3097 sor·

157 3106 365 3160 lanisque
422 3103 600 3144 nostris·
649 3110 914 3154 contentus,
980 3099 1041 3141 id.

155 3161 348 3220 Philipp.
383 3162 449 3215 11,
476 3160 518 3203 5.
549 3160 873 3214 possessiones
904 3165 1043 3213 atque

143 3220 391 3277 fortuna-5.

211 3290 406 3331 verbera
456 3289 574 3328 inter
623 3302 677 3328 ac
726 3287 1044 3327 contumelias.

157 3345 270 3389 Edd.
299 3344 506 3401 antiquae
537 3352 638 3386 ante
662 3342 887 3385 Rhemum
921 3345 1048 3385 silvis

161 3417 218 3444 ao
248 3405 497 3455 paludibus
533 3403 726 3449 verbera
757 3400 1046 3442 emuniendis

163 3462 281 3502 inter
311 3475 364 3501 ac
396 3466 594 3501 contum.
612 3491 623 3508 ,
659 3473 769 3513 quae
797 3458 1044 3499 verborum

163 3516 503 3573 transpositione
538 3515 583 3557 in
618 3513 882 3572 scripturam
914 3512 1046 3557 hodie

165 3571 383 3628 vulgatam
407 3573 591 3617 mutavit
607 3570 858 3615 Rhenanus.
895 3570 1048 3615 Recte.

1106 1788 1178 1822 ter
1214 1788 1258 1823 et
1289 1783 1568 1836 laquearia5
1611 1783 1700 1825 An.
1727 1783 1770 1830 4,
1797 1784 1839 1824 5.
1866 1784 2000 1827 Mase-

1104 1854 1218 1880 num
1250 1842 1378 1891 apud
1399 1847 1445 1880 et
1465 1839 1770 1886 Ravennam,-
1799 1839 1910 1886 ibid.
1933 1843 2002 1892 13,

1111 1896 1163 1937 12
1214 1910 1363 1938 uxore
1382 1898 1440 1937 ab
1468 1896 1675 1938 Octavia.
1735 1898 1833 1941 MS.
1854 1894 1999 1943 Vatic.

1106 1953 1440 2007 3429.(Broter.
1470 1962 1591 2004 teste,
1617 1954 1824 1998 Dronkio
1853 1962 2000 2001 tamen

1107 2010 1216 2053 nihil
1250 2011 1305 2052 de
1338 2011 1636 2068 discrepantia
1670 2012 1884 2069 innotuit)
1922 2015 2000 2056 in-

1108 2076 1178 2110 ter
1212 2069 1407 2110 verbera
1442 2085 1496 2110 ac
1519 2072 1850 2124 contumelias,
1912 2073 2002 2116 uod

1107 2125 1417 2225 piraeuflerunt
1430 2087 1999 2174 Broteaseehodssessker.

1150 2200 1197 2225 er
1221 2200 1242 2226 e
1266 2215 1278 2226 .

1163 2263 1209 2298 et
1242 2259 1485 2299 conserm's.
1557 2257 1658 2300 MS.
1686 2257 1830 2301 Vatic.
1874 2258 2002 2303 3429.

1108 2321 1151 2356 ct
1183 2313 1292 2361 in-de
1321 2313 1421 2356 edd.
1447 2313 1631 2357 Becker.
1657 2314 1822 2357 Hertel.
1856 2319 2001 2358 etiam

1107 2372 1364 2417 conservis.
1399 2372 1522 2429 quod
1551 2388 1599 2413 ex
1626 2373 2000 2429 interpretamen-

1107 2436 1156 2471 to
1181 2435 1334 2470 ortum
1360 2438 1555 2484 apparet.

1167 2512 1302 2540 arva.
1363 2497 1442 2541 Sic
1465 2499 1564 2543 MS.
1579 2499 1724 2544 Vatic.
1747 2499 1876 2544 3429.
1905 2500 2005 2545 edd.

1109 2554 1314 2597 Rhenan.
1336 2571 1432 2612 sqq.
1451 2588 1463 2606 ,
1497 2558 1617 2612 quod
1641 2572 1721 2600 cur
1745 2567 2003 2615 suspectum

1110 2611 1246 2655 fuerit
1256 2612 1477 2656 Pichenae
1491 2614 1544 2656 de
1562 2630 1795 2658 armorum
1811 2614 2005 2659 officinis

1112 2670 1325 2727 cogitanti
1378 2671 1551 2715 nescio.
1648 2672 1769 2716 Ante
1822 2673 2001 2716 Rhena-

1113 2741 1225 2769 num
1273 2726 1486 2770 edebatur
1537 2744 1694 2773 arma.
1803 2729 1890 2773 Sed
1942 2731 2004 2773 cf.

1115 2783 1242 2827 Caes.
1278 2783 1392 2827 Bell.
1426 2785 1543 2829 Gall.
1570 2786 1615 2838 5,
1649 2788 1716 2831 14.
1760 2787 2007 2830 interiores

1106 2843 1316 2898 plerique
1325 2842 1580 2897 frumenta
1604 2860 1697 2887 non
1717 2853 1896 2894 serunt,
1923 2849 2008 2888 sed

1111 2904 1234 2943 lacte
1261 2905 1305 2940 et
1324 2914 1464 2941 carne
1484 2903 1654 2951 vivunt,

1167 2975 1251 3011 aut
1272 2976 1461 3021 portus.
1521 2961 2006 3029 Walchins⁴explicat=

1113 3041 1296 3081 „neque
1323 3035 1511 3125 (portus,
1558 3028 2008 3085 quorumstreditibus

1114 3083 1315 3126 redimen
1354 3084 1388 3125 is
1436 3086 1778 3129 reservemur.”
1856 3087 2006 3128 lrnmo

1115 3148 1272 3198 portus
1313 3151 1575 3184 exercentur
1619 3143 1831 3195 navibus,
1870 3157 2008 3200 quare

1113 3198 1341 3253 portubus
1368 3199 1645 3242 exercendis
1680 3202 1920 3243 reservari
1954 3199 2008 3242 ad

1116 3255 1341 3309 remigum
1381 3255 1583 3299 laborem
1623 3258 1780 3300 referri
1838 3255 2009 3305 malim,

1119 3313 1370 3356 Schefferus
1405 3311 1451 3355 in
1488 3314 1614 3372 epist.
1647 3314 1701 3357 ad
1738 3313 1837 3357 Nic.
1873 3312 2008 3355 Hein-

1118 3371 1234 3414 sium
1260 3369 1392 3413 inissa
1419 3371 1686 3422 (Burmann.
1707 3372 1866 3430 syllog.
1894 3365 2010 3415 'RV-

1117 3444 1159 3485 p.
1174 3429 1246 3486 x5.)
1267 3427 1522 3483 corrigebat
1538 3435 1720 3483 pastus.

1176 3511 1444 3564 Brigantes.
1504 3510 1579 3553 Sic
1600 3511 1699 3554 MS.
1715 3509 1860 3556 Vatic.
1877 3510 2007 3555 3429.

1118 3575 1161 3611 et
1206 3567 1311 3610 edd.
1358 3577 1459 3611 ante
1492 3568 1746 3614 Broterium
1790 3577 1831 3611 et
1864 3569 2011 3612 Erne⁴

1210 3628 1362 3685 Me
