2150 4022
1813 157 1851 201 ι
1952 144 2031 267 η’.

202 269 269 311 w
828 251 1422 326 PRAEFATIO.

204 386 376 461 quod.
403 386 598 442 denuo
641 376 925 440 instituta*
949 387 1308 461 comparatio
1352 388 1607 446 edocuit.
1695 388 1812 446 Sed
1846 390 2053 451 nolue-

200 492 343 538 runt
379 478 779 541 honestissimi
814 483 1210 558 redemptores
1248 504 1426 559 opus,
1479 485 1938 559 intelligentium
1963 486 2054 543 vi·-

202 600 404 636 rorum
453 580 868 637 communibus
920 581 1198 638 laudibus
1248 596 1551 660 exceptum
1601 581 1811 662 (vide,
1865 598 1932 643 ut
1981 588 2055 643 de

198 676 404 734 multis
454 697 667 751 paucas
719 679 1009 746 adferam,
1076 698 1351 734 censuras
1397 679 1493 736 Al.
1534 679 1945 756 Capellmanni
1990 684 2054 739 in

201 769 421 832 Annal.
450 774 576 833 crit.
603 773 798 833 Berol.
825 775 968 830 anni
999 775 1183 841 1331.
1227 797 1317 836 nr.
1343 777 1442 838 37.
1471 779 1682 838 -38-39.
1709 792 1762 837 et
1781 775 2055 856 Theoph.

200 868 575 946 Kiesslingii‚
620 874 735 930 viri
767 876 840 930 de
871 874 1066 931 Taciti
1091 875 1321 949 scriptis
1350 896 1540 950 nuper
1561 878 1953 947 meritissimi,
1990 879 2055 934 in

200 970 420 1027 Diariis
458 972 699 1030 litterar.
741 970 984 1031 HalenS.
1038 972 1301 1029 eiusdem
1348 974 1493 1029 anni
1536 995 1629 1034 nr.
1658 969 1770 1034 ¹85.
1812 987 1869 1033 et
1908 974 2058 1054 86.),

201 1065 546 1126 inchoatum
596 1070 884 1145 relinqui,
956 1070 1196 1145 eiusque
1250 1071 1600 1126 absolvendi
1638 1072 1942 1146 negotium
1981 1073 2058 1128 ad

200 1187 294 1223 me
319 1167 675 1225 detulerunt.
759 1164 965 1237 ¹Quare
995 1166 1264 1241 quamvis
1291 1167 1555 1224 animum
1596 1188 1797 1225 meum
1834 1167 2057 1227 sollici-

200 1267 344 1323 tudo
372 1266 656 1342 quaedam
686 1284 810 1319 non
838 1264 1086 1319 minima
1114 1275 1346 1339 caperet
1364 1309 1376 1332 ‚
1438 1266 1739 1341 quomodo
1765 1285 1868 1338 ego
1899 1263 2062 1322 scili-.

147 1368 149 1370 ’
201 1378 292 1424 cet
326 1366 390 1422 in
427 1362 540 1423 hoc
575 1384 783 1438 genere
811 1385 1021 1438 parum
1054 1364 1400 1420 exercitatus
1432 1375 1552 1420 tam
1584 1360 2059 1442 honorificentis-

202 1466 351 1521 simo
394 1463 660 1520 virorum
705 1460 1068 1535 optimorum
1104 1459 1327 1516 iudicio
1371 1480 1547 1536 quam
1586 1460 1773 1536 ipsius
1817 1450 2061 1516 editoris

200 1560 425 1618 mortui
463 1557 726 1615 consiliis
769 1556 1187 1626 satisfacerem,
1256 1568 1454 1614 tamen
1494 1557 1614 1614 illis
1654 1558 1853 1613 deesse
1891 1556 2062 1612 nole-

200 1661 358 1718 bam.
470 1655 540 1713 In
589 1677 706 1733 quo
760 1654 878 1710 iam
931 1655 1078 1711 illud
1132 1655 1529 1731 maximopere
1576 1637 2061 1735 conquerendum

125 1813 130 1815 a
204 1767 320 1826 est,
391 1755 551 1832 quod
592 1748 953 1809 scholasticis
994 1754 1246 1826 negotiis
1282 1755 1594 1811 distractus
1645 1753 1844 1813 animo
1893 1773 2061 1830 saepe

202 1854 276 1910 ad
304 1851 660 1909 alienissima
688 1861 928 1906 avocato
957 1851 1205 1927 aliisque
1231 1852 1667 1928 impedimentis
1689 1848 1851 1910 haud
1872 1851 2062 1908 levio-

203 1953 369 2009 ribus
422 1946 888 2018 circumventuQ
963 1949 1231 2025 quamvis
1273 1961 1507 2006 strenue
1554 1969 1702 2025 opus
1742 1969 1961 2029 urgens
2006 1959 2063 2007 et

203 2070 412 2118 omne,
479 2049 639 2125 quod
680 2067 1019 2104 concessum
1065 2059 1218 2116 erat,
1283 2047 1469 2104 otium
1511 2042 1650 2104 huic
1694 2040 2078 2122 impendeng

205 2148 368 2224 prius
406 2158 702 2222 pertexere
737 2146 914 2202 telam
956 2167 1080 2201 non
1119 2146 1304 2221 potui.
1389 2145 1636 2204 Utinam
1675 2146 1855 2220 igitur
1893 2166 2059 2203 mora
2095 2136 2097 2147 ¹

206 2236 620 2327 compensetur
671 2247 1228 2305 commentariorum
1278 2247 1661 2322 praestantia3
1731 2246 1796 2301 in
1845 2245 2060 2324 quibus

207 2349 590 2408 conficiendis
619 2347 889 2420 religiose
921 2324 1075 2403 hanc
1101 2343 1252 2402 mihi
1281 2348 1573 2423 ponebam
1605 2347 1827 2420 legem,
1869 2356 1937 2402 ut
1963 2346 2062 2401 ni-

207 2450 298 2509 hil
322 2454 393 2507 de
422 2448 662 2506 editoris
691 2448 956 2515 consilin,
987 2448 1179 2524 quode
1203 2448 1264 2502 in
1290 2448 1470 2522 praef.
1498 2445 1615 2504 vol.
1631 2443 1676 2504 I.
1701 2465 1758 2520 p.
1777 2442 2059 2503 XXXIX.

210 2570 335 2626 sqq.
376 2556 753 2623 exposuerat²
808 2545 1167 2601 decederem.
1257 2539 1483 2600 Addidi
1523 2559 1824 2596 recensum
1859 2560 2059 2617 earum

210 2650 479 2706 codicum
509 2629 996 2703 Florentinorum
1039 2626 1358 2716 lectionum
1378 2686 1395 2709 ‚
1450 2638 1667 2716 quibus
1696 2635 1909 2694 Furiae
1939 2636 2061 2694 col—

209 2724 355 2805 latio
393 2746 458 2800 in
495 2743 662 2800 Imm.
686 2741 942 2798 Bekkeri
983 2762 1151 2798 usum
1192 2740 1457 2811 instituta
1497 2759 1529 2794 a
1556 2735 1899 2794 Victoriana
1938 2737 2060 2793 dis-

214 2859 441 2921 crepat,
512 2863 636 2899 non
665 2843 790 2897 sine
818 2863 916 2917 spe
943 2843 1080 2897 inde
1114 2852 1249 2897 nata
1276 2842 1401 2896 sore
1428 2843 1497 2896 'ut
1531 2837 1646 2893 viri
1687 2837 1874 2915 docti,
1924 2837 2059 2915 qui-

212 2938 653 3003 bus'thesauros
679 2939 994 2994 litterarios
1010 2937 1386 2994 Florentinos
1410 2936 1571 2993 adire
1597 2933 1938 3007 contigerit,
1982 2936 2057 2990 ad

211 3038 740 3116 praestantissimos
772 3036 958 3092 libros
994 3038 1187 3091 denuo
1227 3027 1602 3092 excutiendos
1641 3031 1978 3115 incitentur.
1995 3026 2056 3106 ¹²)

211 3138 517 3213 Denique,
566 3145 631 3190 ut
667 3132 970 3209 promissis
997 3144 1208 3189 starem
1236 3152 1266 3187 a
1300 3127 1625 3188 Walthero
1663 3129 1840 3215 praef.
1868 3129 1986 3189 vol.
2014 3124 2057 3184 Ι.

271 3387 319 3442 *)
352 3387 475 3438 Dum
510 3381 619 3424 baec
644 3377 794 3421 scribo
810 3409 823 3430 ,
865 3377 919 3419 ad
945 3393 1015 3420 me
1040 3377 1184 3420 fertur
1208 3376 1471 3420 Lectionum
1497 3371 1806 3418 Tacitinarum
1829 3373 2055 3432 specimen

327 3454 512 3498 tertium
563 3449 618 3493 ab
673 3449 789 3505 Aug.
845 3446 1088 3491 Wissowa
1152 3447 1460 3504 conscriptum
1523 3453 1565 3488 et
1617 3443 1871 3489 Ratiboriae
1938 3460 2056 3491 anno

326 3519 729 3568 MDCCCXXXH.
760 3519 954 3568 editum,
985 3520 1060 3561 ubi
1083 3521 1161 3562 Fr.
1187 3518 1454 3562 Passovium
1481 3533 1645 3561 novam
1672 3516 1959 3561 collationem
1983 3517 2057 3560 in·-

331 3595 590 3639 nimiarum
615 3606 730 3636 esse.
767 3591 801 3632 si
828 3591 1006 3647 qnando
1035 3591 1199 3634 ltaliam
1223 3590 1343 3633 adire
1369 3590 1587 3642 licuisset,
1619 3587 1889 3648 promissum
1917 3598 1994 3632 ost.
