2150 4022
225 289 343 350 164
453 285 693 348 IULII
739 281 1063 345 AGRIG.
1103 280 1343 343 VITA
1385 276 1844 345 CAR-2425.

159 465 162 469 .
222 421 419 479 nebat.

505 435 675 490 saepe
715 434 782 470 ex
819 433 888 470 eo
922 413 1156 483 audivi,
1206 412 1438 486 legione
1461 432 1582 470 una
1609 422 1668 471 et
1691 409 1942 469 modicis
1973 421 2079 471 au-

220 505 379 562 xiliis
443 499 730 558 debellari
783 498 1155 577 obtinerique
1199 495 1552 555 Hiberniam
1606 516 1794 572 posse.
1826 502 1839 513 ’“
1901 488 2082 572 idque

225 591 400 646 etiam
427 588 704 643 adversus
720 582 1093 640 Britanniam
1119 585 1493 658 profuturum
1513 628 1529 651 ,
1575 580 1625 637 si
1647 580 1922 640 Romana
1942 579 2082 636 uhi-

225 695 338 751 que
368 689 528 730 arma
548 718 563 740 ‚
609 683 664 727 et
691 670 852 726 velut
884 690 914 734 e
945 680 1258 743 conspectu
1288 668 1532 724 libertas
1559 667 1887 726 tolleretur.

393 782 586 842 XXV.
627 780 902 839 Ceterum
932 777 1176 863 aestate,
1227 800 1343 856 qua
1379 789 1605 835 sextum
1643 776 1824 834 officii
1855 796 2081 833 annum

224 866 572 937 inchoabat,
643 867 945 942 amplexus
997 865 1261 922 civitates
1311 875 1474 921 trans
1520 861 1872 921 Bodotriam
1925 861 2083 930 sitas,

223 1083 368 1128 maior
387 1098 520 1142 quam
540 1097 588 1124 re
614 1095 715 1122 vera
738 1087 828 1131 est;
858 1078 967 1123 ibid.
993 1075 1117 1122 d.38.

221 1149 377 1185 cetera
412 1143 459 1183 in
491 1140 644 1181 maius
689 1140 775 1192 (sc.
814 1137 1112 1192 nuntiantur),

220 1201 264 1244 h.
289 1216 327 1243 e.
355 1208 499 1242 cetera
522 1196 694 1239 maiora
720 1210 812 1237 esse
838 1195 1117 1237 nuntiantur.

223 1258 320 1300 Nee
368 1269 743 1313 supervacaneum
790 1251 964 1294 videtur
1010 1268 1116 1294 mo-

223 1330 357 1363 nere,
389 1330 444 1356 ne
467 1312 564 1369 quis
591 1311 776 1367 cogitet,
815 1309 1115 1366 negotiatores

220 1373 268 1415 in
293 1371 456 1414 melius
483 1369 750 1426 cognovisse
772 1366 916 1409 aditus
939 1375 1114 1421 portus·

221 1446 339 1486 que,
382 1430 522 1470 immo
555 1442 634 1483 per
664 1440 766 1474 eOS,
803 1424 910 1467 dicit
937 1425 1116 1482 Noster,

219 1486 438 1530 Romanis
484 1485 530 1526 in
574 1481 733 1524 melius
779 1481 947 1539 cogniti
996 1489 1115 1524 sunt.

220 1545 466 1589 Nostrumz
507 1541 574 1583 sie
603 1540 707 1581 sind
731 1540 1015 1580 riilzmlt'cher
1037 1542 1116 1581 be-

221 1604 373 1646 kannt
395 1601 662 1654 geworden.

274 1700 415 1740 saepe
451 1698 515 1726 ex
550 1697 603 1724 eo
634 1682 808 1724 audivi.
882 1681 996 1724 Sunt
1038 1681 1116 1739 qui

221 1760 285 1789 ex
308 1758 362 1788 eo
385 1741 589 1785 referunt
615 1738 668 1781 ad
692 1740 912 1795 regulum,
943 1748 986 1782 et
1010 1738 1114 1781 inde

218 1801 427 1846 Tacitum
451 1800 498 1841 in
522 1796 752 1840 Britannia
774 1797 967 1839 adfuisse
989 1795 1116 1839 colli-

221 1868 358 1919 gunt,
396 1864 445 1900 ut
473 1854 732 1905 Passovius,
764 1852 818 1897 V.
844 1854 905 1897 D.
931 1854 977 1896 in
1005 1855 1117 1897 See-

219 1916 327 1962 bod.
365 1915 473 1958 bibl.
506 1912 605 1956 crit.
649 1929 688 1955 a.
726 1912 849 1955 1824.
891 1928 934 1969 p.
973 1912 1116 1959 1380„

220 1973 410 2018 Becker.
436 1989 479 2030 p.
502 1969 624 2014 th.
648 1968 737 2011 alii.
796 1969 884 2012 Sed
910 1985 961 2010 ex
985 1969 1115 2026 Agri·

222 2032 322 2076 cola
341 2031 550 2073 Tacitum
573 2026 794 2070 audivisse
819 2027 982 2069 rectius
1005 2041 1115 2069 cen-

221 2097 320 2134 sent
343 2087 431 2130 alii.
492 2085 605 2127 Nam
641 2084 675 2126 si
712 2084 766 2125 ‹le
798 2084 953 2140 regulo
988 2084 1115 2140 cogi-

219 2147 303 2192 tari
345 2143 560 2190 voluisset
592 2141 782 2190 Noster,
832 2143 1118 2184 commodius

220 2211 316 2249 erat
360 2202 558 2248 scribere
610 2214 673 2241 ex
715 2213 806 2253 quo
848 2212 888 2242 S.
934 2200 1114 2241 audivi.

222 2262 302 2305 Ex
345 2274 400 2303 eo
445 2261 500 2302 ad
543 2256 846 2299 antecedentis
898 2255 1115 2299 enuntiati

221 2318 476 2364 subiectum
502 2315 747 2372 respicere,
777 2330 826 2355 ex
849 2329 899 2356 co
920 2323 1117 2371 apparet,

223 2375 345 2436 quod
377 2390 471 2430 seq.
509 2371 663 2428 capitis
711 2370 838 2413 initio
874 2371 1116 2427 Agricolae

221 2440 392 2478 nomen
416 2431 632 2480 omissum
661 2438 749 2478 est,
790 2429 909 2528 ‹piod
938 2445 1117 2486 ponen-

225 2495 333 2535 dum
365 2497 488 2541 erat,
539 2487 574 2530 si
610 2502 658 2529 ex
694 2502 849 2542 reguo
882 2485 964 2529 ista
998 2487 1119 2528 audi·

222 2550 361 2596 visset
415 2546 612 2591 Tacitus.
702 2544 849 2587 Verba
901 2545 1118 2597 Agricola

276 2638 286 2650 .
333 2606 563 2648 retinebat
620 2617 674 2644 eo
728 2600 917 2646 consilio
972 2601 1119 2644 addita

223 2664 318 2708 esse
362 2661 588 2709 coniicio,
638 2667 711 2708 ut,
762 2674 853 2716 quo
901 2674 951 2700 ex
992 2658 1118 2702 fonte

223 2731 314 2766 tam
338 2726 592 2763 accuratam
612 2716 891 2759 deHibernia
912 2716 1118 2759 notitiam

223 2777 418 2822 hauserit
452 2774 687 2833 Agricola,
734 2781 902 2832 pateret
933 2774 1117 2817 lectori-

224 2838 322 2880 bus.
363 2857 420 2865 —
483 2836 532 2875 ln
556 2833 625 2875 cd.
650 2833 830 2888 Bipont.
863 2831 1120 2888 typothetae

225 2907 380 2937 errore
403 2906 661 2948 expressum
689 2897 753 2931 est
779 2891 970 2931 audivit.

284 2975 396 3020 CAP.
447 2974 519 3015 25.
604 2975 859 3027 amplexus
916 2972 1121 3013 civitates

228 3062 397 3079 .....
435 3039 607 3084 portus
654 3036 800 3071 classe
844 3031 1119 3082 exploravit.

226 3093 495 3141 Amplexus
531 3088 763 3129 exhibetur
798 3088 845 3129 in
883 3087 984 3130 MS.
1020 3084 1118 3128 Vat.

226 3149 378 3198 8429„
420 3145 538 3188 unde
570 3144 617 3185 in
650 3145 898 3188 verborum
929 3150 1116 3187 contex-

226 3215 325 3250 turn
348 3210 581 3260 receptum
605 3209 667 3244 est
692 3218 713 3243 a
743 3202 914 3245 Broter.
938 3202 1116 3258 Bipont.

228 3263 388 3307 Oberl.
447 3259 640 3303 Seebod.
700 3257 879 3302 Dronk.
934 3257 1118 3300 Becker.

224 3318 423 3364 Walch.
447 3316 613 3359 Hertel.
650 3315 964 3372 [probantibus
999 3331 1118 3371 quo-

226 3394 314 3436 que
339 3373 554 3419 Ricklefs.
583 3381 626 3414 et
649 3373 682 3415 l.
710 3371 951 3429 Bekkem}
1012 3372 1122 3415 Edd.

227 3436 333 3478 Put.
358 3450 427 3491 pr.
448 3431 573 3475 Med.
595 3430 710 3472 Ven.
737 3428 836 3472 Riv.
872 3429 954 3473 hac
985 3429 1119 3472 inter-

223 3493 497 3550 punctione:
537 3495 739 3531 ceterum
770 3496 976 3543 aestate,
1026 3502 1120 3543 qua

222 3557 414 3593 sextum
437 3547 511 3601 off.
533 3559 711 3588 annum
731 3545 995 3595 inchoabat,
1018 3560 1118 3587 am·

220 3610 328 3662 plns
349 3607 561 3648 civitates
585 3609 719 3645 trans
741 3601 799 3646 B.
823 3601 942 3644 sitas
956 3617 969 3644 .·
1006 3602 1116 3657 quia

1162 1317 1283 1351 ·tu1n
1317 1314 1381 1350 est
1416 1308 1502 1349 sic:
1554 1308 1870 1360 timebantur,

1190 1085 1347 1120 motus
1370 1076 1700 1120 universarum
1723 1075 2083 1130 ultra'gentamn

1189 1144 1232 1178 et
1256 1135 1426 1186 infesta
1449 1134 1627 1186 hostilis
1652 1135 1881 1176 exercitus
1911 1132 2084 1175 itinera

1190 1194 1486 1236 timebuntur.
1534 1198 1698 1245 portus
1727 1193 1878 1233 classe
1912 1191 2082 1244 explo-

1188 1251 1332 1294 ravit.
1396 1251 1441 1292 ld
1467 1267 1488 1292 a
1518 1248 1726 1292 Beroald.
1746 1255 1789 1290 et
1803 1245 1906 1297 Alo.
1932 1250 2085 1289 muta-

1920 1311 2086 1359 por-tue

1189 1373 1273 1408 etc.
1338 1365 1403 1407 De
1425 1365 1526 1407 MS.
1546 1362 1785 1407 Va¹.4498.
1814 1362 1992 1406 Broter.
2014 1367 2084 1404 ta·

1188 1434 1272 1474 cet,
1298 1422 1418 1480 quod
1438 1439 1493 1464 an
1514 1421 1680 1464 indicet
1697 1436 1750 1463 eo
1775 1420 1822 1463 in
1849 1419 1966 1463 libro
1981 1433 2084 1461 om·

1184 1483 1291 1535 plns
1307 1479 1524 1537 scriptum
1551 1495 1645 1521 esse
1671 1478 1829 1522 dubito
1855 1475 2082 1536 equidem.

1190 1538 1364 1595 Lipsius
1396 1537 1527 1580 tacite
1554 1535 1691 1578 edidit
1716 1537 1880 1590 ampla
1902 1536 2084 1577 civitate

1190 1602 1329 1637 trans
1357 1596 1412 1638 B.
1436 1595 1557 1649 sica,
1603 1602 1760 1637 contra
1792 1591 1915 1660 quod
1947 1591 1990 1635 et
2023 1589 2082 1634 li-

1188 1654 1376 1695 brorum
1412 1651 1653 1694 auctoritas
1693 1657 1737 1693 et
1771 1648 1959 1693 historia
1988 1647 2085 1708 ipsa

1188 1709 1324 1760 dicit3
1365 1707 1584 1763 Picbena,
1626 1709 1815 1760 amplas
1848 1714 1936 1751 etc.
1969 1703 2086 1751 sen·-

1186 1776 1319 1825 ptura
1361 1764 1600 1818 restituta,
1659 1773 1826 1820 portus
1865 1780 1916 1807 ex
1957 1759 2085 1809 Rbe-

1187 1823 1292 1868 nani
1351 1823 1520 1866 iudicio
1581 1823 1774 1867 mutavit
1831 1821 1881 1866 in
1935 1821 2082 1876 prius.

1186 1881 1434 1925 Pichenam
1495 1879 1674 1938 sequuti
1729 1887 1832 1924 sunt
1890 1878 2085 1922 editores

1186 1955 1284 1997 sqq.
1321 1939 1414 1981 fere
1450 1954 1607 1980 omnes
1638 1937 1694 1981 ad
1717 1936 1977 1981 Broterium·
2003 1950 2086 1980 us-

1190 2013 1301 2053 que,
1354 2004 1529 2052 praeter
1563 1994 1799 2047 Gronov„
1845 1994 1925 2057 qui
1966 2008 2084 2038 con-

1187 2054 1388 2098 iiciebat:
1414 2055 1605 2106 amplae
1626 2053 1825 2104 civitatis
1842 2059 1978 2108 trans
1989 2050 2085 2097 Bo·

1188 2113 1395 2154 dotriam
1422 2112 1541 2152 sitae
1557 2143 1569 2159 ,
1597 2113 1707 2167 quia
1734 2141 1744 2152 .
1761 2140 1802 2158 ..
1819 2141 1830 2154 .
1858 2110 2084 2152 tt‘mcban-

1189 2178 1268 2211 tur
1291 2202 1303 2223 ,
1381 2175 1549 2221 portus
1602 2172 1751 2211 classe
1803 2167 2086 2222 exploravit.

1190 2225 1370 2282 Quibus
1408 2225 1769 2268 correctionibus
1805 2225 1901 2268 sine
1943 2223 2083 2271 dubio

1188 2282 1542 2341 supersedissent
1581 2282 1672 2332 illi,
1721 2283 1756 2327 si
1788 2292 1897 2326 nota
1927 2280 2084 2325 fuisset

1190 2340 1394 2383 Vaticani
1418 2340 1518 2382 libri
1543 2339 1718 2399 egregia
1739 2339 1962 2399 scriptura
1981 2354 2084 2382 am·

1183 2401 1382 2453 plexus,
1432 2412 1567 2453 quam
1605 2407 1648 2441 et
1695 2413 1776 2458 ego
1819 2396 2084 2456 amplector.

1190 2455 1295 2498 Non
1319 2454 1437 2498 enirn
1462 2471 1552 2498 uno
1577 2456 1717 2501 modo
1738 2454 1785 2498 id
1805 2455 1997 2501 verbum
2021 2453 2084 2503 di·

1192 2513 1310 2556 citur
1335 2528 1418 2571 pro
1437 2511 1824 2571 Comprehendere
1839 2511 1993 2557 animo
2011 2511 2085 2557 vel

1191 2569 1418 2622 oratione,
1469 2587 1621 2613 verum
1665 2569 1796 2614 etiam
1841 2569 1896 2612 de
1935 2570 2085 2621 armis,

1192 2627 1246 2670 de
1271 2628 1414 2678 bello,
1446 2635 1495 2669 ut
1518 2627 1673 2684 Agric.
1699 2643 1740 2671 c.
1759 2627 1826 2671 17.
1851 2639 2088 2686 magnam

1191 2685 1482 2739 Brigantum
1528 2693 1720 2738 partem
1763 2691 1847 2727 aut
1890 2686 2085 2727 victoria

1191 2745 1445 2794 amplexus
1481 2751 1553 2784 est
1592 2750 1676 2783 aut
1700 2743 1848 2791 bella.
1918 2741 1975 2786 Et
2010 2741 2085 2786 hie

1192 2815 1398 2857 quoque,
1437 2809 1486 2843 nt
1521 2800 1550 2843 l.
1584 2798 1614 2842 l.
1646 2798 1813 2843 factum
1846 2807 1937 2851 est,
1980 2800 2083 2844 sub-

1190 2856 1534 2914 intelligendum
1562 2866 1626 2899 est
1649 2859 1778 2915 belh.
1825 2856 1941 2901 Bene
1953 2855 2084 2902 Rink-

1190 2912 1289 2965 Iefs.
1327 2923 1368 2956 et
1393 2913 1588 2957 walch.
1624 2922 1830 2959 vertunt:
1874 2915 1949 2957 die
1971 2917 2085 2969 jen-

1189 2972 1276 3014 seit
1309 2975 1395 3012 der
1427 2972 1656 3014 Bodotria
1672 2975 1938 3027 ⁰gelegencn
1970 2972 2084 3016 Ort-

1189 3029 1406 3084 schaften
1449 3030 1521 3071 ins
1565 3035 1694 3082 Auge
1724 3031 1946 3087 fassencl.
2014 3030 2085 3074 De

1189 3087 1364 3128 ratione
1390 3086 1611 3144 participii
1632 3086 1764 3138 huius
1794 3087 2086 3146 grammatica

1191 3142 1530 3188 cf.Ramshorn.
1553 3149 1595 3200 §.
1613 3145 1707 3188 171.
1735 3145 1893 3202 p.455.
1915 3152 2009 3188 not.
2027 3146 2086 3195 1.,

1191 3200 1427 3244 Heindorf.
1469 3203 1523 3245 ad
1558 3201 1711 3245 Horat.
1746 3201 1838 3246 Sat.
1875 3201 1908 3254 l,
1937 3203 1978 3254 2,
2009 3201 2084 3253 66,-

1191 3267 1232 3301 et
1258 3257 1443 3316 Selling.
1473 3261 1684 3303 observv.
1717 3276 1761 3318 p.
1784 3260 1859 3304 20.
1919 3259 2084 3319 Perpe-

1192 3331 1285 3357 ram
1321 3331 1431 3360 vero
1458 3315 1694 3360 Ernestius
1715 3324 1826 3377 ,post
1856 3318 1974 3360 sitas
2006 3324 2084 3361 aut

1194 3381 1296 3414 ante
1322 3378 1512 3427 amplas
1532 3373 1701 3432 aliquid
1727 3372 1935 3417 excidisse
1959 3383 2084 3432 puta·

1193 3430 1257 3474 vit
1282 3431 1335 3472 de
1359 3429 1555 3475 exercitu
1581 3430 1809 3482 terrestri,
1845 3430 1964 3475 velut
1991 3436 2085 3477 ad-

1190 3501 1454 3543 gressurus,
1517 3495 1790 3547 quapropter
1834 3485 1891 3533 V.
1933 3488 1994 3534 D.
2036 3489 2086 3534 in

1191 3543 1376 3600 prenn.
1403 3544 1467 3588 lit.
1487 3544 1574 3590 len.
1597 3545 1717 3603 apud
1734 3544 1913 3589 Dronk.
1935 3561 2085 3591 corre·

1190 3602 1274 3645 xitz
1303 3605 1491 3656 amplas
1514 3605 1596 3648 civ.
1614 3634 1626 3647 .
1640 3633 1652 3647 .
1664 3603 1780 3647 sitas
1798 3634 1810 3647 .
1826 3636 1837 3649 .
1853 3633 1864 3648 .
1880 3633 1893 3647 .
1911 3605 2085 3660 ἰρίσεια
