2150 4022
161 220 282 281 186
448 219 1344 286 IULnAGRIC.v1TA
1397 205 1726 290 clines.
1780 245 1784 258 ·

156 398 191 422 ,‚
204 363 433 420 torum,
487 351 890 427 vesprini-um
916 354 1273 411 exercituum
1298 356 1614 428 terminoS‚
1666 358 1846 415 finem
1869 357 2032 418 Bria

154 437 476 508 „tanniae,
532 457 658 492 non
693 438 850 493 fama
878 458 986 495 nec
1013 460 1252 496 rumore
1280 442 1381 497 sed
1409 444 1611 500 castris
1638 455 1696 500 et
1719 444 2011 504 armiste-

156 568 190 594 ‚,
203 542 428 580 nemus,
517 523 758 578 inventa
779 521 1090 580 Britannia
1116 536 1172 581 et
1197 527 1454 587 subacta.
1541 529 1812 605 equidem
1837 549 2008 606 saepe

151 609 263 679 „in
305 606 539 680 agmine
559 653 574 676 ‚
632 629 767 664 cum
791 629 896 664 vos
921 611 1166 684 paludes
1189 623 1488 669 montesve
1515 624 1571 670 et
1595 614 1842 671 flumina
1869 616 2010 675 fati-

150 703 432 768 ‚‚garent,
486 692 792 749 fortissimi
820 694 1103 771 cuiusque
1124 716 1297 752 voces
1330 697 1673 768 audiebam,
1715 703 2011 781 „qnando

148 778 437 850 „dabitur
459 773 662 847 hostis,
706 781 943 855 quando
973 781 1123 836 acies
1136 780 1201 836 ‘?''
1257 782 1523 854 veniunt,
1563 804 1593 840 e
1619 784 2008 844 latebrsssuis

148 909 184 934 ,‚
199 863 447 932 extrusi,
510 875 566 920 et
604 876 740 921 vota
777 866 1081 942 virtusque
1120 866 1184 921 in
1224 879 1424 942 aperto
1463 864 1781 947 omniaque
1814 891 2006 946 prona

145 948 522 1020 „victoribus
560 960 734 1026 atque
775 952 979 1006 eadem
1017 951 1186 1009 victis
1225 954 1487 1012 adversa.
1573 975 1746 1025 nam,
1805 967 1874 1013 ut
1908 977 2009 1014 su·-

148 1053 427 1110 „perasse
488 1047 717 1092 tantum
777 1036 1034 1105 itineris,
1120 1037 1296 1093 silvas
1355 1038 1603 1095 evasisse
1623 1086 1646 1110 ‚k
1726 1042 2004 1099 transisse

143 1120 480 1190 „aestuaria
503 1117 819 1196 pulchrum
849 1141 915 1177 ac
940 1122 1221 1179 decorum
1246 1123 1308 1179 in
1334 1125 1624 1195 frontem;
1669 1124 1751 1182 ita
1769 1127 2008 1201 fugien-

60 1973 72 1978 ”
133 1963 399 2014 Roth.1.l.
437 1982 481 2024 p.
517 1967 586 2008 11.
627 1967 646 2007 1
683 1996 723 2013 .‚

142 1317 479 1365 distinctionem
536 1316 752 1361 debemus
803 1317 1040 1370 Bekker03

140 1375 460 1435 coniungenda
496 1374 615 1417 enim
647 1383 754 1418 sunt
787 1377 924 1421 verba
968 1384 1038 1419 tot

138 1437 334 1490 exped.,
393 1439 463 1475 tot
493 1435 647 1487 procl.
682 1448 830 1490 neque
867 1448 943 1476 me
979 1465 990 1477 .
1025 1465 1038 1476 .

137 1506 290 1548 neque
321 1504 402 1534 vos
429 1519 442 1533 .
470 1521 481 1533 .
512 1493 768 1544 poenituit,
812 1499 862 1534 ut
900 1491 1037 1535 verba

137 1564 225 1593 seu
263 1581 273 1592 .
302 1581 312 1592 .
347 1562 465 1604 opus
495 1547 595 1604 suit
636 1547 901 1607 interposita
935 1548 1039 1591 sint.

136 1605 264 1650 Male
283 1605 332 1649 in
351 1605 579 1664 plerisque
601 1606 700 1649 edd.
723 1606 928 1664 postfuae't
948 1622 1038 1648 ma-

136 1665 213 1708 ior
249 1663 479 1708 distinctio
517 1664 656 1722 posita
692 1665 840 1720 est.(;
873 1664 943 1707 vel
975 1666 1034 1718 x),

137 1721 268 1782 peius
331 1721 465 1765 etiam
534 1720 776 1765 Rhenanus
839 1720 1036 1765 exhibuit

135 1811 150 1825 .
167 1813 204 1827 ..
218 1781 336 1838 fuit.
398 1780 558 1835 Neque
585 1811 594 1821 .
615 1811 627 1824 .
651 1780 897 1834 poenituit.

192 1866 288 1895 non
309 1851 457 1908 fama
487 1864 570 1892 nec
605 1864 802 1892 rumore
832 1852 917 1892 sed
950 1864 1035 1891 ca-

133 1912 250 1954 stris
298 1916 343 1951 et
386 1908 554 1950 armis.
624 1907 655 1951 S
690 1923 909 1965 nonytna.
971 1906 1030 1950 cs.

774 1965 881 2008 item
914 1965 1036 2007 infra

129 2027 379 2082 pulchrum
411 2039 467 2066 ac
497 2025 738 2066 decorum.
797 2022 860 2068 cf.
896 2021 1033 2066 Roth.

135 2083 169 2127 Ι.
195 2084 227 2126 Ι.
250 2097 297 2140 p.
325 2081 394 2126 15.

193 2153 411 2209 equidem
441 2165 596 2205 saepe.
654 2150 731 2195 Sic
757 2150 858 2194 MS.
885 2149 1032 2194 Vatia.

131 2211 265 2256 3429.
301 2219 342 2254 et
377 2209 482 2252 inde
517 2207 617 2251 edd.
645 2209 826 2252 Broter.
851 2209 1030 2252 Ernest-

133 2285 233 2328 sqq.
259 2289 320 2302 ·-
370 2268 490 2309 veit.
515 2266 613 2309 edd.
635 2266 851 2309 omittunt
875 2281 1032 2320 saepe,

133 2326 260 2387 quod
283 2334 436 2369 tamen
461 2323 505 2368 vi
527 2338 606 2366 sua
629 2340 722 2366 non
749 2334 883 2368 caret.

186 2412 337 2442 voces.
400 2395 478 2439 Sic,
509 2396 611 2439 MS.
645 2396 789 2440 Vatic.
825 2395 955 2438 3429.
989 2402 1033 2437 et

130 2457 238 2501 inde
274 2454 376 2498 edd.
417 2453 595 2497 Broter.
629 2452 810 2497 Ernest.
844 2453 1031 2512 Bipont.

131 2513 292 2559 Oberl.
320 2527 418 2570 sqq.
453 2534 509 2544 -·
568 2526 672 2554 voce
699 2511 807 2554 edd.
829 2511 1030 2568 Put.·pr.

129 2572 262 2616 Med.
298 2569 459 2613 venet.
491 2567 593 2613 Riv.
632 2596 691 2605 —-
751 2584 908 2612 vocem
940 2570 1031 2612 Be-

128 2628 279 2673 roald.
308 2627 410 2672 Alc.
446 2625 649 2670 Rhenan.
682 2643 782 2686 sqq.
843 2626 1031 2686 Egregie

130 2685 344 2732 convenit
381 2698 536 2732 voces,
593 2685 863 2728 nostratium
896 2686 1028 2727 Aus-

127 2746 360 2800 sprt'ae‘che,
411 2740 600 2786 VVorce.
661 2740 722 2786 cf.
748 2742 861 2786 Hist.
893 2745 930 2793 1,
960 2742 1025 2784 18.

112 2801 202 2846 84.
255 2801 300 2849 2,
338 2800 410 2844 46.
488 2800 640 2859 Agric.
688 2816 727 2843 c.
763 2801 861 2852 45.;
914 2813 1028 2847 vox,

127 2866 342 2903 nostrum
376 2859 524 2900 Rede.
586 2858 644 2900 ef.
683 2861 769 2900 An.
802 2859 843 2906 2,
873 2858 946 2901 29.
985 2857 1028 2908 3,

131 2918 204 2961 11.
267 2914 383 2959 Uist.
415 2917 457 2962 4,
488 2914 556 2957 72.
619 2913 713 2965 [Cf.
745 2916 937 2974 Herzog.
972 2915 1025 2958 ad

131 2974 261 3022 Caes.
285 2974 342 3015 de
370 2972 479 3014 bell.
506 2971 608 3029 gall.
630 2971 670 3023 3,
694 2975 790 3031 17.]
831 3003 839 3013 .

187 3047 382 3104 quando
411 3044 552 3084 acies.
612 3042 687 3086 Sic
712 3043 845 3088 tacite
869 3058 1028 3088 corre-

128 3103 445 3155 xitPnhetnanus
466 3107 664 3142 veterum
689 3101 815 3144 editt.
839 3101 1026 3168 scriptu·

129 3178 227 3206 ram
254 3161 443 3216 «luendo
468 3157 678 3207 animus,
722 3159 842 3214 quod
866 3158 1027 3203 vitium

129 3237 154 3264 e
187 3213 463 3276 compendio
499 3214 744 3272 scripturae
777 3224 925 3258 ortum
955 3216 1027 3261 vi-

132 3278 280 3321 detur.
369 3270 672 3315 Defensorem
718 3275 811 3315 eius
857 3274 1027 3317 acerri-

129 3350 254 3381 mum
300 3345 449 3388 nuper
497 3345 542 3371 se
591 3330 793 3387 praebuit
838 3330 1027 3388 Selling.

131 3393 342 3435 observ-v.
378 3405 422 3445 p.
449 3388 522 3429 26.
552 3403 640 3444 sq„
681 3387 904 3444 explicans
938 3388 1027 3431 sic:

130 3447 312 3506 quando
357 3444 508 3488 licebit
546 3444 676 3488 nobis
713 3445 886 3487 hostem
922 3447 1027 3489 vin-

131 3521 256 3552 cere,
296 3502 564 3561 profligare‚
609 3502 789 3561 quando
825 3503 1029 3548 animum

132 3557 335 3623 explere,
366 3559 618 3605 ostendere.
654 3560 845 3603 'dabitur
869 3561 1032 3604 eodem

1108 1318 1360 1378 significatu
1387 1323 1591 1390 usurpari
1619 1322 1710 1367 An.
1733 1324 1775 1376 2,
1803 1323 1871 1369 18.
1902 1324 1944 1377 6,
1964 1325 2007 1370 8.

1108 1380 1184 1493 <iiii
1202 1379 1284 1479 {ili
1310 1380 1698 1484 lastigitgt‘issgiiffi
1724 1393 1859 1441 spero
1890 1382 2005 1432 fore,

1168 1523 1193 1551 e
1214 1509 1410 1552 latebris
1430 1511 1528 1552 suis
1549 1511 1744 1555 extrusi.
1803 1508 1882 1556 Sic
1902 1512 2003 1557 edd.

1108 1565 1330 1624 antiquae.
1398 1566 1488 1611 Per
1521 1566 1854 1636 typothetarum
1889 1578 2003 1628 puto

1108 1639 1308 1665 errorem
1338 1623 1528 1682 inrepsit
1548 1640 1595 1678 in
1619 1642 1639 1668 s
1675 1640 1719 1685 q.
1740 1623 1845 1670 edfl.
1869 1643 1903 1670 a
1924 1630 2003 1671 la-
2077 1660 2081 1663 -

1106 1682 1273 1728 tebris,
1307 1681 1429 1739 quod
1465 1681 1625 1726 vitium
1692 1696 1776 1726 ene
1811 1685 2003 1728 sustule-

1106 1747 1213 1782 runt
1235 1738 1410 1782 Broter.
1431 1738 1610 1782 Ernest.
1630 1757 1680 1798 sq
1717 1772 1729 1782 .
1790 1740 2003 1786 Ceterum

1107 1804 1239 1839 acute
1285 1797 1508 1855 perspexit
1547 1797 1697 1842 Wale
1730 1798 1825 1847 ius,
1893 1794 2004 1845 beet:

1105 1855 1243 1897 verba
1280 1854 1555 1912 seiungenda
1593 1872 1687 1900 esse
1722 1856 1778 1900 ab
1815 1865 2004 1904 antece-

1108 1910 1241 1954 dente
1262 1913 1467 1956 veniunt.

1164 1989 1211 2025 et
1236 1990 1349 2024 vota
1371 1983 1605 2038 virtusque
1627 1984 1678 2026 in
1701 1993 1879 2037 aperto.
1918 1987 2002 2030 Su·

1106 2040 1344 2096 persedere
1391 2055 1632 2099 possumus
1673 2043 1843 2086 Mureti
1893 2059 2001 2088 cm·-

1105 2098 1304 2141 rectione
1328 2113 1385 2140 en
1409 2106 1520 2139 vota
1541 2109 1624 2142 etc.
1687 2100 1810 2143 Vota
1835 2103 2002 2145 virtus-

1105 2171 1194 2211 que
1227 2154 1469 2213 Sellingius
1510 2154 1540 2198 Ι.
1577 2155 1606 2196 Ι.
1655 2157 1769 2200 bene
1811 2158 2000 2217 explicat

1105 2228 1184 2269 per
1220 2211 1408 2270 figuram
1446 2210 1495 2255 ἓν
1527 2213 1604 2256 διὰ
1637 2215 1772 2259 δυοῖν
1802 2217 2000 2261 dictum:

1105 2277 1233 2318 vota,
1276 2279 1322 2312 ut
1348 2272 1556 2314 virtutem
1579 2273 1814 2316 ostendere
1845 2289 1997 2332 posse-

1102 2328 1183 2378 tis,
1228 2327 1294 2370 vet
1329 2329 1494 2377 virtus,
1535 2330 1665 2372 cuius
1696 2331 1999 2377 ostendendae

1106 2384 1283 2443 copiam
1309 2385 1359 2428 in·
1385 2386 1502 2431 votis
1527 2386 1768 2432 habebatis.
1805 2400 1811 2408 ‘

1160 2482 1424 2521 superasse.
1495 2468 1741 2528 Vulgatum
1772 2471 1998 2519 hoe‘inde

1103 2540 1126 2568 a
1148 2525 1382 2575 Rhenano,
1415 2526 1513 2572 edd.
1535 2531 1709 2585 priores
1732 2544 1995 2585 superesse.

1162 2611 1211 2653 in
1240 2609 1473 2666 frontem.
1547 2611 1647 2655 Hoc
1686 2612 1882 2656 breviter
1924 2616 1995 2660 di-

1101 2677 1226 2712 ctum
1257 2668 1432 2711 videtur
1493 2684 1573 2711 ror
1611 2669 1658 2711 in
1682 2684 1779 2713 eam
1805 2681 1997 2729 partem,

1098 2741 1211 2784 quae
1233 2726 1445 2770 adversus
1500 2735 1616 2769 ostes
1635 2735 1828 2784 spectat,
1863 2729 1920 2774 ita
1943 2740 1993 2775 ut

1084 2785 1226 2840 frons
1251 2783 1518 2826 vocabulum
1548 2783 1807 2841 oppositum
1830 2787 1886 2829 sit
1916 2787 1993 2831 fu-

1099 2856 1197 2897 gae.
1247 2839 1419 2883 Graeca
1443 2849 1508 2883 est
1530 2849 1772 2885 structura.
1815 2843 1868 2886 cf
1894 2855 1994 2892 not.

1098 2899 1154 2942 ad
1186 2898 1273 2942 An.
1298 2899 1338 2948 2,
1363 2897 1433 2941 39.
1494 2898 1735 2956 Perperam
1767 2900 1994 2961 interpre-

1099 2957 1275 3000 tabatur
1297 2955 1472 3014 Lipsius
1487 2972 1501 2998 a
1530 2957 1577 2997 in
1603 2959 1818 3010 spectem.
1955 2988 1958 2993 ι

1156 3038 1528 3095 aufugientibus
1551 3049 1634 3084 ete.
1693 3041 1771 3086 Sic
1795 3060 1844 3087 ex
1866 3045 1990 3090 Rhe-

1099 3096 1204 3141 nani
1227 3097 1527 3146 correctione,
1558 3114 1692 3155 quam
1713 3116 1873 3146 omnes
1893 3103 1996 3150 fere

1097 3172 1197 3213 sqq.
1222 3154 1414 3197 editores
1436 3156 1735 3205 admiserunt.
1790 3160 1891 3204 MS.
1907 3162 1994 3207 Va·

1099 3213 1174 3256 tic.
1198 3211 1327 3254 3429.
1352 3221 1395 3255 et
1421 3213 1522 3256 edd.
1550 3214 1757 3271 antiquae
1783 3218 1991 3264 exhibent

1097 3272 1208 3312 item
1223 3302 1240 3324 ,
1279 3269 1399 3326 quod
1434 3287 1575 3329 nuper
1597 3271 1774 3316 Dronk.
1800 3275 1989 3322 Becker.

1098 3327 1266 3371 Hertel.
1290 3337 1576 3372 revocarunt.
1633 3329 1893 3376 provocant
1923 3335 1993 3380 illi

1101 3386 1155 3429 ad
1181 3383 1278 3428 Cic.
1314 3386 1369 3427 de
1398 3395 1512 3430 orat.
1546 3390 1582 3437 1·,
1605 3387 1675 3436 26,
1703 3389 1794 3432 118.
1823 3394 1990 3437 nullae

1101 3443 1227 3485 enim
1280 3444 1384 3484 lites
1441 3457 1593 3500 neque
1646 3453 1990 3495 controversiae

1099 3507 1232 3550 sunt,
1275 3515 1393 3555 quae
1426 3511 1595 3555 cogant
1612 3504 1834 3547 Jmnn'nes
1869 3509 1989 3552 sicut

1098 3560 1146 3601 in
1168 3559 1282 3614 soro
1313 3574 1405 3601 ηυη
1439 3561 1579 3603 bonos
1600 3567 1837 3619 oratores,
1876 3568 1991 3610 item
