2150 4022
339 307 587 370 IULII
633 304 965 367 AGRIC.

1014 306 1250 386 VITA
1291 305 1631 397 CAPJQ.
1739 390 1741 399 ἢ
1793 309 1909 366 ι63

59 454 153 500 tus
196 427 518 518 portusque
566 454 672 512 per
726 436 1075 493 commercia
1125 448 1179 493 et
1227 437 1617 511 negotiatores
1672 437 1909 509 cogniti.

61 519 338 601 Agricola
376 523 684 598 expulsum
716 521 1003 579 seditione
1035 523 1352 578 domestica
1380 542 1565 578 unum
1594 541 1662 577 ex
1690 523 1909 595 regulis

59 611 246 686 gentis
271 620 598 683 exceperat,
642 628 708 663 ac
743 606 932 682 specie
962 606 1252 664 amicitiae
1281 607 1345 661 in
1375 608 1741 664 occasionem
1768 609 1911 664 reti-

58 830 134 874 Sic
157 831 203 874 in
223 829 354 873 MSS.
372 828 545 872 Vaticc.
569 837 611 871 et
635 827 734 871 edd.
758 827 953 884 antiquis

57 896 159 933 ante
185 887 474 934 Rhenanum.
514 887 590 942 qui
621 887 771 928 locum
801 884 949 939 foede,

58 955 108 989 ut
140 946 223 1004 ipsi
259 945 511 994 videbatur,
561 951 825 1000 corruptum
860 944 949 985 im-

58 1001 253 1047 mutavit
309 1002 397 1045 sic:
463 1001 706 1054 differunt.
780 1002 950 1042 melius

57 1062 218 1104 aditus
237 1090 250 1103 .
264 1089 277 1102 .
297 1059 478 1114 cogniti,
505 1074 638 1116 quam
662 1058 948 1101 emendatio-

57 1116 162 1162 nem
202 1124 433 1160 servarunt
473 1115 576 1160 edd.
611 1115 714 1159 Ald.
748 1114 863 1169 Lips.
906 1122 949 1157 et

60 1191 186 1234 sqq..
222 1182 265 1217 et
286 1190 432 1232 nuper
457 1175 631 1216 Broter.
657 1172 815 1215 Ernest
852 1172 951 1214 See·

56 1232 222 1282 hodius
275 1233 343 1287 (a.
390 1232 546 1283 1812.)
594 1240 636 1274 et
677 1228 948 1272 Walehius.

55 1288 185 1334 Idem
225 1287 464 1332 Rhenanus
507 1288 553 1330 in
600 1286 818 1342 castigatt.
864 1302 949 1330 vo-

58 1347 176 1391 lebat
220 1347 385 1403 corrigi
429 1347 662 1401 differunt.
725 1345 822 1385 eius
863 1348 950 1400 (sc.

56 1404 229 1448 insulae
251 1403 506 1459 Hiberniae)
536 1406 681 1454 adit.;
717 1400 947 1444 similiter-

60 1477 150 1522 que
181 1460 406 1504 Danesius
442 1461 610 1515 dfiert.
661 1459 759 1501 eius
794 1459 952 1501 aditus

59 1527 172 1570 etc.,
204 1520 323 1562 unde
349 1517 621 1562 Seebodium
644 1516 952 1572 composuisse

59 1593 184 1620 suam
241 1577 570 1619 correctionem
627 1575 846 1628 differunt
907 1580 952 1615 et

61 1636 157 1677 eius
175 1635 331 1676 aditus
355 1641 441 1677 etc.
467 1631 684 1675 credibile
709 1640 787 1674 est.
839 1629 954 1673 Aci-

55 1690 169 1734 ·dalii
213 1689 516 1734 coniecturam
559 1690 806 1743 differunt,
873 1703 953 1729 nec

60 1750 108 1790 in
129 1748 309 1791 melius.
349 1749 505 1790 aditus
526 1754 611 1789 etc.
636 1745 822 1803 amplexi
850 1752 953 1787 sunt

61 1802 246 1863 Bipont.
277 1803 486 1848 Obertin.
520 1812 563 1846 et
599 1803 677 1860 qui
709 1818 786 1844 eos
829 1801 953 1859 sequi

61 1864 210 1907 solent
234 1861 364 1918 [cum
381 1862 415 1904 Ι.
430 1858 674 1914 Beklieroj.
716 1858 841 1901 Idem
864 1859 953 1910 ille,

61 1919 98 1963 si
123 1918 194 1963 cui
218 1917 327 1963 haec
349 1917 574 1978 placerent
606 1917 777 1968 minus,
815 1916 952 1959 auda-

62 1977 158 2022 cius
204 1975 359 2019 suadet
403 1973 759 2032 corrigendum:
815 1973 952 2028 diffe-

60 2041 187 2077 rant.
231 2034 452 2076 militibus
482 2034 597 2076 adit.
635 2041 743 2085 etc.;
791 2032 952 2075 Mure-

62 2087 132 2135 tus
143 2107 156 2134 t
175 2090 399 2146 differunt
410 2092 458 2133 in
470 2091 653 2133 melius.
668 2091 830 2132 aditus
843 2098 927 2132 etc.
943 2105 954 2140 ;

61 2148 120 2193 V.
141 2147 202 2191 D.
229 2149 282 2194 ,in
319 2147 491 2205 ephem.
527 2147 590 2190 tit.
613 2146 733 2206 Lips.
758 2163 798 2190 a.
827 2145 949 2195 1827,

60 2222 107 2269 p.
131 2205 228 2249 376.
252 2205 422 2260 differt.
456 2212 503 2247 et
535 2205 651 2259 (sive
682 2207 750 2262 at)
786 2205 953 2248 melius

61 2265 182 2308 adit.
217 2270 327 2313 etc.;
386 2262 681 2306 Doederlein.
730 2262 796 2316 (in
835 2278 953 2306 vers.

62 2336 203 2380 germ.
219 2336 261 2379 p.
275 2319 362 2373 55.)
379 2318 554 2364 Dronk.
570 2318 756 2364 Becker.
769 2318 954 2370 Hertel„

61 2378 196 2423 codd.
225 2385 268 2422 et
309 2377 410 2420 edd.
442 2385 552 2422 vett.
586 2376 953 2436 interpunctione

61 2443 236 2479 tantum
268 2441 464 2489 mutata,
508 2433 685 2476 malunt
715 2435 870 2488 dtffert
906 2435 954 2476 in

63 2493 246 2542 melius,
277 2493 435 2534 aditus
457 2499 544 2535 etc.
590 2490 749 2549 Neque
767 2491 955 2534 illorum

62 2567 148 2594 nec
169 2548 373 2592 Rhenani
400 2548 513 2592 ratio
536 2547 708 2606 placet·,
747 2547 813 2593 sic
833 2550 954 2591 enim

63 2608 296 2651 iuberetur
323 2605 503 2650 Tacitus
537 2606 686 2650 dicere
720 2621 793 2657 ea,
840 2621 953 2661 quae

63 2666 210 2724 ipsum
228 2679 322 2707 non
340 2662 497 2706 dixisse
515 2662 826 2707 contenderim
843 2663 954 2707 acri-

63 2732 150 2767 ter.
191 2721 433 2779 Postquam
458 2719 650 2778 scripsit,
685 2721 831 2764 solum
852 2736 954 2764 coe·

64 2781 248 2837 lumque
269 2785 312 2820 et
329 2778 506 2836 ingenia
520 2778 783 2836 cultumque
798 2778 952 2820 Hiber-

65 2851 230 2881 norum
246 2835 362 2878 haud
377 2834 569 2878 multum
581 2851 604 2877 a
620 2835 852 2878 Britannia
869 2834 951 2877 dif-

64 2894 198 2945 ferre,
209 2908 304 2935 rem
319 2907 505 2935 narrans
517 2892 619 2935 satis
631 2893 713 2936 sibi
729 2893 957 2950 cognitam

65 2961 108 2995 et
122 2951 215 2993 sine
229 2949 315 2992 ulla
329 2949 605 3010 dubitatione
621 2949 959 3001 adfirmandam;

66 3023 159 3052 non
184 3014 354 3065 poterat
371 3005 667 3065 subiungere,
701 3007 844 3050 aditus
868 3024 960 3050 me·

67 3065 152 3107 lius
180 3063 384 3121 cognitos
419 3078 530 3106 esse.
591 3063 711 3106 Tum
745 3065 958 3123 praemit-

66 3121 253 3165 tendum
300 3129 414 3169 erat,
465 3120 579 3164 coeli
610 3121 781 3178 solique
814 3121 957 3165 ratio-

68 3194 174 3222 nem
210 3177 538 3234 hominumque
572 3178 618 3220 in
648 3177 862 3222 Hibernia
898 3179 959 3222 vi·

67 3235 272 3281 ventium
295 3242 501 3277 naturam
528 3251 574 3277 se
602 3251 695 3277 non
731 3235 843 3279 adeo
878 3237 957 3279 ba-

69 3294 176 3336 bere
211 3291 437 3350 cognitam
474 3299 517 3334 et
561 3290 860 3347 exploratam,
911 3302 960 3337 ut

71 3351 180 3392 certi
201 3348 308 3407 quid
332 3347 385 3390 de
406 3347 524 3391 hisce
547 3348 783 3392 adfirmare
804 3351 958 3408 possit.

70 3404 209 3448 Cadat
243 3406 377 3463 igitur
402 3404 603 3456 Rhenaui
630 3409 851 3450 correctio
877 3424 958 3450 ne-

72 3477 193 3506 cesse
225 3469 303 3506 est.
362 3461 516 3506 Altera
550 3462 770 3519 scriptura
803 3465 961 3519 differt

73 3519 164 3563 sive
189 3517 406 3573 differunt
431 3519 479 3561 in
505 3520 670 3562 melius
694 3535 790 3563 non
813 3522 962 3564 solum

73 3577 274 3619 enuntiat
297 3576 350 3618 de
371 3575 611 3626 Hibernia,
644 3577 764 3634 quod
789 3578 962 3622 idoneis

74 3632 257 3676 testibus
281 3633 462 3690 probari
484 3631 664 3691 nequit,
707 3634 782 3678 sed
806 3635 962 3677 eadem

1024 828 1156 871 etiam
1172 826 1341 869 laborat
1358 826 1725 872 inconcinnitate.
1763 829 1910 873 Verba

1023 885 1146 928 enim
1183 888 1342 926 aditus
1378 915 1389 926 .
1414 916 1424 926 .
1459 887 1628 938 cogniti
1654 903 1746 929 non
1780 904 1913 930 com-

1021 942 1158 984 modo
1202 941 1415 984 orationis
1458 958 1568 983 nexu
1613 944 1786 993 addita,
1837 945 1913 987 sed

1019 1001 1167 1057 inepte
1200 1000 1352 1042 adsuta
1395 998 1658 1042 viderentur
1699 1018 1815 1052 esse;
1871 1010 1913 1044 et

1020 1057 1190 1100 locutio
1231 1059 1359 1098 haud
1396 1059 1599 1098 multum
1637 1059 1826 1111 differre
1865 1063 1913 1101 in

1017 1116 1185 1157 melius·
1212 1122 1259 1156 ut
1278 1113 1452 1156 idoneis
1474 1113 1679 1157 firmetur
1702 1117 1911 1174 exemplis

1022 1187 1118 1214 non
1155 1188 1286 1230 spero
1325 1171 1436 1229 fore.
1491 1169 1725 1215 'Veterum
1766 1174 1911 1216 libro-

1021 1245 1126 1271 rum
1151 1229 1370 1286 scriptura
1398 1234 1461 1271 est
1493 1228 1738 1273 sanissima.
1798 1231 1910 1273 Nam

1020 1286 1177 1340 differt
1217 1288 1407 1330 verbum
1455 1286 1690 1342 singularis
1736 1290 1912 1340 numeri

1020 1344 1225 1387 iunctum
1249 1344 1537 1394 nominibus,
1581 1360 1772 1400 quorum
1812 1361 1915 1403 pars

1053 1400 1182 1444 lurati
1235 1417 1429 1443 numero
1484 1401 1687 1452 effertur,
1756 1402 1914 1446 Tacito

1022 1419 1138 1501 iiaud
1174 1474 1278 1501 raro
1313 1467 1554 1516 usurpatur
1577 1459 1659 1508 ita,
1704 1468 1752 1501 ut
1780 1460 1916 1503 altera

1025 1515 1203 1559 dicendi
1233 1516 1344 1558 ratio
1373 1517 1425 1558 ab
1453 1515 1544 1558 cius
1578 1534 1655 1559 usu
1679 1517 1820 1560 aliena
1846 1518 1917 1559 vi-

1026 1573 1119 1615 deri
1155 1572 1307 1630 possit.
1369 1572 1427 1615 cf.
1453 1574 1536 1616 An.
1557 1574 1602 1624 2,
1624 1575 1692 1617 71.
1728 1577 1772 1617 si
1802 1591 1916 1631 quos

1025 1645 1092 1683 sp
1107 1646 1164 1672 es
1197 1646 1243 1671 m
1260 1645 1281 1671 e
1297 1645 1364 1672 ae
1381 1664 1391 1680 ,
1429 1632 1478 1672 si
1494 1646 1608 1686 quos
1630 1634 1916 1689 propinquus

1024 1689 1239 1742 sanguis,
1288 1689 1428 1729 etiam
1454 1705 1574 1744 quae
1598 1690 1772 1732 invidia
1800 1705 1916 1744 erga

1025 1746 1255 1787 viventem
1286 1748 1586 1796 movebat3
1638 1746 1748 1790 ibid.
1777 1765 1814 1792 c.
1841 1748 1913 1790 69.

1024 1803 1305 1845 carmina
1356 1810 1400 1844 et
1449 1805 1823 1848 devotiones
1873 1814 1918 1846 et

1022 1874 1194 1902 nomen
1242 1859 1517 1903 Germanici
1555 1863 1783 1916 plumbeis
1838 1871 1918 1905 ta-

1023 1919 1142 1959 bulis
1181 1916 1579 1969 insculptum3
1635 1921 1723 1962 An.
1765 1921 1804 1972 4,
1848 1921 1918 1963 49.

1025 1989 1219 2028 corpora
1265 1974 1536 2030 hominum,
1618 1991 1731 2033 quos
1783 1980 1885 2019 vul
1898 2005 1917 2011 -

1025 2047 1179 2074 nera
1205 2064 1217 2086 ,
1306 2046 1425 2088 quos
1482 2035 1584 2077 sitis
1636 2049 1918 2088 pereme-

1025 2105 1091 2132 ra
1106 2097 1124 2132 t
1134 2105 1150 2140 ,-
1201 2088 1312 2132 Hist.
1346 2090 1388 2143 2,
1423 2090 1495 2133 78.
1533 2093 1840 2147 triumphalia
1874 2102 1919 2136 et

1024 2148 1292 2190 consulatus
1339 2155 1382 2191 et
1425 2148 1648 2192 Iudaicae
1697 2152 1920 2194 victoriae

1023 2209 1161 2247 decus
1176 2207 1393 2259 implesse
1400 2206 1554 2262 fidem
1574 2209 1739 2251 ominis
1763 2225 1788 2249 υ
1803 2210 1919 2251 ide-

1024 2264 1205 2304 batur
1235 2261 1434 2313 (mallem
1458 2265 1519 2307 ibi
1536 2265 1775 2322 praelatam
1799 2285 1822 2310 a
1848 2283 1921 2310 me

1023 2319 1140 2362 hanc
1179 2319 1420 2362 meliorum
1465 2322 1686 2365 litu-orum
1720 2325 1918 2381 scriptu-

1026 2379 1172 2430 ram);
1223 2375 1381 2420 Germ.
1427 2395 1466 2421 c.
1505 2381 1574 2422 27.
1624 2395 1714 2422 sua
1759 2385 1920 2436 cuique

1029 2448 1192 2485 arma,
1238 2441 1540 2488 quorundam
1572 2439 1674 2490 igni
1704 2446 1748 2480 et
1780 2454 1922 2494 equus

1029 2491 1344 2534 adiicitur.
1365 2535 1368 2538 ,
1405 2494 1461 2536 cf.
1485 2503 1580 2537 not.
1602 2495 1658 2536 ad
1682 2495 1832 2547 An.1‚
1850 2498 1918 2540 10.

1029 2549 1111 2591 sub
1164 2564 1211 2592 v.
1267 2549 1540 2593 abstulerat.
1625 2551 1746 2596 Haec
1800 2553 1920 2596 suffi-

1026 2605 1163 2648 ciant.
1222 2602 1384 2649 Narrat
1415 2607 1549 2666 igitur
1582 2610 1800 2668 scriptor,
1844 2627 1922 2661 ea-,-

1023 2678 1126 2704 rum
1154 2678 1306 2705 rerum
1335 2679 1428 2706 non
1463 2666 1521 2708 ita
1553 2683 1770 2724 magnum
1802 2668 1922 2712 inter

1023 2719 1266 2763 Britannos
1311 2720 1626 2782 Hibernosque
1680 2726 1920 2770 discrimen

1024 2793 1143 2828 esse,
1213 2778 1268 2819 de
1314 2778 1507 2823 aditibus
1555 2798 1660 2825 vero
1713 2792 1756 2827 et
1809 2800 1923 2842 por-

1029 2835 1162 2878 tubus
1189 2834 1391 2878 dicturus
1413 2837 1575 2881 addere
1598 2840 1808 2893 debebat,
1846 2859 1922 2886 eos

1031 2900 1106 2935 aut
1156 2891 1361 2935 meliores
1410 2903 1484 2938 aut
1532 2896 1776 2942 deteriores
1828 2916 1921 2943 esse

1030 2965 1163 3007 quam
1187 2949 1468 3000 Britanniae,
1506 2962 1581 2996 aut
1603 2959 1699 2997 non
1725 2956 1922 3000 multum

1033 3006 1227 3049 differre.
1320 3007 1459 3052 Addit
1507 3027 1613 3054 vero
1660 3013 1709 3055 in
1753 3017 1921 3065 melius

1030 3064 1190 3124 aditus
1207 3095 1218 3106 .
1235 3067 1451 3118 ,cogm'ti,
1482 3066 1526 3110 h.
1549 3085 1586 3111 e.
1614 3073 1922 3116 commercio—

1031 3123 1133 3163 rum
1168 3121 1484 3167 exercitatione
1515 3133 1556 3167 et
1591 3129 1922 3184 negotiatorum

1034 3194 1167 3236 opera
1190 3178 1401 3232 (exercitu
1425 3182 1541 3224 enim
1560 3185 1764 3227 nondum
1783 3195 1923 3228 trans·

1031 3235 1175 3278 ierant
1197 3237 1243 3278 in
1266 3234 1545 3294 Hiberniam)
1571 3242 1714 3285 aditus
1738 3251 1923 3301 portus-

1033 3308 1121 3349 que
1156 3292 1360 3349 cognitos
1395 3311 1489 3340 esse
1517 3296 1758 3348 Romanis,
1801 3301 1923 3357 quod

1033 3350 1123 3392 sint
1170 3349 1392 3395 meliores.
1485 3354 1560 3398 Sic
1602 3355 1694 3400 Au.
1740 3358 1807 3408 14,
1848 3357 1921 3402 39.

1033 3414 1198 3448 cuncta
1229 3413 1389 3456 tamen
1419 3415 1485 3453 ad
1517 3413 1850 3462 imperatorem
1876 3417 1924 3458 in

1033 3464 1223 3507 mollius
1236 3467 1404 3517 relata,
1424 3467 1453 3510 i.
1469 3484 1507 3511 e.
1519 3470 1704 3513 relatum
1722 3472 1778 3514 ad
1797 3471 1923 3530 imp„

1033 3528 1196 3564 cuncta
1236 3521 1448 3567 molliora
1490 3541 1609 3577 esse;
1658 3526 1771 3572 Hist.
1805 3528 1846 3581 3,
1878 3530 1922 3574 7.

1033 3579 1304 3622 desiderata
1324 3582 1407 3623 diu
1427 3596 1507 3624 res
1536 3583 1584 3624 in
1619 3586 1774 3628 maius
1802 3589 1924 3629 acci-

1033 3636 1188 3688 pitur,
1242 3636 1274 3678 i.
1300 3653 1339 3679 e.
1373 3638 1594 3695 accipitur
1628 3656 1677 3683 ea
1710 3651 1923 3701 tanquam

1196 3696 1244 3753 L
1285 3699 1324 3755 2
