2150 4022
464 303 590 365 DE
651 256 1192 362 GERMAMA
1251 298 1444 363 CAP.
1485 303 1543 363 3.

1863 300 1939 361 15

74 448 352 499 sectatam
409 435 636 491 adiecto
687 432 934 490 Laertae
987 429 1171 506 patris
1224 432 1465 488 nomine
1534 432 1741 488 eodem
1808 433 1945 490 loco'

73 525 217 582 oli-m
274 531 566 595 repertam
581 565 597 588 ‚

682 517 1164 592 monimentaque
1222 526 1279 571 et
1337 516 1595 574 tumulos
1652 519 1940 593 quosdam

74 608 318 666 Graecis
363 605 573 663 litteris
618 603 933 677 inscriptos
977 601 1042 656 in
1086 600 1343 658 confinio
1385 601 1742 659 Germaniae
1778 601 1939 661 Rae-

74 851 518 898 ACRIJIYPFJON.
550 873 608 884 —-
670 847 812 892 Vatic.
836 849 967 893 2964.

75 920 119 955 et
145 911 214 954 ed.
238 910 402 953 Alciat.
436 907 740 967 denominetur.
771 931 825 940 —-
884 906 970 950 Ed.

73 968 280 1012 Norimb.
295 966 602 1020 Acrim‘prion.
617 993 664 1001 —
705 964 805 1010 MS.
823 965 968 1008 Arun-

77 1025 162 1072 del.
209 1019 524 1080 ἀστυτεάγιον.
564 1047 617 1055 -
689 1021 806 1065 Edd.
845 1022 968 1065 Rhe—

76 1099 180 1127 nan.
208 1079 691 1151 (1533.)‚A1d.}xticyll.
715 1096 739 1122 e
761 1078 967 1123 Rhenani

75 1141 333 1184 coniectuia
367 1152 701 1196 αστυπυργιον.
734 1165 792 1173 -
850 1136 966 1180 Edd.

6 1236 10 1240 .
78 1197 303 1255 Viteberg.
335 1203 377 1238 et
410 1195 628 1239 Melanth.
651 1190 968 1252 Ὀδυσσιπύρ-

45 1306 48 1311 ¹
73 1269 196 1311 γιον.
210 1278 266 1287 -·
307 1253 400 1297 Alii
417 1253 517 1297 libri
534 1260 636 1311 post
650 1254 968 1295 nominatum-

75 1328 163 1412 que¹
182 1310 601 1412 haggntslacuaanlim,
626 1319 684 1409 sst
700 1310 810 1410 teos&
827 1309 968 1410 Ηιῑιτῧ·

75 1386 226 1414 me.e
295 1399 307 1412 .
394 1383 447 1410 ir.
515 1384 537 1410 a
590 1400 600 1410 .
668 1385 729 1410 u.
815 1383 873 1410 .e
953 1398 966 1410 .

79 1427 212 1471 Rom.
231 1426 335 1469 Ber.
359 1385 499 1469 lgaris.
520 1423 663 1468 Rhen.
688 1426 815 1468 1519.
841 1427 968 1478 (teste

77 1484 251 1539 Hessio)
271 1483 455 1527 Passov.
475 1483 653 1541 Bipont.
672 1482 797 1526 Hess.
818 1481 910 1526 alii.
927 1505 971 1515 ——

79 1541 168 1585 Alii
201 1541 296 1584 sine
330 1539 490 1583 lacuna
519 1550 739 1598 pergunt,
781 1549 831 1584 ut
865 1540 967 1583 MS.

75 1599 187 1641 Tur.
216 1597 319 1641 edd.
344 1597 766 1656 Pichen.Bernegg.
792 1613 889 1655 sqq.
912 1621 969 1630 -

78 1654 386 1699 Grotefendus
435 1655 551 1712 apud
602 1655 726 1699 Hess.
779 1656 825 1697 in
865 1653 968 1698 Var.

77 1713 217 1756 Lectt.
250 1713 285 1755 Ι.
317 1728 360 1768 p.
383 1713 424 1755 8.
451 1712 644 1756 coniecit
668 1712 875 1755 lacunam
901 1729 968 1754 ex·

78 1770 291 1828 piendam
314 1784 408 1811 esse
432 1770 606 1814 verbis:
631 1771 768 1823 prius
789 1768 971 1827 Ἀκρι·

79 1840 133 1870 σι
148 1842 179 1869 π
195 1823 223 1869 ὑ
235 1842 261 1884 ρ
275 1841 307 1882 y
319 1843 334 1868 ι
349 1842 372 1869 o
387 1840 414 1868 ν
426 1859 438 1879 ,
491 1826 545 1868 ab
579 1825 760 1870 Acrisio
794 1826 971 1885 Ulyssis

78 1900 178 1928 avo.
256 1883 600 1940 Hagenbuchius
642 1884 739 1928 vult
772 1882 970 1927 Ἀσκινί·

79 1955 284 2000 πυργον,
317 1940 371 1983 ab
393 1941 606 1984 Ascanio.
690 1939 803 1984 Vide
836 1941 969 1984 etiam

79 2015 192 2056 quae
222 1997 289 2041 vir
323 1997 482 2040 doctus
519 1997 762 2055 disputavit
795 1999 841 2042 in
868 1998 972 2043 See·

80 2057 186 2101 bod.
205 2055 323 2100 Bibl.
347 2055 449 2099 crit.
481 2055 605 2098 1825.
635 2072 679 2114 p.
705 2057 824 2104 198„

445 2138 586 2180 Ulixi
633 2148 974 2183 consecratam.

80 2196 272 2242 Plurimi
323 2195 525 2240 dativum
571 2195 729 2240 dicunt
774 2198 975 2256 positum

81 2269 163 2312 pro
197 2257 257 2298 ab
291 2255 458 2302 Ulixe,
500 2261 549 2296 ut
580 2252 755 2297 Ernest.
786 2255 972 2302 Passov.

80 2314 207 2357 lless.
239 2311 416 2369 aliique.
497 2310 702 2369 Namque
733 2321 776 2356 et
812 2312 974 2358 Graeci

86 2380 128 2414 et
153 2369 298 2413 Latini
329 2370 590 2426 frequenter
623 2378 837 2428 usurpant
874 2386 974 2414 eam

86 2426 469 2471 constructionem
513 2425 646 2467 dativi
687 2443 789 2470 cum
825 2429 973 2472 verbis

86 2483 297 2542 passivis,
333 2489 404 2530 ut,
436 2482 471 2524 si
495 2499 519 2524 e
549 2484 769 2526 sermonis
788 2483 976 2527 Germa-

86 2541 172 2584 nici
196 2539 371 2583 ratione
402 2538 596 2586 iudices,
632 2539 751 2583 idem
775 2541 869 2584 sere
897 2558 973 2584 ex-

85 2599 329 2655 primatur,
366 2595 487 2654 quod
522 2603 588 2637 est
618 2596 665 2640 in
685 2598 744 2639 ab
768 2614 871 2642 cum
899 2600 974 2642 ab·

88 2654 242 2700 lativo.
324 2652 412 2697 Sed
444 2660 595 2696 manet
629 2654 778 2698 dativo
810 2655 976 2712 ubique

87 2729 164 2756 sua
197 2711 396 2759 indoles,
431 2725 569 2768 eaque
605 2712 696 2763 vis,
728 2723 775 2755 ut
806 2712 976 2756 indicet

90 2786 185 2813 rem
219 2769 287 2812 vel
319 2783 583 2827 personam,
622 2769 670 2812 in
704 2785 789 2826 qua
822 2771 975 2814 cerni-

89 2839 162 2871 tur
182 2826 380 2869 effectus.
441 2824 516 2868 Sic
540 2826 652 2869 infra
690 2843 728 2870 c.
755 2827 823 2871 16.
850 2830 975 2882 (nul-

87 2888 163 2927 las
213 2883 563 2925 Germanorum
599 2885 788 2939 populis
840 2887 978 2928 urbes

88 2941 310 2996 habitari)
357 2939 547 2986 verbum
591 2942 798 2985 habitari
842 2958 977 2986 sensu

91 3015 170 3042 suo
194 3006 256 3041 est
285 2998 589 3041 habitationis
615 3014 756 3042 causa
776 3014 898 3052 esse,
929 3009 980 3044 ut

90 3058 148 3099 ita
184 3054 358 3100 dativus
389 3053 603 3112 exprimat
641 3072 742 3107 eos,
785 3056 831 3099 in
866 3074 978 3127 quo·

92 3129 191 3156 rum
218 3128 348 3155 usum
373 3110 627 3164 habitentur
651 3116 801 3158 urbes.
867 3117 978 3175 bap.

91 3170 162 3214 34.
189 3169 434 3224 (Romanis
457 3171 684 3214 classibus
711 3173 978 3228 navigates)

93 3228 281 3272 verbum
327 3225 573 3279 navigates
618 3229 837 3286 significat
885 3245 978 3273 na-

94 3286 322 3340 vigatione
350 3291 590 3336 expertos,
621 3287 846 3341 cognitos,
881 3293 983 3345 post

93 3355 205 3399 quae
239 3340 493 3399 quaeritur,
528 3341 636 3384 cui?
693 3343 785 3387 An.
819 3347 885 3393 11,
907 3344 981 3387 29.

95 3398 330 3453 (Callistus
367 3397 466 3439 iam
507 3401 626 3442 mihi
663 3401 786 3444 circa
825 3417 983 3445 necem

98 3455 311 3498 Caesaris
338 3456 580 3508 nae-ratus)
612 3471 706 3500 non
735 3459 982 3516 quaeritur,

99 3527 120 3554 a
158 3527 247 3569 quo
289 3511 494 3555 Callistus
539 3512 626 3556 ille'
663 3513 718 3557 sit
762 3523 983 3567 narratus,

101 3578 292 3612 utrum·a
314 3568 471 3612 'l'acito
500 3586 556 3615 an
578 3571 633 3613 ab
655 3571 741 3614 alio
769 3572 980 3630 quodam,

137 2156 280 2184 aram
329 2170 342 2182 ι
379 2170 390 2182 ο

1038 849 1129 892 iam
1172 853 1399 890 narratum
1444 862 1564 899 esse,
1617 856 1660 890 et
1703 848 1805 906 quia
1848 849 1936 894 iam

1039 912 1248 948 narratus
1281 903 1360 955 sit,
1394 903 1553 947 Tacito
1582 906 1707 949 illum
1734 922 1827 951 non
1856 925 1937 951 su-

1039 977 1216 1021 peresse
1246 960 1541 1005 narrandum.
1601 963 1818 1007 Narratus
1854 965 1866 1006 i
1902 965 1936 1008 i·

1041 1029 1115 1063 tur
1148 1019 1234 1062 fuit
1259 1018 1434 1062 Tacito.
1495 1018 1648 1075 Quare
1680 1037 1773 1064 non
1807 982 1938 1066 adfir-

1040 1076 1256 1121 maverim
1281 1077 1330 1118 in
1355 1075 1506 1122 verbis
1535 1092 1682 1120 aram
1711 1107 1767 1114 —-
1802 1081 1942 1123 Ulixi

1039 1141 1362 1178 consecratam
1404 1132 1606 1180 dativum
1637 1152 1730 1178 esse
1763 1153 1846 1194 pro
1879 1140 1939 1181 ab

1040 1208 1143 1236 cum
1185 1191 1406 1236 ablativo:
1470 1190 1614 1234 immo
1655 1193 1829 1237 dativus
1874 1205 1940 1239 est

1039 1265 1121 1308 pro
1145 1248 1311 1294 dativo.
1372 1247 1466 1291 Iam
1493 1264 1587 1291 ara
1601 1250 1736 1292 Ulixi
1751 1274 1808 1283 -
1833 1268 1939 1295 con·

1038 1315 1222 1351 secr-ata
1249 1305 1367 1348 haud
1403 1305 1539 1350 dubie
1569 1315 1718 1364 potest
1751 1308 1940 1368 intelligi

1039 1381 1139 1415 ara,
1181 1379 1318 1421 quam
1348 1361 1499 1406 Ulixes
1533 1365 1664 1408 alicui
1694 1381 1938 1411 consecra-

1041 1422 1129 1473 vit,
1172 1431 1233 1464 ut
1255 1420 1313 1464 ita
1347 1419 1468 1463 Ulixi
1504 1433 1766 1466 consecrata
1799 1433 1938 1468 esset:

1042 1480 1118 1523 sed
1143 1477 1233 1522 loci
1257 1485 1489 1522 contextus
1517 1478 1649 1522 aliam
1674 1481 1942 1526 sententiam

1041 1543 1281 1582 monstrat.
1352 1534 1560 1594 Namque
1588 1535 1770 1581 Tacitus
1809 1540 1943 1583 mini-

1041 1610 1113 1636 me
1148 1601 1244 1635 erat
1272 1593 1514 1636 traditurus
1536 1592 1716 1637 Ulixem
1742 1612 1865 1639 aram
1892 1597 1942 1640 il-

1042 1651 1128 1694 lam
1173 1650 1402 1706 quondam
1452 1666 1738 1696 consecrasse
1792 1654 1942 1707 alicui,

1041 1709 1117 1751 sed
1146 1714 1370 1763 repertam
1398 1724 1490 1750 esse
1512 1723 1634 1751 aram
1662 1708 1805 1754 Ulixis
1827 1712 1872 1755 h.
1897 1730 1938 1757 e.

1042 1782 1163 1809 aram
1191 1763 1335 1808 Ulixis
1361 1764 1534 1807 nomini
1570 1766 1859 1825 inscriptam:
1897 1781 1942 1815 et

1042 1839 1116 1866 ara
1153 1822 1198 1865 in
1235 1821 1309 1864 tali
1341 1821 1443 1864 loco
1482 1839 1572 1863 non
1609 1824 1830 1881 significat
1861 1827 1938 1871 lo—

1043 1896 1147 1923 cum
1186 1878 1323 1923 sacris
1355 1877 1581 1921 faciundis
1628 1895 1940 1930 consecratam

1045 1938 1232 1991 (Altar,
1279 1935 1344 1978 uti
1378 1937 1517 1995 vulgo
1550 1937 1939 2001 interpretantur),

1046 1994 1123 2038 sed
1145 1993 1477 2038 monimentum
1505 1994 1550 2037 in
1575 2000 1840 2042 memoriam
1863 2001 1942 2045 ho·

1047 2052 1184 2095 minis
1206 2059 1282 2094 aut
1307 2051 1370 2094 rei
1397 2051 1610 2109 positum.
1670 2054 1728 2098 cf.
1760 2066 1854 2102 not.
1886 2061 1943 2103 ad

1048 2109 1136 2152 An.
1171 2111 1238 2157 14,
1260 2108 1331 2152 31.
1413 2109 1496 2153 Hic
1529 2110 1823 2168 cogitandum
1857 2117 1943 2161 erit

1048 2167 1102 2211 de
1142 2166 1288 2224 lapide
1319 2166 1465 2210 Ulixis
1501 2170 1676 2212 nomini
1709 2171 1944 2232 inscripto.

1049 2226 1117 2267 An
1141 2225 1235 2283 ipse
1264 2225 1412 2269 Ulixes
1439 2240 1562 2267 aram
1598 2231 1952 2284 consecraverit,

1047 2281 1230 2326 Tacitus
1262 2298 1410 2339 neque
1450 2282 1584 2327 docet
1614 2301 1762 2344 neque
1797 2289 1945 2335 voluit

1047 2347 1120 2383 aut
1142 2340 1290 2398 potuit
1312 2340 1489 2384 docere.

1105 2441 1504 2496 monimentaque.
1591 2442 1669 2485 Sic
1700 2443 1799 2488 MS.
1831 2445 1942 2491 Tur.

1047 2497 1150 2541 edd.
1174 2499 1294 2556 Spir.
1324 2498 1456 2541 Kath.
1484 2497 1691 2542 Norimb.
1753 2503 1813 2546 cf.
1842 2514 1942 2547 not.

1047 2557 1102 2598 ad
1125 2554 1214 2598 An.
1237 2554 1277 2606 3,
1295 2556 1363 2597 23.
1381 2555 1449 2599 72.
1470 2555 1512 2604 4,
1527 2556 1567 2598 7.
1592 2558 1656 2608 ll,
1674 2561 1740 2601 10.
1794 2559 1942 2620 Vulgo

1047 2621 1455 2668 monumentaque.
1528 2611 1738 2659 Ceterum
1780 2609 1956 2662 moui-¹

1048 2676 1210 2712 ttzenta
1243 2677 1287 2710 et
1319 2672 1526 2712 tumulos
1559 2670 1758 2740 intellige
1791 2678 1942 2720 moni-

1049 2734 1198 2769 menta
1221 2726 1278 2782 (h.
1294 2743 1330 2769 e.
1350 2725 1518 2783 lapides
1540 2745 1784 2774 memoriae
1803 2731 1946 2777 homi-

1049 2799 1160 2827 num
1186 2784 1443 2841 inscriptos)
1474 2784 1522 2828 in
1558 2789 1739 2832 tumulis
1773 2791 1946 2849 positos

1048 2843 1113 2884 vel
1132 2841 1331 2884 tumulos
1349 2857 1454 2885 cum
1474 2844 1776 2892 monimentis.
1810 2847 1948 2895 Roth.

1049 2898 1171 2956 1242.
1182 2898 1447 2942 vocabulum
1461 2905 1664 2946 tumulos
1675 2905 1948 2961 ἐξηγητικῶς

1050 2955 1252 2998 additum
1284 2963 1433 3013 putat:
1469 2957 1782 3014 Denkma'ler,
1817 2980 1946 3008 nem-

1049 3015 1141 3055 la'ch
1166 3013 1456 3068 Grubhiigel.
1527 3017 1617 3060 Sed
1650 3021 1809 3063 tumuli
1849 3039 1945 3066 non

1052 3079 1156 3112 sunt
1179 3071 1483 3124 monimenta,
1514 3090 1599 3117 nec
1623 3089 1808 3134 possunt
1838 3081 1940 3136 ἑξη-

1051 3127 1248 3184 γηι·ι.κῶς
1270 3127 1341 3172 hic
1363 3129 1468 3172 addi
1491 3131 1575 3174 nisi
1599 3150 1652 3176 eo
1684 3150 1819 3191 quem
1857 3139 1947 3182 dixi

1052 3185 1190 3227 modo
1213 3218 1223 3235 ,
1288 3195 1335 3227 ut
1386 3187 1608 3247 intelligas
1663 3194 1944 3240 monimenta

1052 3241 1172 3286 circa
1203 3243 1421 3288 tumulos.
1920 3262 1924 3270 “

1110 3341 1303 3387 Graecis
1327 3345 1513 3389 litteris.
1573 3347 1747 3407 Lipsius
1770 3351 1823 3394 ad
1847 3352 1890 3395 b.
1911 3353 1943 3398 l.

1053 3398 1249 3447 „litteris
1292 3401 1503 3455 fortasse,
1558 3404 1625 3447 vix
1670 3407 1806 3450 credo
1853 3409 1950 3453 lin*

1054 3473 1152 3514 gua.
1168 3462 1223 3479 '’'
1265 3458 1323 3502 cf.
1360 3459 1487 3504 Caes.
1528 3462 1580 3504 B.
1614 3461 1672 3507 G.
1710 3470 1749 3516 1,
1779 3466 1852 3510 29.
1891 3470 1941 3512 in

1052 3515 1220 3557 castris
1261 3515 1584 3561 Helvetiorum
1630 3524 1819 3565 tabulae
1861 3539 1941 3567 rc-

1048 3580 1214 3625 perlae
1244 3581 1357 3616 sunt
1397 3577 1561 3619 litteris
1596 3576 1791 3623 Graecis
1826 3598 1940 3625 con-

98 3626 173 3669 sed
203 3625 244 3669 id
279 3626 556 3684 potissimum
581 3627 727 3686 agitur
748 3628 978 3674 Callistum
1039 3628 1232 3684 sectam
1258 3632 1300 3683 6,
1328 3630 1395 3676 14.
1419 3633 1578 3688 Neque
1595 3635 1682 3691 sas
1711 3653 1810 3682 esse
1835 3641 1939 3684 exi-
