2150 4022
535 262 1068 326 DIALOGUS.
1150 264 1346 329 CAP.
1377 266 1483 328 21.

1798 266 1925 324 309

78 399 153 455 de
181 395 415 455 Furnio>
439 406 498 455 et
519 392 779 453 Coranio
810 393 957 451 alios
983 390 1049 450 i'n
1077 395 1280 450 eodem
1309 389 1738 453 valetudinario
1775 388 1921 450 haec

77 502 206 540 ossa
242 492 301 538 et
343 477 496 541 hauc
535 480 778 537 maciem
811 479 1086 555 probant.

69 672 259 728 populo.
316 668 490 714 Canuti
503 676 591 711 aut
610 668 762 711 Aride
784 667 965 712 Furnio

72 738 118 773 et
143 729 350 772 Toranio
366 728 455 783 ted.
476 726 580 769 Put.
600 724 791 782 Troiao)
803 757 817 781 ,
858 727 963 783 qui-

73 801 158 843 que
189 787 314 828 alios
343 787 389 827 in
414 787 520 829 eod.
543 785 682 826 valet.
710 785 822 826 haec
847 798 957 827 ossa

71 852 118 887 et
146 845 265 886 hanc
289 845 485 886 maciem
508 841 737 896 probant;
776 840 826 884 in
852 841 959 898 qui-

68 902 152 945 bus
177 899 374 943 tollenda
397 908 462 943 est
488 899 633 941 maior
657 896 956 942 distinctionis

71 966 175 1002 nota
219 964 320 1014 post
353 959 528 1012 populo
559 955 799 1006 collocata,
849 955 954 1012 quia

70 1014 210 1061 verba
250 1030 357 1059 cum
400 1011 767 1057 antecedentibus
802 1012 960 1056 iuncta

67 1073 264 1131 ineptam
293 1071 557 1114 sententiam
578 1069 707 1126 Apro
733 1069 955 1112 adtribue·

66 1138 194 1180 rent,
222 1128 379 1172 fatenti
403 1127 457 1170 de
480 1126 575 1170 aliis
597 1141 803 1184 quoque,
833 1125 954 1183 quod

67 1187 124 1230 de
157 1204 203 1228 se
235 1186 334 1244 ipso
355 1185 485 1228 fateri
513 1183 656 1227 licuit.
715 1182 957 1226 Con-iectu·

66 1259 139 1287 ras
171 1243 219 1287 in
250 1250 374 1286 tanta
405 1241 651 1285 sententiae
683 1239 957 1283 obscuritate

64 1301 393 1357 nominumque
453 1297 732 1355 ignobilitate
795 1297 954 1339 multas

64 1366 292 1402 tentarunt
314 1356 475 1401 critici.
535 1354 708 1411 Lipsius
729 1354 954 1410 corrigere

64 1415 264 1461 volebat:
293 1429 376 1463 nec
395 1427 542 1454 unum
565 1415 624 1452 de
640 1414 834 1466 populo,
868 1412 950 1453 Ca·

63 1473 182 1515 nulii
211 1478 298 1512 aut
328 1471 451 1513 Attii
483 1473 540 1511 de
563 1468 750 1511 Furnio
785 1478 829 1512 et
857 1468 950 1511 To-

64 1530 227 1580 ranio,
262 1530 426 1584 quique
459 1527 543 1568 alii
567 1526 622 1567 in
642 1541 681 1569 e.
705 1540 747 1568 υ.
768 1529 815 1569 h.
839 1542 880 1569 o.
906 1532 951 1567 ce

64 1590 185 1630 hanc
206 1587 405 1628 maciem
420 1587 575 1639 prob„
609 1582 654 1625 in
677 1584 780 1626 edd.
809 1590 956 1640 poste-

63 1643 284 1688 rioribus:
311 1657 393 1684 nec
417 1644 551 1683 unius
574 1644 632 1681 de
649 1656 757 1694 pop.
773 1641 878 1683 Arii
894 1643 952 1681 dc

64 1702 241 1746 Furnio
263 1707 308 1741 et
326 1699 538 1742 Toranio
551 1731 561 1747 ,
600 1700 765 1754 quique
791 1699 874 1739 olii
901 1698 951 1738 in

65 1761 169 1804 cod.
193 1760 332 1804 valet.
357 1763 441 1800 cet.
475 1779 523 1789 --
588 1754 801 1798 Pithoeus
827 1754 951 1796 litte-

63 1816 127 1861 ris
187 1812 526 1872 exprimendum
589 1811 793 1856 curavit:
867 1826 951 1853 nec

63 1888 206 1917 unum
224 1876 282 1914 de
299 1886 406 1927 pop.
429 1869 603 1912 Canuti
623 1869 746 1911 *aut
771 1870 873 1911 Atti
891 1872 950 1910 dc

62 1929 247 1975 Furnio
270 1936 315 1971 et
338 1927 541 1970 Toranio
565 1930 729 1982 quique
750 1928 870 1968 alios
898 1927 948 1966 in

62 1990 167 2033 eod.
204 1988 298 2028 val.
369 1982 598 2028 Acidalius
628 1982 780 2041 priora
817 1982 948 2024 verba

60 2040 416 2106 praetermittens
445 2042 492 2084 in
524 2039 855 2099 posterioribus.
876 2040 947 2083 vet

61 2107 174 2147 haec
216 2113 327 2143 osso
365 2106 413 2141 et
449 2100 569 2140 hanc
606 2098 800 2140 maciem
832 2110 948 2152 pro-

7 2153 11 2155 ’
61 2161 179 2204 dunt
202 2154 271 2200 vel
294 2158 522 2212 quosdam
548 2158 671 2197 altos
701 2156 758 2197 in
786 2158 947 2197 codem

60 2219 154 2261 val.
177 2217 290 2259 hacc
312 2227 423 2256 ossa
448 2221 492 2255 et
511 2214 625 2255 haec
647 2213 819 2255 macies
837 2226 947 2266 pro·

61 2278 201 2329 bant,
231 2280 283 2315 ut
302 2272 430 2313 altos
449 2269 668 2327 significet
691 2269 884 2312 nutritos
906 2278 949 2312 et

62 2332 292 2377 educatos.
364 2325 614 2383 Schulting.
649 2326 703 2369 ad
737 2325 948 2369 audacias

63 2385 314 2433 remedium
344 2383 539 2427 recurrit
570 2391 614 2425 et
639 2382 807 2440 partim*
835 2398 884 2425 su
924 2409 943 2416 -

62 2443 231 2507 plendo
250 2441 412 2500 partim
434 2438 710 2498 corrigendo
728 2439 792 2482 sic
814 2399 951 2483 verim

63 2500 322 2550 constituitz
355 2512 441 2541 n-cc
464 2504 514 2539 ut
537 2511 684 2540 unum
703 2499 761 2537 de
778 2499 957 2550 populo

62 2559 280 2607 carmina
309 2558 511 2599 laudare
541 2554 648 2599 Atti
680 2556 739 2595 de
770 2554 948 2597 Furnio

63 2628 109 2664 et
124 2616 327 2660 Toranio
341 2646 355 2669 ‚
385 2627 530 2668 neque
549 2614 754 2653 aliorum
773 2612 822 2653 in
843 2615 944 2652 eod.

61 2677 231 2729 valet„
263 2671 347 2728 qui
364 2673 474 2713 haec
499 2684 605 2712 ossa
629 2677 671 2710 et
691 2670 814 2710 hanc
839 2684 944 2710 ma-

61 2736 174 2777 ciem
191 2732 420 2786 probant,·
447 2725 650 2771 Schelius
663 2740 682 2767 a
699 2740 781 2767 nec
801 2740 945 2767 unum

61 2795 119 2834 de
139 2790 310 2844 populo
335 2784 524 2828 Canatii
552 2791 634 2825 aut
665 2784 948 2826 auditoribus

65 2848 150 2904 (vel
180 2845 461 2898 (auditorem)
491 2841 656 2884 Fur-nii
674 2848 721 2882 ct«
743 2840 947 2888 Toranii,

66 2906 227 2962 quique
251 2902 337 2944 alii
354 2930 367 2943 .
395 2932 406 2942 .
433 2931 446 2943 .
465 2900 667 2953 probant
694 2897 757 2940 vel
783 2899 946 2953 quique

61 2963 185 3004 atius
228 2990 240 3002 .
269 2988 282 3001 .
315 2989 328 3001 .
364 2958 550 3012 probat.
645 2954 858 3012 Sequitur
914 2956 946 2997 l.

61 3020 138 3062 Fr.
181 3014 466 3076 Gronovius,
520 3029 549 3056 e
591 3011 718 3056 cuius
762 3012 944 3068 ingenio

65 3075 197 3118 verba
249 3073 314 3115 sic
365 3073 595 3114 entendata
652 3068 941 3127 prodierunt:

64 3147 146 3176 nec
168 3144 311 3172 unum
330 3131 387 3171 dc
406 3131 577 3183 populo
592 3126 842 3169 Canusium
860 3134 944 3168 aut

64 3190 255 3234 Arrium
325 3185 610 3228 Furniumve
673 3186 945 3238 nominabo,

66 3258 268 3304 quosque
301 3245 418 3286 alios
445 3243 491 3284 in
523 3244 624 3283 eod.
660 3243 800 3285 valet.
834 3243 946 3283 haec

66 3317 172 3346 ossa
225 3309 269 3343 ct
323 3303 438 3342 hacc
496 3300 665 3341 rtzoci'cs
720 3300 941 3352 probant,

69 3375 201 3418 quam
235 3357 597 3401 emendationem·
620 3354 871 3398 Heumann.
901 3363 944 3397 et

70 3418 104 3460 l.
124 3414 263 3459 Bekk.
287 3415 354 3470 [in
377 3412 619 3455 novissima.
639 3427 819 3469 quoque
842 3412 944 3455 edit.

68 3489 170 3518 cum
200 3471 439 3522 Boettich.]
465 3477 755 3526 receperunt,
797 3470 946 3525 priora

68 3538 239 3573 tantum
283 3529 416 3572 verba
459 3526 690 3572 Schulzius
731 3526 945 3578 adhibuit,

69 3587 316 3645 posteriora
365 3584 466 3629 satis
517 3583 705 3627 feliciter
758 3582 950 3627 conexit

1169 479 1292 554 ipse
1320 476 1473 536 mihi
1495 478 1741 549 Calvus,
1782 498 1921 535 cum

1033 670 1196 725 quique
1228 667 1340 710 aliis
1367 669 1420 710 in
1446 673 1614 713 eodem
1637 673 1776 714 valet.
1800 671 1925 713 haee

1031 740 1146 769 ossa
1195 732 1240 766 et
1288 726 1408 767 hanc
1454 731 1650 771 maciem
1691 728 1924 784 probant,

1031 783 1410 831 consentientibus
1432 782 1628 829 Seebod.
1660 795 1702 829 et
1724 784 1920 836 Orellio,

1027 839 1101 884 cui
1124 839 1313 882 fortasse
1337 838 1577 896 legendum
1598 842 1776 887 videtur
1796 856 1915 896 pro-

1027 900 1148 940 bent.
1205 895 1256 937 In
1282 896 1492 940 Seebodii
1515 914 1622 942 vero
1647 898 1918 958 exemplaris

1024 969 1108 997 nec
1145 967 1289 995 unum
1328 957 1386 995 dc
1422 958 1622 1008 populo,
1662 956 1918 1000 Canutium

1025 1019 1112 1055 aut
1134 1013 1331 1053 Arrium
1346 1043 1364 1065 ,
1391 1011 1623 1056 Furnium
1648 1021 1733 1056 aut
1755 1013 1914 1058 Tora-

1024 1070 1157 1110 nium
1214 1067 1403 1126 legitur‚
1472 1069 1517 1110 in
1580 1087 1670 1128 quav
1729 1070 1911 1129 quidem

1027 1125 1219 1169 lectione
1245 1124 1412 1182 aliquid
1435 1125 1735 1181 desideratur,
1765 1130 1910 1186 negli-

1026 1191 1180 1240 genter
1202 1181 1396 1225 sort-asse
1422 1184 1655 1228 omissum.
1718 1185 1765 1228 ln
1789 1185 1906 1228 Gro-

1026 1240 1145 1282 novii
1170 1239 1392 1296 scriptura
1415 1240 1513 1283 iure
1547 1249 1593 1283 tu
1630 1243 1915 1299 quaesiveris,

1026 1297 1134 1355 quid
1157 1296 1237 1339 sibi
1261 1295 1363 1339 velit
1384 1299 1661 1348 non-anaba,
1692 1301 1764 1343 cui
1786 1300 1914 1344 vesti-

1026 1356 1094 1412 gia
1122 1353 1328 1410 antiquae
1352 1353 1557 1398 lection-is
1585 1355 1637 1399 in·
1656 1357 1792 1401 codd.
1819 1373 1916 1402 non

1023 1411 1335 1467 respondent·,
1398 1428 1503 1455 nam
1557 1413 1598 1456 si
1642 1414 1915 1460 sententiam

1021 1468 1138 1511 hanc
1170 1483 1262 1510 esse
1295 1466 1416 1520 vult,
1451 1479 1657 1514 oratores
1677 1487 1792 1530 quos
1818 1487 1911 1517 no-

1023 1525 1260 1570 minaverit
1284 1526 1495 1583 scriptor,
1513 1528 1560 1570 in
1576 1543 1733 1571 eorum
1749 1545 1914 1574 nume-

1021 1598 1124 1626 rum
1174 1580 1436 1627 referendos
1485 1599 1611 1637 esse,·
1660 1586 1709 1628 in
1749 1587 1917 1645 quibus

1020 1639 1218 1696 tegendis
1250 1639 1372 1698 Aper
1403 1641 1473 1685 vix
1509 1658 1722 1685 somnum
1756 1654 1914 1688 tenere

1022 1698 1159 1755 possit
1174 1728 1185 1744 ,
1216 1705 1337 1739 recte
1357 1697 1402 1740 id
1422 1699 1602 1755 quidem
1624 1700 1802 1756 statuit,
1832 1701 1910 1746 sed

1021 1764 1142 1806 tum,
1183 1769 1320 1808 quem
1342 1755 1387 1797 in
1414 1756 1550 1798 finem
1578 1757 1822 1814 professio,
1863 1774 1912 1802 se

1020 1827 1116 1854 non
1143 1811 1328 1854 nomin-e
1352 1813 1628 1870 signaturum
1655 1814 1784 1865 illos,
1825 1816 1910 1860 ad-

1022 1870 1111 1912 dita
1146 1868 1227 1916 sit,
1260 1870 1447 1912 omnino
1478 1886 1571 1912 non
1599 1871 1753 1929 liquet.
1814 1874 1913 1918 Au·-

1021 1925 1199 1968 daciore
1218 1926 1349 1969 etiam
1368 1927 1909 1973 remedioScburzfleisch.

1021 1999 1126 2025 usus
1163 1992 1252 2034 est,
1294 1999 1398 2027 nam
1428 1992 1717 2044 posteaquam
1751 2003 1911 2031 ernen-

1020 2039 1273 2082 dationem:
1323 2056 1406 2082 nec
1448 2056 1595 2084 unum
1635 2047 1693 2085 de
1735 2047 1911 2098 populo

1023 2097 1194 2139 Canuti
1226 2106 1311 2139 aut
1346 2099 1487 2153 Arri,
1545 2103 1623 2141 vel
1656 2101 1908 2145 Farm'iet

1021 2154 1241 2211 Tamna,
1334 2157 1496 2211 quique
1552 2159 1641 2200 olii
1693 2168 1804 2201 sunt
1859 2159 1914 2202 in

1018 2215 1188 2253 eodem
1246 2215 1382 2256 valet.
1405 2245 1426 2268 ,
1511 2216 1628 2257 haec
1692 2230 1804 2259 ossa
1843 2225 1914 2260 *et

1017 2271 1136 2311 hanc
1182 2272 1379 2312 maciem
1427 2273 1634 2325 probare
1653 2305 1666 2327 ,
1724 2282 1774 2316 ut
1824 2289 1907 2332 par

1019 2333 1135 2375 erat,
1185 2326 1361 2378 reiecit,
1404 2326 1596 2374 malebat
1626 2345 1733 2373 cum
1768 2330 1907 2375 docto

1019 2383 1167 2425 amico
1191 2384 1256 2426 sic
1277 2384 1520 2441 refingeret
1560 2400 1645 2428 nec
1673 2401 1818 2430 unum
1847 2391 1908 2432 de

1017 2442 1191 2493 populo
1222 2440 1486 2484 Cinctutum
1517 2443 1717 2486 Nattam
1745 2445 1907 2497 Ennii.

1020 2499 1304 2552 Andronici,
1368 2500 1532 2554 quique
1574 2501 1662 2542 alii
1700 2509 1812 2545 sunt
1855 2505 1912 2548 ὑ»

1018 2556 1125 2596 eod*
1140 2557 1280 2596 valet.
1296 2590 1308 2606 ‚
1338 2556 1451 2597 lmec
1471 2570 1583 2598 ossa
1604 2566 1647 2598 et
1666 2560 1785 2603 hanc
1804 2575 1908 2612 ma·

1015 2613 1129 2652 ciem
1151 2615 1377 2667 probare,
1421 2613 1499 2655 ubi
1524 2613 1722 2658 Cinctuti
1747 2616 1906 2662 Nattae

1017 2669 1199 2710 nomine
1227 2669 1356 2711 vilem
1383 2669 1611 2714 hominem
1647 2680 1689 2715 et
1723 2674 1911 2719 obsole-·

1015 2733 1110 2765 tum
1145 2725 1222 2775 (cs.
1253 2727 1362 2769 tior.
1389 2726 1444 2771 A.
1471 2727 1520 2770 Ρ.
1549 2730 1621 2772 50.
1667 2730 1757 2772 Sat.
1791 2734 1828 2782 1,
1858 2733 1901 2784 6,

1019 2783 1132 2837 124.)
1178 2781 1397 2840 designari
1433 2784 1556 2835 vult,
1601 2793 1654 2829 ut·
1682 2787 1905 2834 sententia

1017 2840 1099 2882 sit:
1144 2840 1270 2884 Adeo
1296 2856 1451 2883 omnes
1473 2842 1714 2887 abhorrent
1735 2845 1789 2888 ab
1815 2860 1898 2891 an—

1017 2897 1246 2954 tiquorum
1275 2896 1510 2955 squalore,
1540 2907 1588 2942 ut
1611 2899 1683 2944 vel
1706 2902 1905 2961 populus

1017 2955 1167 3010 (quem
1202 2956 1377 3011 plebem
1411 2955 1636 3015 intelligit)
1671 2967 1898 3004 orator-em

1018 3012 1116 3054 talia
1167 3011 1467 3068 proferentem
1519 3013 1637 3057 ferre
1689 3027 1899 3075 nequeat,

1018 3069 1252 3111 Broterius
1268 3068 1454 3112 salutem
1481 3071 1683 3129 repetivit
1709 3089 1760 3116 ex
1792 3090 1899 3133 sup·

1016 3128 1268 3184 plemento:
1320 3141 1402 3169 nec
1442 3137 1584 3170 unum
1624 3133 1689 3173 de<
1715 3135 1903 3185 populo.

1013 3186 1096 3225 sed
1128 3185 1353 3225 rusticum
1387 3187 1556 3236 videri,
1599 3187 1681 3241 qui
1700 3188 1900 3231 Canutio

1015 3247 1097 3282 aut
1135 3240 1276 3281 Arrio
1318 3243 1608 3291 delectatur..
1660 3246 1705 3288 F
1703 3247 1899 3288 urniovc

1016 3305 1100 3338 auc
1126 3296 1358 3353 Toranio,
1397 3301 1562 3354 quique
1584 3303 1699 3343 alios·
1721 3302 1771 3342 ιή
1796 3306 1900 3348 cod.

1015 3356 1156 3396 valet.
1174 3386 1185 3403 .
1215 3357 1328 3397 haec
1350 3371 1459 3399 ossa
1486 3365 1532 3399 ει
1558 3360 1675 3400 lianc
1701 3362 1900 3410 maciem

1012 3413 1226 3465 probant.
1289 3411 1367 3456 Ed.
1393 3412 1491 3471 Rip.
1522 3415 1729 3471 antiquos
1762 3416 1906 3461 libros

1018 3477 1228 3525 sequutus
1273 3470 1520 3514 verborum
1565 3473 1901 3521 distinctionem

1018 3525 1199 3568 servavit
1223 3534 1266 3569 et
1286 3527 1552 3571 incisionem
1576 3530 1679 3572 fecit
1701 3541 1803 3587 post
1821 3546 1902 3586 po-

1015 3585 1151 3637 pulo,
1190 3582 1363 3641 reliqua
1391 3586 1453 3630 sic
1478 3584 1715 3630 exhibens?
1753 3589 1905 3634 Canu=
