2150 4022
190 217 312 276 182

483 214 730 277 IULII
776 211 1094 279 AGRIC.

1626 111 1631 117 ι
1673 88 1682 122 l

1141 211 1377 279 VITA
1418 210 1741 280 CAP.32.·

185 345 352 417 „tius
382 357 581 406 tamen
608 339 809 402 hostes
834 363 1012 420 quam
1038 363 1275 414 servos,
1322 331 1438 405 fide
1482 355 1541 403 et
1579 345 1817 423 adfectu
1848 346 2039 406 teneri

188 430 471 508 „putatis
555 441 766 486 metus,
788 440 846 486 et
879 441 1070 492 terror
1106 441 1216 498 est,
1269 429 1507 489 infirma.
1529 429 1727 489 vinela
1754 430 2039 491 caritatis:

185 537 384 593 „quae
406 515 511 571 ubi
540 514 886 601 removeri8‚
937 515 1042 593 qui
1065 515 1269 573 timere
1294 515 1607 586 desierint,
1661 516 1855 574 odisse
1886 517 2040 576 inei-

187 647 223 673 ‚‚
232 601 416 678 pient.

515 595 741 656 Omnia
789 599 1071 657 victoriae
1119 598 1497 657 incitamenta
1528 621 1644 676 pro
1675 602 1859 661 nohis·
1883 613 2040 662 sunt.

159 737 166 744 .
186 686 430 757 „nullae
444 682 750 742 Romanos
772 678 1048 761 coniuges
1077 685 1430 745 accendunt:
1474 685 1631 743 nulli
1654 700 1925 763 parentes
1945 688 2043 747 fu-

189 791 374 846 „gam
413 771 824 846 exprobraturi
859 783 1022 828 sunt:
1081 780 1182 828 aut
1207 770 1375 828 nulla
1399 770 1695 850 plerisque
1724 773 2043 849 patria‘aut

186 966 231 1002 et
264 957 519 1012 Ernestius,
559 976 672 1019 quos
707 969 883 1018 praeter
915 959 1079 1004 Seebo·

183 1017 311 1061 dium
329 1016 749 1060 etnoedert'einium
777 1035 932 1061 omnes
956 1017 1079 1061 dein-

186 1090 290 1132 ceps
313 1075 487 1133 sequuti
516 1083 636 1119 sunt.
697 1076 903 1123 Rhenani·
921 1091 1080 1123 emen-2

186 1131 367 1174 datione
425 1136 779 1177 commodantes
826 1134 886 1176 ob
944 1134 1079 1176 fidem

186 1188 291 1232 libri
326 1206 451 1234 nunc
488 1207 580 1232 non
615 1206 744 1247 opus.
830 1192 1080 1234 Commen-

185 1250 350 1302 dene,
383 1249 505 1304 quod
536 1263 619 1303 pro
656 1249 830 1306 vulgato
872 1265 1082 1292 commo-

185 1307 297 1348 dent
331 1305 376 1346 in
403 1306 502 1355 MS.
527 1305 569 1346 V
571 1306 670 1348 atie.
689 1305 816 1351 3429.
849 1316 1078 1365 repertum

140 1409 143 1411 ,
186 1369 279 1420 est,
329 1362 498 1420 placuit
544 1362 741 1406 tteekero
785 1372 828 1407 et
864 1364 1081 1408 tiertetio.

185 1418 403 1472 [Solitum
440 1421 485 1462 in
521 1419 600 1462 illo
629 1421 855 1464 vocabulo
881 1438 1081 1466 errorem

187 1476 523 1578 dicigorellius
557 1477 613 1521 ad
637 1477 828 1523 Phaedri
862 1478 1004 1524 fabul.
1045 1482 1084 1532 l,

186 1535 259 1584 4⁷.
315 1540 350 1589 ,-]

242 1586 404 1636 hostes
429 1607 571 1649 quam
598 1606 774 1637 servos.
833 1593 948 1637 Edd.
980 1603 1083 1638 ante

147 1669 150 1674 ·
184 1648 453 1700 Rhenanum
477 1653 639 1694 hostes
659 1667 845 1704 ser-vos3
875 1652 972 1702 MS.
990 1651 1078 1695 Va-

184 1707 266 1755 tic.
313 1707 441 1753 3429.
495 1724 660 1756 servos
704 1712 895 1764 nostes,
957 1709 1083 1769 quod

186 1766 498 1825 probaverunt
539 1766 767 1811 Beckerus
814 1778 858 1812 et
898 1768 1085 1816 Hei-tel..

189 1822 355 1882 quibus
391 1827 570 1879 „servi
600 1827 758 1869 hostes
790 1835 896 1870 sunt
933 1827 1085 1870 bomi-

189 1897 298 1929 nes,
349 1884 425 1943 qui
463 1882 635 1927 etiamsi
669 1884 892 1935 serviant,
935 1884 1084 1929 hostes

189 1945 342 1981 tamen
376 1956 609 1998 nunquam
647 1958 739 1984 esse
773 1941 1084 1985 desiverunt.¹’

191 1994 296 2050 Qua
319 1997 500 2046 tandem
528 1998 701 2044 ratione
727 2000 771 2043 id
802 1999 898 2043 fieri
932 2000 1086 2057 possit,

190 2051 399 2110 equidem
434 2070 528 2103 non
571 2057 811 2115 adsequor.
883 2057 1085 2100 Praestat

189 2109 308 2158 haud
364 2112 500 2159 dubie
551 2111 752 2161 Rhenani
811 2115 1086 2167 emendatio,

191 2166 409 2227 quidquid
435 2170 593 2215 dicunt
615 2172 763 2227 inepti
784 2173 1084 2217 Membrana·

191 2240 300 2268 rum
322 2229 660 2278 admiratores,
721 2228 808 2274 Sed
834 2241 984 2275 tamen
1009 2229 1085 2274 ubi

192 2282 448 2339 religiosior
467 2283 627 2344 aliquis
652 2295 739 2342 est,
774 2303 857 2346 per
881 2305 957 2332 me
984 2287 1088 2332 licet

194 2341 390 2398 corrigat
410 2345 583 2398 hostis„
615 2352 666 2386 ut
687 2354 762 2389 aut
785 2346 996 2404 iungatur
1017 2362 1088 2404 ge-

195 2398 360 2444 nitivus
405 2416 508 2444 cum
553 2416 716 2446 servos
760 2406 854 2455 (als
895 2405 1091 2451 Sclaven

183 2459 277 2568 Jes
296 2456 516 2514 Feindes)
546 2469 621 2502 aut
655 2475 760 2503 cum
783 2463 886 2519 side
918 2468 963 2504 et
997 2465 1089 2504 ad-

219 2521 335 2557 ectu.

253 2578 407 2618 metus
448 2581 493 2616 ec
537 2581 696 2630 terror
740 2584 807 2619 est
828 2610 841 2629 ,
899 2579 1092 2635 infirma

196 2628 367 2671 vincla.
442 2631 564 2675 Male
608 2633 708 2676 edd.
745 2634 953 2680 Beroald.
991 2637 1092 2681 Alc.

198 2693 312 2751 met.
352 2695 396 2730 et
426 2697 579 2732 terror
608 2699 720 2733 sunt
754 2693 836 2748 inf.
855 2726 867 2744 ,
916 2693 1093 2752 vulgata

198 2751 419 2799 scriptura
459 2746 622 2799 nititur
662 2749 950 2808 antiquarum
989 2753 1091 2795 edd.

198 2804 484 2853 testimoniis.
542 2808 696 2850 uincla
728 2809 1006 2854 exhibuimus
1044 2825 1094 2853 ex

201 2857 300 2904 MS.
337 2858 483 2911 Vatic.
516 2862 670 2916 3429„
719 2874 766 2909 ut
799 2867 910 2911 Hist.
946 2868 987 2923 3,
1024 2867 1094 2910 23·

202 2913 301 2968 4743
328 2919 512 2961 vincula
532 2924 745 2967 caritatis
766 2926 962 2991 reperias
984 2942 1094 2983 quo-

205 2987 294 3039 qpe
328 2974 417 3023 An.
451 2979 489 3028 1,
526 2979 597 3022 55.
673 2981 771 3038 [De
811 2984 1092 3041 adpositione

204 3032 307 3075 vide
334 3032 474 3081 Kritz,
502 3037 556 3079 ad
583 3037 692 3083 Sall.
716 3038 813 3083 Cat.
842 3057 883 3091 c.
902 3043 942 3091 4,
965 3043 1035 3096 2.]

261 3105 382 3149 quae
405 3092 493 3133 ulai.
556 3095 663 3139 Edu.
685 3096 864 3142 Puteol.
889 3115 956 3157 pr.
970 3099 1095 3144 Med.

203 3144 319 3191 ven.
344 3163 434 3209 qua
456 3152 543 3195 uhi.

263 3206 344 3261 qui
393 3207 564 3253 timere
618 3214 856 3256 desierint.
944 3213 1097 3271 Lipsio

207 3260 411 3318 placebat
452 3279 567 3319 quos
607 3269 799 3323 timere,
852 3281 895 3314 at
933 3273 1095 3315 melius

204 3320 368 3365 timere
396 3330 437 3367 et
461 3325 615 3373 odisse
638 3329 842 3372 absolute
865 3330 1094 3388 accipiun-

205 3385 304 3429 tur,
334 3388 382 3421 ut
405 3381 496 3424 An.
523 3383 588 3435 15,
607 3384 679 3427 67,
699 3393 742 3427 et
759 3386 909 3441 Agric.
935 3404 975 3431 c.
998 3389 1068 3431 22.

260 3442 540 3490 accendunt,
600 3440 676 3485 Sic
693 3442 788 3486 MS.
810 3444 951 3487 Vatic.
966 3444 1096 3491 3429.

210 3493 311 3540 edd.
347 3498 522 3544 Puteol.
567 3515 637 3557 pr.
680 3500 869 3547 Mediot.
901 3502 1004 3547 Riv.
1042 3529 1096 3538 -—

210 3558 434 3602 accedunt
473 3557 627 3604 vitiose
667 3557 765 3605 edd.
800 3558 901 3607 Put.
939 3560 1097 3610 venet,

1151 958 1361 1005 Beroald.
1385 957 1516 1009 Alc..
1555 975 1688 1017 quem
1711 975 1911 1007 errorem
1933 976 2043 1006 cor-

1150 1017 1259 1060 rexit
1273 1015 1530 1061 Rhenanus.
1569 1017 1743 1062 Mirum
1762 1033 1894 1071 sane,
1922 1018 2044 1063 Doe-

1151 1073 1421 1118 derleinium
1464 1076 1566 1119 Act.
1610 1073 1721 1134 phil.
1761 1075 1946 1122 Monac.
1987 1075 2046 1121 Il.

1152 1148 1197 1190 p.
1224 1131 1321 1176 337.
1350 1136 1580 1175 acsedunt
1609 1133 1855 1190 scripturae
1887 1143 2044 1192 patro-

1153 1206 1263 1232 num
1301 1189 1529 1234 exstitisse.
1589 1190 1649 1234 cf.
1677 1191 1731 1234 de
1754 1189 1911 1235 Germ.
1937 1207 1977 1234 c.
1997 1190 2042 1234 7.

1152 1249 1426 1290 hortamina
1472 1249 1790 1302 pugnantibus
1838 1256 2045 1303 gestant.

1155 1306 1284 1348 Caes.
1313 1306 1367 1348 de
1394 1305 1500 1351 bell.
1527 1305 1633 1362 gall.
1662 1309 1700 1357 1,
1725 1307 1797 1349 51.
1826 1308 2046 1350 mulieres

1154 1362 1507 1417 imposuerunt,
1556 1378 1676 1418 quae
1720 1363 1772 1405 in
1809 1365 2048 1416 proelium

1149 1421 1492 1477 proficiscentes
1515 1421 1688 1464 milites
1704 1421 1863 1474 passis
1880 1423 2044 1465 mani-

1154 1481 1237 1522 bus
1253 1477 1430 1534 flentes
1459 1480 1808 1531 implorabant,
1837 1493 1900 1522 ne
1924 1494 1975 1523 se
1999 1481 2048 1522 in

1152 1537 1430 1579 servitutem
1492 1537 1725 1580 Romanis
1791 1539 2049 1591 truderent.

1154 1593 1354 1636 Eandem
1378 1593 1720 1651 discrepantiam
1745 1593 1922 1638 notavit
1935 1594 2050 1637 Dra·

1156 1649 1407 1695 kenborch.
1429 1651 1483 1700 ad
1514 1651 1606 1694 Liv.
1628 1649 1669 1700 3,
1691 1650 1790 1702 68..
1829 1651 1943 1699 adde
1967 1651 2051 1699 Ci-

1156 1724 1249 1754 cer..
1272 1723 1355 1766 pro
1380 1708 1545 1753 Archia
1568 1725 1609 1754 e.
1633 1708 1674 1760 6,
1699 1711 1767 1752 14.
1795 1709 1898 1754 nisi
1923 1710 2049 1754 liue-

1155 1780 1320 1808 rarum
1346 1769 1508 1809 lumen
1533 1769 1802 1817 accederet,
1841 1782 1925 1835 pro
1958 1783 2051 1824 quo

1156 1824 1427 1881 vulgabatur
1459 1827 1747 1869 accenderat.
1783 1823 1886 1871 ..Sic
1916 1826 2048 1870 tmu-

1158 1889 1254 1923 tem
1295 1885 1549 1928 accendere
1581 1882 1674 1926 An.
1708 1883 1776 1933 14,
1810 1881 1881 1935 7.;
1930 1883 2055 1931 mihi

1155 1941 1347 1981 animus
1413 1940 1685 1982 accenditur
1745 1937 1854 1984 Sall.
1919 1939 2052 1987 Catil·

1156 2014 1198 2046 c.
1218 1997 1287 2046 20,
1301 1997 1345 2040 6.
1625 2032 1628 2035 .

1213 2054 1568 2108 exprobraturi.
1638 2053 1756 2099 Edd.
1787 2052 1967 2100 Puteol.
2009 2064 2055 2102 et

1157 2113 1254 2160 Riv.
1287 2113 1615 2166 exprobaturi.

1217 2177 1301 2212 aut
1337 2172 1472 2212 nulla
1499 2169 1740 2225 plerisque
1772 2170 1938 2224 patria
1966 2178 2054 2218 aut

1157 2230 1261 2271 alia
1326 2236 1412 2270 est.
1505 2227 1780 2285 Plerumque
1842 2227 2052 2273 Barelaio

1159 2293 1402 2345 praeeunte
1435 2286 1594 2341 quibus
1629 2287 1760 2329 nulla
1787 2288 1950 2340 patria
1979 2286 2054 2329 in-

1159 2345 1423 2400 telliguntur
1468 2341 1700 2393 Britanni,
1794 2342 1839 2386 ui
1887 2343 2070 2401 patriae-

1162 2399 1410 2445 desertores
1433 2400 1730 2444 dominationi
1752 2359 1922 2444 a‘iienae
1947 2393 2054 2445 sait-

1192 2459 1344 2501 uinem
1370 2474 1499 2501 suum
1521 2458 1944 2503 commodaverunt.
2004 2460 2055 2504 ld

1162 2477 1369 2562 {rnestio
1406 2532 1613 2574 quoque,
1660 2515 1912 2564 Walchio,
1961 2517 2058 2560 aliis

1163 2575 1402 2635 probatum
1420 2582 1500 2617 est.
1538 2576 1596 2618 At
1613 2589 1724 2617 vero
1751 2589 1907 2616 nonne
1932 2573 2056 2623 bisce

1165 2633 1306 2693 patria
1340 2640 1405 2674 est
1437 2633 1529 2689 ipsa
1567 2631 1829 2676 Britannia?
1888 2629 2054 2676 Consi-

1166 2694 1294 2734 deres
1330 2688 1462 2732 velim
1502 2688 1825 2731 sententiarum
1868 2703 2057 2743 nexum,

1166 2747 1383 2805 Calgacus
1415 2755 1617 2789 recenset
1643 2745 1857 2789 victoriae
1890 2745 2070 2791 incita-.

1167 2815 1341 2851 menta,
1381 2802 1530 2846 omnia
1558 2803 1666 2846 dicit
1691 2818 1774 2863 pro
1797 2802 2058 2849 Caledoniis

1166 2879 1283 2913 esse,
1315 2861 1464 2904 deesse
1498 2876 1608 2905 vero
1645 2859 1796 2904 hostili
1826 2862 2055 2908 exercitui.

1164 2921 1244 2965 Uti
1270 2916 1571 2970 Caledonios,
1615 2918 1680 2962 sic
1701 2926 2058 2978 argumentatur,

1165 2978 1331 3036 patriae
1370 2991 1498 3019 amor
1538 2975 1695 3019 incitat
1732 2978 1784 3020 ad
1823 2975 2060 3021 victoriam

1166 3033 1480 3083 referendam,
1522 3034 1578 3078 ita
1613 3034 1807 3078 hostiurn
1838 3033 2059 3092 plerisque

1167 3100 1242 3138 aut
1263 3090 1383 3133 nulla
1405 3089 1547 3148 patria
1571 3099 1658 3139 est,
1689 3091 1785 3140 lue.
1804 3090 1945 3149 patria
1965 3108 2060 3138 non

1170 3158 1260 3201 est,
1313 3164 1396 3206 pro
1440 3163 1524 3211 qua
1555 3149 1785 3200 innitent,
1834 3149 1962 3192 cuius
2002 3150 2059 3193 de

1171 3207 1312 3264 gloria
1348 3215 1546 3255 certent,
1586 3215 1662 3254 aut
1695 3205 1804 3256 alia,
1844 3204 1887 3254 h.
1915 3221 1953 3251 e.
1986 3207 2058 3250 di-

1167 3266 1304 3310 versis
1329 3264 1456 3306 terris
1479 3264 1566 3312 orti
1588 3273 1712 3312 sunt,
1736 3262 1915 3318 Batavi,
1937 3262 2060 3307 Tun·

1168 3323 1261 3384 gri,
1304 3321 1447 3370 Galli,
1491 3322 1719 3372 Britanni,
1767 3323 1866 3368 alii,
1917 3329 1966 3363 ut
2000 3322 2060 3363 ita

1169 3380 1424 3428 animorum
1447 3380 1791 3438 studiorumque
1813 3393 2060 3424 consensus

1170 3455 1355 3499 prorsus
1379 3438 1506 3483 desit.
1569 3437 1722 3493 Quare
1749 3435 1938 3493 intelligi
1962 3451 2060 3484 ma-

1170 3499 1248 3541 tim
1281 3513 1445 3554 vagos,
1490 3495 1566 3555 qui
1602 3494 1822 3538 mercedis
1856 3509 1986 3539 causa
2018 3500 2062 3538 et

1172 3559 1225 3607 ad
1273 3563 1503 3618 quaestum
1549 3554 1807 3601 faciendum
1833 3551 2059 3597 ‘mititiam
