<?xml version="1.0" encoding="UTF-8"?>
<!DOCTYPE html PUBLIC "-//W3C//DTD XHTML 1.0 Transitional//EN"
    "http://www.w3.org/TR/xhtml1/DTD/xhtml1-transitional.dtd">
<html xmlns="http://www.w3.org/1999/xhtml" xml:lang="en" lang="en">
 <head>
  <title>
</title>
<meta http-equiv="Content-Type" content="text/html;charset=utf-8" />
  <meta name='ocr-system' content='tesseract 3.04.00' />
  <meta name='ocr-capabilities' content='ocr_page ocr_carea ocr_par ocr_line ocrx_word'/>
</head>
<body>
  <div class='ocr_page' id='page_1' title='image "./operarecensuitet04taciuoft/operarecensuitet04taciuoft_0150.png"; bbox 0 0 2150 4022; ppageno 0'>
   <div class='ocr_carea' id='block_1_1' title="bbox 191 253 1818 386">
    <p class='ocr_par' dir='ltr' id='par_1_1' title="bbox 191 253 1818 386">
     <span class='ocr_line' id='line_1_1' title="bbox 191 253 1818 386; baseline 0.007 -41"><span class='ocrx_word' id='word_1_1' title='bbox 191 280 340 363; x_wconf 63' lang='lat'>134,</span> <span class='ocrx_word' id='word_1_2' title='bbox 413 264 656 349; x_wconf 83' lang='lat' dir='ltr'>11JL11</span> <span class='ocrx_word' id='word_1_3' title='bbox 702 281 1027 386; x_wconf 72' lang='lat' dir='ltr'>Aonio.</span> <span class='ocrx_word' id='word_1_4' title='bbox 1070 272 1312 352; x_wconf 72' lang='lat' dir='ltr'>vrrA</span> <span class='ocrx_word' id='word_1_5' title='bbox 1365 253 1692 356; x_wconf 60' lang='lat' dir='ltr'>CAPssfio.</span> <span class='ocrx_word' id='word_1_6' title='bbox 1723 297 1818 357; x_wconf 85' lang='lat'>11.</span> 
     </span>
    </p>
   </div>
   <div class='ocr_carea' id='block_1_2' title="bbox 188 408 2045 662">
    <p class='ocr_par' dir='ltr' id='par_1_2' title="bbox 188 408 2045 662">
     <span class='ocr_line' id='line_1_2' title="bbox 188 408 2044 499; baseline 0.006 -27"><span class='ocrx_word' id='word_1_7' title='bbox 188 408 446 476; x_wconf 82' lang='lat' dir='ltr'>multum</span> <span class='ocrx_word' id='word_1_8' title='bbox 467 418 786 475; x_wconf 84' lang='lat' dir='ltr'>fluminum</span> <span class='ocrx_word' id='word_1_9' title='bbox 815 414 931 477; x_wconf 87' lang='lat' dir='ltr'>huc</span> <span class='ocrx_word' id='word_1_10' title='bbox 953 431 1126 499; x_wconf 84' lang='lat' dir='ltr'>atque</span> <span class='ocrx_word' id='word_1_11' title='bbox 1152 423 1296 479; x_wconf 86' lang='lat' dir='ltr'>illuc</span> <span class='ocrx_word' id='word_1_12' title='bbox 1319 423 1499 493; x_wconf 88' lang='lat' dir='ltr'>ferre,</span> <span class='ocrx_word' id='word_1_13' title='bbox 1539 443 1647 482; x_wconf 88' lang='lat' dir='ltr'>nec</span> <span class='ocrx_word' id='word_1_14' title='bbox 1675 425 1847 483; x_wconf 78' lang='lat' dir='ltr'>litore</span> <span class='ocrx_word' id='word_1_15' title='bbox 1872 435 2044 484; x_wconf 83' lang='lat' dir='ltr'>tenus</span> 
     </span>
     <span class='ocr_line' id='line_1_3' title="bbox 190 502 2045 587; baseline 0.006 -30"><span class='ocrx_word' id='word_1_16' title='bbox 190 502 521 560; x_wconf 82' lang='lat' dir='ltr'>adcrescere</span> <span class='ocrx_word' id='word_1_17' title='bbox 554 514 657 560; x_wconf 85' lang='lat' dir='ltr'>aut</span> <span class='ocrx_word' id='word_1_18' title='bbox 681 506 1023 587; x_wconf 48' lang='lat' dir='ltr'>resorberi,</span> <span class='ocrx_word' id='word_1_19' title='bbox 1047 509 1148 563; x_wconf 89' lang='lat' dir='ltr'>sed</span> <span class='ocrx_word' id='word_1_20' title='bbox 1179 508 1429 563; x_wconf 86' lang='lat' dir='ltr'>influere</span> <span class='ocrx_word' id='word_1_21' title='bbox 1455 509 1691 582; x_wconf 84' lang='lat' dir='ltr'>penitus</span> <span class='ocrx_word' id='word_1_22' title='bbox 1719 522 1894 587; x_wconf 89' lang='lat' dir='ltr'>atque</span> <span class='ocrx_word' id='word_1_23' title='bbox 1913 532 2045 568; x_wconf 82' lang='lat' dir='ltr'>am-</span> 
     </span>
     <span class='ocr_line' id='line_1_4' title="bbox 188 585 1829 662; baseline 0.006 -19"><span class='ocrx_word' id='word_1_24' title='bbox 188 585 318 644; x_wconf 86' lang='lat' dir='ltr'>bire</span> <span class='ocrx_word' id='word_1_25' title='bbox 345 598 402 644; x_wconf 86' lang='lat' dir='ltr'>et</span> <span class='ocrx_word' id='word_1_26' title='bbox 421 587 574 662; x_wconf 84' lang='lat' dir='ltr'>iugis</span> <span class='ocrx_word' id='word_1_27' title='bbox 597 589 773 645; x_wconf 81' lang='lat' dir='ltr'>etiam</span> <span class='ocrx_word' id='word_1_28' title='bbox 802 610 868 647; x_wconf 89' lang='lat' dir='ltr'>ac</span> <span class='ocrx_word' id='word_1_29' title='bbox 889 593 1194 649; x_wconf 85' lang='lat' dir='ltr'>montibus</span> <span class='ocrx_word' id='word_1_30' title='bbox 1218 592 1400 648; x_wconf 88' lang='lat' dir='ltr'>inseri</span> <span class='ocrx_word' id='word_1_31' title='bbox 1426 594 1588 651; x_wconf 88' lang='lat' dir='ltr'>velut</span> <span class='ocrx_word' id='word_1_32' title='bbox 1611 595 1678 652; x_wconf 89' lang='lat' dir='ltr'>in</span> <span class='ocrx_word' id='word_1_33' title='bbox 1702 611 1829 655; x_wconf 79' lang='lat' dir='ltr'>suo,</span> 
     </span>
    </p>
   </div>
   <div class='ocr_carea' id='block_1_3' title="bbox 189 723 2045 978">
    <p class='ocr_par' dir='ltr' id='par_1_3' title="bbox 189 723 2045 978">
     <span class='ocr_line' id='line_1_5' title="bbox 358 723 2045 805; baseline 0.005 -23"><span class='ocrx_word' id='word_1_34' title='bbox 358 723 476 785; x_wconf 74' lang='lat' dir='ltr'>XI.</span> <span class='ocrx_word' id='word_1_35' title='bbox 507 723 784 784; x_wconf 84' lang='lat' dir='ltr'>Ceterum</span> <span class='ocrx_word' id='word_1_36' title='bbox 807 726 1180 786; x_wconf 76' lang='lat' dir='ltr'>Britanniam</span> <span class='ocrx_word' id='word_1_37' title='bbox 1209 730 1314 805; x_wconf 88' lang='lat' dir='ltr'>qui</span> <span class='ocrx_word' id='word_1_38' title='bbox 1335 731 1612 798; x_wconf 81' lang='lat' dir='ltr'>mortales</span> <span class='ocrx_word' id='word_1_39' title='bbox 1645 731 1816 790; x_wconf 85' lang='lat' dir='ltr'>initio</span> <span class='ocrx_word' id='word_1_40' title='bbox 1847 733 2045 790; x_wconf 91' lang='lat' dir='ltr'>colue-</span> 
     </span>
     <span class='ocr_line' id='line_1_6' title="bbox 189 809 2044 893; baseline 0.005 -27"><span class='ocrx_word' id='word_1_41' title='bbox 189 809 342 879; x_wconf 86' lang='lat' dir='ltr'>rint,</span> <span class='ocrx_word' id='word_1_42' title='bbox 398 811 710 886; x_wconf 83' lang='lat' dir='ltr'>indigenae</span> <span class='ocrx_word' id='word_1_43' title='bbox 748 834 825 869; x_wconf 89' lang='lat' dir='ltr'>an</span> <span class='ocrx_word' id='word_1_44' title='bbox 865 815 1124 883; x_wconf 85' lang='lat' dir='ltr'>advecti,</span> <span class='ocrx_word' id='word_1_45' title='bbox 1175 826 1244 872; x_wconf 81' lang='lat' dir='ltr'>ut</span> <span class='ocrx_word' id='word_1_46' title='bbox 1277 815 1432 873; x_wconf 86' lang='lat' dir='ltr'>inter</span> <span class='ocrx_word' id='word_1_47' title='bbox 1469 816 1782 888; x_wconf 80' lang='lat' dir='ltr'>barbarOS,</span> <span class='ocrx_word' id='word_1_48' title='bbox 1832 839 2044 893; x_wconf 81' lang='lat' dir='ltr'>parum</span> 
     </span>
     <span class='ocr_line' id='line_1_7' title="bbox 189 897 2044 978; baseline 0.005 -28"><span class='ocrx_word' id='word_1_49' title='bbox 189 907 573 970; x_wconf 85' lang='lat' dir='ltr'>compertum.</span> <span class='ocrx_word' id='word_1_50' title='bbox 656 897 911 956; x_wconf 78' lang='lat' dir='ltr'>Habitus</span> <span class='ocrx_word' id='word_1_51' title='bbox 943 920 1260 975; x_wconf 90' lang='lat' dir='ltr'>corporum</span> <span class='ocrx_word' id='word_1_52' title='bbox 1297 901 1473 957; x_wconf 86' lang='lat' dir='ltr'>varii:</span> <span class='ocrx_word' id='word_1_53' title='bbox 1527 914 1702 978; x_wconf 88' lang='lat' dir='ltr'>atque</span> <span class='ocrx_word' id='word_1_54' title='bbox 1734 923 1802 959; x_wconf 84' lang='lat' dir='ltr'>ex</span> <span class='ocrx_word' id='word_1_55' title='bbox 1840 924 1907 960; x_wconf 92' lang='lat' dir='ltr'>eo</span> <span class='ocrx_word' id='word_1_56' title='bbox 1947 924 2044 959; x_wconf 89' lang='lat' dir='ltr'>ar-</span> 
     </span>
    </p>
   </div>
   <div class='ocr_carea' id='block_1_4' title="bbox 187 993 483 1052">
    <p class='ocr_par' dir='ltr' id='par_1_4' title="bbox 187 993 483 1052">
     <span class='ocr_line' id='line_1_8' title="bbox 187 993 483 1052; baseline 0.024 -18"><span class='ocrx_word' id='word_1_57' title='bbox 187 993 483 1052; x_wconf 79' lang='lat' dir='ltr'>gumenta.</span> 
     </span>
    </p>
   </div>
   <div class='ocr_carea' id='block_1_5' title="bbox 568 983 2044 1063">
    <p class='ocr_par' dir='ltr' id='par_1_5' title="bbox 568 983 2044 1063">
     <span class='ocr_line' id='line_1_9' title="bbox 568 983 2044 1063; baseline 0.005 -25"><span class='ocrx_word' id='word_1_58' title='bbox 568 1002 823 1060; x_wconf 84' lang='lat' dir='ltr'>namque</span> <span class='ocrx_word' id='word_1_59' title='bbox 860 985 1074 1041; x_wconf 82' lang='lat' dir='ltr'>rutilae</span> <span class='ocrx_word' id='word_1_60' title='bbox 1099 983 1485 1063; x_wconf 79' lang='lat' dir='ltr'>Caledoniam</span> <span class='ocrx_word' id='word_1_61' title='bbox 1519 983 1916 1045; x_wconf 86' lang='lat' dir='ltr'>habitantium</span> <span class='ocrx_word' id='word_1_62' title='bbox 1943 1009 2044 1045; x_wconf 90' lang='lat' dir='ltr'>co-</span> 
     </span>
    </p>
   </div>
   <div class='ocr_carea' id='block_1_6' title="bbox 185 1067 2059 1234">
    <p class='ocr_par' dir='ltr' id='par_1_6' title="bbox 185 1067 2059 1234">
     <span class='ocr_line' id='line_1_10' title="bbox 187 1067 2059 1144; baseline 0.005 -25"><span class='ocrx_word' id='word_1_63' title='bbox 187 1084 351 1136; x_wconf 89' lang='lat' dir='ltr'>mae,</span> <span class='ocrx_word' id='word_1_64' title='bbox 420 1067 621 1142; x_wconf 81' lang='lat' dir='ltr'>magni</span> <span class='ocrx_word' id='word_1_65' title='bbox 671 1082 834 1127; x_wconf 83' lang='lat' dir='ltr'>artus</span> <span class='ocrx_word' id='word_1_66' title='bbox 876 1068 1294 1127; x_wconf 83' lang='lat' dir='ltr'>Germanicam</span> <span class='ocrx_word' id='word_1_67' title='bbox 1341 1071 1631 1144; x_wconf 85' lang='lat' dir='ltr'>originem</span> <span class='ocrx_word' id='word_1_68' title='bbox 1677 1074 2059 1131; x_wconf 82' lang='lat' dir='ltr'>adseverant.-</span> 
     </span>
     <span class='ocr_line' id='line_1_11' title="bbox 185 1147 2040 1234; baseline 0.004 -26"><span class='ocrx_word' id='word_1_69' title='bbox 185 1147 453 1208; x_wconf 88' lang='lat' dir='ltr'>Silurum</span> <span class='ocrx_word' id='word_1_70' title='bbox 506 1154 751 1210; x_wconf 83' lang='lat' dir='ltr'>colorati</span> <span class='ocrx_word' id='word_1_71' title='bbox 801 1155 999 1213; x_wconf 86' lang='lat' dir='ltr'>vultus</span> <span class='ocrx_word' id='word_1_72' title='bbox 1053 1166 1110 1213; x_wconf 85' lang='lat' dir='ltr'>et</span> <span class='ocrx_word' id='word_1_73' title='bbox 1163 1157 1303 1214; x_wconf 83' lang='lat' dir='ltr'>torti</span> <span class='ocrx_word' id='word_1_74' title='bbox 1351 1157 1699 1234; x_wconf 88' lang='lat' dir='ltr'>plerumque</span> <span class='ocrx_word' id='word_1_75' title='bbox 1746 1158 1935 1216; x_wconf 89' lang='lat' dir='ltr'>crines</span> <span class='ocrx_word' id='word_1_76' title='bbox 1985 1170 2040 1216; x_wconf 85' lang='lat' dir='ltr'>et</span> 
     </span>
    </p>
   </div>
   <div class='ocr_carea' id='block_1_7' title="bbox 171 1368 1075 2402">
    <p class='ocr_par' dir='ltr' id='par_1_7' title="bbox 171 1368 1075 2402">
     <span class='ocr_line' id='line_1_12' title="bbox 240 1368 1073 1428; baseline 0.007 -18"><span class='ocrx_word' id='word_1_77' title='bbox 240 1368 331 1411; x_wconf 72' lang='lat' dir='ltr'>huc</span> <span class='ocrx_word' id='word_1_78' title='bbox 351 1377 491 1427; x_wconf 86' lang='lat' dir='ltr'>atque</span> <span class='ocrx_word' id='word_1_79' title='bbox 521 1371 629 1414; x_wconf 83' lang='lat' dir='ltr'>illuc</span> <span class='ocrx_word' id='word_1_80' title='bbox 650 1371 804 1428; x_wconf 82' lang='lat' dir='ltr'>serre.</span> <span class='ocrx_word' id='word_1_81' title='bbox 863 1372 1073 1416; x_wconf 79' lang='lat' dir='ltr'>Heinsius</span> 
     </span>
     <span class='ocr_line' id='line_1_13' title="bbox 183 1425 1070 1485; baseline 0.006 -17"><span class='ocrx_word' id='word_1_82' title='bbox 183 1425 474 1473; x_wconf 69' lang='lat' dir='ltr'>conficiebat:</span> <span class='ocrx_word' id='word_1_83' title='bbox 524 1431 628 1471; x_wconf 79' lang='lat' dir='ltr'>hinc</span> <span class='ocrx_word' id='word_1_84' title='bbox 649 1437 799 1485; x_wconf 71' lang='lat' dir='ltr'>atque</span> <span class='ocrx_word' id='word_1_85' title='bbox 834 1431 958 1473; x_wconf 84' lang='lat' dir='ltr'>illinc</span> <span class='ocrx_word' id='word_1_86' title='bbox 995 1432 1070 1472; x_wconf 83' lang='lat' dir='ltr'>in·-</span> 
     </span>
     <span class='ocr_line' id='line_1_14' title="bbox 171 1481 1072 1544; baseline 0.009 -21"><span class='ocrx_word' id='word_1_87' title='bbox 171 1481 322 1538; x_wconf 79' lang='lat' dir='ltr'>ferri.</span> <span class='ocrx_word' id='word_1_88' title='bbox 383 1485 582 1529; x_wconf 75' lang='lat' dir='ltr'>Frustra.</span> <span class='ocrx_word' id='word_1_89' title='bbox 643 1501 748 1529; x_wconf 85' lang='lat' dir='ltr'>nam</span> <span class='ocrx_word' id='word_1_90' title='bbox 758 1486 972 1544; x_wconf 86' lang='lat' dir='ltr'>flumina</span> <span class='ocrx_word' id='word_1_91' title='bbox 998 1487 1072 1531; x_wconf 85' lang='lat' dir='ltr'>hie</span> 
     </span>
     <span class='ocr_line' id='line_1_15' title="bbox 184 1540 1070 1602; baseline 0.007 -21"><span class='ocrx_word' id='word_1_92' title='bbox 184 1548 289 1582; x_wconf 84' lang='lat' dir='ltr'>sunt</span> <span class='ocrx_word' id='word_1_93' title='bbox 316 1540 658 1598; x_wconf 65' lang='lat' dir='ltr'>Str-&amp;mungen‚</span> <span class='ocrx_word' id='word_1_94' title='bbox 695 1545 749 1586; x_wconf 89' lang='lat' dir='ltr'>de</span> <span class='ocrx_word' id='word_1_95' title='bbox 777 1561 970 1600; x_wconf 88' lang='lat' dir='ltr'>quorum</span> <span class='ocrx_word' id='word_1_96' title='bbox 999 1560 1070 1602; x_wconf 78' lang='lat' dir='ltr'>ge-</span> 
     </span>
     <span class='ocr_line' id='line_1_16' title="bbox 182 1598 1069 1658; baseline 0.008 -20"><span class='ocrx_word' id='word_1_97' title='bbox 182 1611 290 1639; x_wconf 85' lang='lat' dir='ltr'>nere</span> <span class='ocrx_word' id='word_1_98' title='bbox 329 1598 438 1642; x_wconf 85' lang='lat' dir='ltr'>dicit</span> <span class='ocrx_word' id='word_1_99' title='bbox 477 1600 760 1658; x_wconf 84' lang='lat' dir='ltr'>Pomponius</span> <span class='ocrx_word' id='word_1_100' title='bbox 795 1602 917 1645; x_wconf 86' lang='lat' dir='ltr'>Mela</span> <span class='ocrx_word' id='word_1_101' title='bbox 949 1600 991 1651; x_wconf 78' lang='grc'>8,</span> <span class='ocrx_word' id='word_1_102' title='bbox 1024 1601 1069 1645; x_wconf 82' lang='lat'>8.</span> 
     </span>
     <span class='ocr_line' id='line_1_17' title="bbox 181 1650 1075 1714; baseline 0.008 -19"><span class='ocrx_word' id='word_1_103' title='bbox 181 1650 335 1709; x_wconf 81' lang='lat' dir='ltr'>Super</span> <span class='ocrx_word' id='word_1_104' title='bbox 345 1658 500 1700; x_wconf 84' lang='lat' dir='ltr'>Albim</span> <span class='ocrx_word' id='word_1_105' title='bbox 515 1659 730 1701; x_wconf 76' lang='lat' dir='ltr'>Codanus</span> <span class='ocrx_word' id='word_1_106' title='bbox 753 1661 919 1714; x_wconf 82' lang='lat' dir='ltr'>ingens</span> <span class='ocrx_word' id='word_1_107' title='bbox 938 1662 1075 1702; x_wconf 80' lang='lat' dir='ltr'>sinus</span> 
     </span>
     <span class='ocr_line' id='line_1_18' title="bbox 183 1714 1073 1772; baseline 0.004 -17"><span class='ocrx_word' id='word_1_108' title='bbox 183 1714 372 1766; x_wconf 79' lang='lat' dir='ltr'>magnis</span> <span class='ocrx_word' id='word_1_109' title='bbox 394 1716 650 1771; x_wconf 77' lang='lat' dir='ltr'>parvisque</span> <span class='ocrx_word' id='word_1_110' title='bbox 679 1719 846 1759; x_wconf 76' lang='lat' dir='ltr'>insulis</span> <span class='ocrx_word' id='word_1_111' title='bbox 874 1718 1073 1772; x_wconf 81' lang='lat' dir='ltr'>refertus</span> 
     </span>
     <span class='ocr_line' id='line_1_19' title="bbox 181 1777 263 1813; baseline 0.037 -3"><span class='ocrx_word' id='word_1_112' title='bbox 181 1777 263 1813; x_wconf 81' lang='lat' dir='ltr'>est.</span> 
     </span>
     <span class='ocr_line' id='line_1_20' title="bbox 179 1826 1072 1888; baseline 0.007 -21"><span class='ocrx_word' id='word_1_113' title='bbox 179 1826 370 1870; x_wconf 79' lang='lat' dir='ltr'>litorum</span> <span class='ocrx_word' id='word_1_114' title='bbox 402 1831 650 1884; x_wconf 81' lang='lat' dir='ltr'>accipitur,</span> <span class='ocrx_word' id='word_1_115' title='bbox 698 1847 940 1888; x_wconf 77' lang='lat' dir='ltr'>nusquam</span> <span class='ocrx_word' id='word_1_116' title='bbox 975 1835 1072 1874; x_wconf 81' lang='lat' dir='ltr'>late</span> 
     </span>
     <span class='ocr_line' id='line_1_21' title="bbox 176 1890 1073 1944; baseline 0.008 -19"><span class='ocrx_word' id='word_1_117' title='bbox 176 1893 337 1937; x_wconf 81' lang='lat' dir='ltr'>patet,</span> <span class='ocrx_word' id='word_1_118' title='bbox 381 1902 469 1930; x_wconf 78' lang='lat' dir='ltr'>neo</span> <span class='ocrx_word' id='word_1_119' title='bbox 493 1904 698 1944; x_wconf 76' lang='lat' dir='ltr'>usquam</span> <span class='ocrx_word' id='word_1_120' title='bbox 729 1890 862 1931; x_wconf 83' lang='lat' dir='ltr'>mari</span> <span class='ocrx_word' id='word_1_121' title='bbox 891 1892 1073 1932; x_wconf 77' lang='lat' dir='ltr'>sirm&#39;le:</span> 
     </span>
     <span class='ocr_line' id='line_1_22' title="bbox 182 1946 1071 2003; baseline 0.008 -21"><span class='ocrx_word' id='word_1_122' title='bbox 182 1955 345 1985; x_wconf 82' lang='lat' dir='ltr'>verum</span> <span class='ocrx_word' id='word_1_123' title='bbox 369 1946 507 1999; x_wconf 78' lang='lat' dir='ltr'>aquis</span> <span class='ocrx_word' id='word_1_124' title='bbox 533 1949 717 1998; x_wconf 79' lang='lat' dir='ltr'>passim</span> <span class='ocrx_word' id='word_1_125' title='bbox 750 1947 1071 2003; x_wconf 78' lang='lat' dir='ltr'>interfluenti-</span> 
     </span>
     <span class='ocr_line' id='line_1_23' title="bbox 181 2000 1071 2058; baseline 0.006 -18"><span class='ocrx_word' id='word_1_126' title='bbox 181 2000 269 2041; x_wconf 78' lang='lat' dir='ltr'>bus</span> <span class='ocrx_word' id='word_1_127' title='bbox 293 2017 348 2044; x_wconf 79' lang='lat' dir='ltr'>ao</span> <span class='ocrx_word' id='word_1_128' title='bbox 369 2017 509 2055; x_wconf 77' lang='lat' dir='ltr'>saepe</span> <span class='ocrx_word' id='word_1_129' title='bbox 534 2007 841 2057; x_wconf 76' lang='lat' dir='ltr'>transgressis</span> <span class='ocrx_word' id='word_1_130' title='bbox 855 2039 866 2057; x_wconf 87' lang='lat'>‚</span> <span class='ocrx_word' id='word_1_131' title='bbox 901 2020 1071 2058; x_wconf 74' lang='lat' dir='ltr'>uagum</span> 
     </span>
     <span class='ocr_line' id='line_1_24' title="bbox 181 2061 1071 2117; baseline 0.007 -20"><span class='ocrx_word' id='word_1_132' title='bbox 181 2063 321 2112; x_wconf 81' lang='lat' dir='ltr'>atque</span> <span class='ocrx_word' id='word_1_133' title='bbox 387 2061 609 2114; x_wconf 78' lang='lat' dir='ltr'>diffusum</span> <span class='ocrx_word' id='word_1_134' title='bbox 661 2063 790 2117; x_wconf 81' lang='lat' dir='ltr'>facie</span> <span class='ocrx_word' id='word_1_135' title='bbox 852 2063 1071 2105; x_wconf 83' lang='lat' dir='ltr'>amnium</span> 
     </span>
     <span class='ocr_line' id='line_1_25' title="bbox 179 2115 1071 2169; baseline 0.008 -14"><span class='ocrx_word' id='word_1_136' title='bbox 179 2115 441 2169; x_wconf 70' lang='lat' dir='ltr'>spargitur.</span> <span class='ocrx_word' id='word_1_137' title='bbox 519 2119 599 2160; x_wconf 90' lang='lat' dir='ltr'>Vir</span> <span class='ocrx_word' id='word_1_138' title='bbox 639 2118 800 2162; x_wconf 83' lang='lat' dir='ltr'>doctus</span> <span class='ocrx_word' id='word_1_139' title='bbox 843 2119 889 2162; x_wconf 88' lang='lat' dir='ltr'>in</span> <span class='ocrx_word' id='word_1_140' title='bbox 932 2119 1071 2162; x_wconf 86' lang='lat' dir='ltr'>lahnii</span> 
     </span>
     <span class='ocr_line' id='line_1_26' title="bbox 180 2171 1070 2234; baseline 0.007 -22"><span class='ocrx_word' id='word_1_141' title='bbox 180 2171 342 2216; x_wconf 77' lang='lat' dir='ltr'>Jahrb.</span> <span class='ocrx_word' id='word_1_142' title='bbox 377 2173 406 2218; x_wconf 87' lang='lat' dir='ltr'>l.</span> <span class='ocrx_word' id='word_1_143' title='bbox 439 2175 469 2220; x_wconf 86' lang='lat' dir='ltr'>l.</span> <span class='ocrx_word' id='word_1_144' title='bbox 500 2175 667 2234; x_wconf 75' lang='lat' dir='ltr'>cogitat</span> <span class='ocrx_word' id='word_1_145' title='bbox 700 2176 753 2218; x_wconf 89' lang='lat' dir='ltr'>de</span> <span class='ocrx_word' id='word_1_146' title='bbox 786 2176 837 2218; x_wconf 89' lang='lat' dir='ltr'>iis</span> <span class='ocrx_word' id='word_1_147' title='bbox 869 2176 1070 2220; x_wconf 85' lang='lat' dir='ltr'>flumini-</span> 
     </span>
     <span class='ocr_line' id='line_1_27' title="bbox 180 2227 1073 2288; baseline -0.001 -10"><span class='ocrx_word' id='word_1_148' title='bbox 180 2227 289 2278; x_wconf 75' lang='lat' dir='ltr'>bus,</span> <span class='ocrx_word' id='word_1_149' title='bbox 329 2247 442 2288; x_wconf 87' lang='lat' dir='ltr'>quae</span> <span class='ocrx_word' id='word_1_150' title='bbox 462 2233 584 2276; x_wconf 85' lang='lat' dir='ltr'>Mela</span> <span class='ocrx_word' id='word_1_151' title='bbox 610 2233 649 2284; x_wconf 75' lang='lat'>3,</span> <span class='ocrx_word' id='word_1_152' title='bbox 675 2234 718 2280; x_wconf 89' lang='grc'>6.</span> <span class='ocrx_word' id='word_1_153' title='bbox 745 2233 854 2277; x_wconf 81' lang='lat' dir='ltr'>dicit</span> <span class='ocrx_word' id='word_1_154' title='bbox 870 2235 1073 2278; x_wconf 80' lang='lat' dir='ltr'>alternis</span> 
     </span>
     <span class='ocr_line' id='line_1_28' title="bbox 179 2288 1071 2347; baseline 0.008 -20"><span class='ocrx_word' id='word_1_155' title='bbox 179 2288 384 2332; x_wconf 81' lang='lat' dir='ltr'>motibus</span> <span class='ocrx_word' id='word_1_156' title='bbox 421 2295 561 2333; x_wconf 83' lang='lat' dir='ltr'>modo</span> <span class='ocrx_word' id='word_1_157' title='bbox 603 2293 652 2334; x_wconf 79' lang='lat' dir='ltr'>in</span> <span class='ocrx_word' id='word_1_158' title='bbox 683 2294 885 2347; x_wconf 80' lang='lat' dir='ltr'>pelagus</span> <span class='ocrx_word' id='word_1_159' title='bbox 926 2295 1071 2334; x_wconf 86' lang='lat' dir='ltr'>modo</span> 
     </span>
     <span class='ocr_line' id='line_1_29' title="bbox 180 2345 546 2402; baseline 0.011 -16"><span class='ocrx_word' id='word_1_160' title='bbox 180 2352 311 2388; x_wconf 79' lang='lat' dir='ltr'>retro</span> <span class='ocrx_word' id='word_1_161' title='bbox 319 2345 546 2402; x_wconf 85' lang='lat' dir='ltr'>fluentia.</span> 
     </span>
    </p>
   </div>
   <div class='ocr_carea' id='block_1_8' title="bbox 177 2446 1071 2835">
    <p class='ocr_par' dir='ltr' id='par_1_8' title="bbox 177 2446 1071 2835">
     <span class='ocr_line' id='line_1_30' title="bbox 240 2446 1067 2493; baseline 0.008 -7"><span class='ocrx_word' id='word_1_162' title='bbox 240 2447 441 2491; x_wconf 81' lang='lat' dir='ltr'>ambire.</span> <span class='ocrx_word' id='word_1_163' title='bbox 530 2446 741 2492; x_wconf 78' lang='lat' dir='ltr'>Heinsius</span> <span class='ocrx_word' id='word_1_164' title='bbox 802 2451 1067 2493; x_wconf 82' lang='lat' dir='ltr'>ambedere.</span> 
     </span>
     <span class='ocr_line' id='line_1_31' title="bbox 181 2501 1071 2555; baseline 0.007 -11"><span class='ocrx_word' id='word_1_165' title='bbox 181 2501 382 2548; x_wconf 81' lang='lat' dir='ltr'>Frustra.</span> <span class='ocrx_word' id='word_1_166' title='bbox 446 2521 553 2555; x_wconf 17' lang='lat' dir='ltr'>nam,</span> <span class='ocrx_word' id='word_1_167' title='bbox 573 2508 752 2549; x_wconf 78' lang='lat' dir='ltr'>ambire</span> <span class='ocrx_word' id='word_1_168' title='bbox 774 2504 847 2551; x_wconf 85' lang='lat' dir='ltr'>hic</span> <span class='ocrx_word' id='word_1_169' title='bbox 879 2522 973 2549; x_wconf 90' lang='lat' dir='ltr'>non</span> <span class='ocrx_word' id='word_1_170' title='bbox 1006 2514 1071 2550; x_wconf 84' lang='lat' dir='ltr'>est</span> 
     </span>
     <span class='ocr_line' id='line_1_32' title="bbox 177 2560 1070 2618; baseline 0.006 -16"><span class='ocrx_word' id='word_1_171' title='bbox 177 2560 445 2618; x_wconf 78' lang='lat' dir='ltr'>capiendum</span> <span class='ocrx_word' id='word_1_172' title='bbox 478 2563 532 2607; x_wconf 87' lang='lat' dir='ltr'>de</span> <span class='ocrx_word' id='word_1_173' title='bbox 562 2563 677 2607; x_wconf 84' lang='lat' dir='ltr'>mari</span> <span class='ocrx_word' id='word_1_174' title='bbox 702 2563 808 2607; x_wconf 85' lang='lat' dir='ltr'>litus</span> <span class='ocrx_word' id='word_1_175' title='bbox 831 2564 1070 2615; x_wconf 85' lang='lat' dir='ltr'>ambiente,</span> 
     </span>
     <span class='ocr_line' id='line_1_33' title="bbox 180 2617 1068 2665; baseline 0.006 -6"><span class='ocrx_word' id='word_1_176' title='bbox 180 2625 231 2660; x_wconf 87' lang='lat' dir='ltr'>ut</span> <span class='ocrx_word' id='word_1_177' title='bbox 262 2617 376 2663; x_wconf 86' lang='lat' dir='ltr'>solet</span> <span class='ocrx_word' id='word_1_178' title='bbox 409 2622 665 2665; x_wconf 82' lang='lat' dir='ltr'>universum</span> <span class='ocrx_word' id='word_1_179' title='bbox 700 2638 847 2665; x_wconf 82' lang='lat' dir='ltr'>mare:</span> <span class='ocrx_word' id='word_1_180' title='bbox 897 2622 974 2665; x_wconf 89' lang='lat' dir='ltr'>sed</span> <span class='ocrx_word' id='word_1_181' title='bbox 1012 2622 1068 2664; x_wconf 90' lang='lat' dir='ltr'>de</span> 
     </span>
     <span class='ocr_line' id='line_1_34' title="bbox 180 2674 1067 2737; baseline 0.006 -21"><span class='ocrx_word' id='word_1_182' title='bbox 180 2674 317 2727; x_wconf 86' lang='lat' dir='ltr'>mari,</span> <span class='ocrx_word' id='word_1_183' title='bbox 356 2678 477 2734; x_wconf 88' lang='lat' dir='ltr'>quod</span> <span class='ocrx_word' id='word_1_184' title='bbox 502 2695 583 2722; x_wconf 84' lang='lat' dir='ltr'>ora</span> <span class='ocrx_word' id='word_1_185' title='bbox 607 2678 830 2722; x_wconf 84' lang='lat' dir='ltr'>maritima</span> <span class='ocrx_word' id='word_1_186' title='bbox 864 2688 1067 2737; x_wconf 86' lang='lat' dir='ltr'>superata</span> 
     </span>
     <span class='ocr_line' id='line_1_35' title="bbox 177 2730 1067 2831; baseline 0.002 -55"><span class='ocrx_word' id='word_1_187' title='bbox 177 2730 299 2831; x_wconf 68' lang='lat' dir='ltr'>inlus</span> <span class='ocrx_word' id='word_1_188' title='bbox 319 2735 595 2781; x_wconf 85' lang='lat' dir='ltr'>circumfluit</span> <span class='ocrx_word' id='word_1_189' title='bbox 617 2735 780 2787; x_wconf 87' lang='lat' dir='ltr'>colles,</span> <span class='ocrx_word' id='word_1_190' title='bbox 802 2744 851 2779; x_wconf 83' lang='lat' dir='ltr'>ut</span> <span class='ocrx_word' id='word_1_191' title='bbox 871 2736 976 2780; x_wconf 84' lang='lat' dir='ltr'>fiant</span> <span class='ocrx_word' id='word_1_192' title='bbox 1001 2736 1067 2779; x_wconf 89' lang='lat' dir='ltr'>in·</span> 
     </span>
     <span class='ocr_line' id='line_1_36' title="bbox 180 2803 317 2835; baseline 0.022 -3"><span class='ocrx_word' id='word_1_193' title='bbox 180 2803 230 2832; x_wconf 82' lang='lat' dir='ltr'>m</span> <span class='ocrx_word' id='word_1_194' title='bbox 252 2806 317 2835; x_wconf 86' lang='lat' dir='ltr'>ae.</span> 
     </span>
    </p>
   </div>
   <div class='ocr_carea' id='block_1_9' title="bbox 233 2876 1099 2931">
    <p class='ocr_par' dir='ltr' id='par_1_9' title="bbox 233 2876 1099 2931">
     <span class='ocr_line' id='line_1_37' title="bbox 233 2876 1099 2931; baseline 0.007 -15"><span class='ocrx_word' id='word_1_195' title='bbox 233 2882 279 2917; x_wconf 82' lang='lat' dir='ltr'>et</span> <span class='ocrx_word' id='word_1_196' title='bbox 299 2876 419 2931; x_wconf 78' lang='lat' dir='ltr'>iugis</span> <span class='ocrx_word' id='word_1_197' title='bbox 442 2879 584 2921; x_wconf 80' lang='lat' dir='ltr'>etiam</span> <span class='ocrx_word' id='word_1_198' title='bbox 607 2895 662 2922; x_wconf 87' lang='lat' dir='ltr'>ac</span> <span class='ocrx_word' id='word_1_199' title='bbox 682 2879 932 2922; x_wconf 78' lang='lat' dir='ltr'>montibus.</span> <span class='ocrx_word' id='word_1_200' title='bbox 990 2876 1067 2922; x_wconf 83' lang='lat' dir='ltr'>Sic</span> <span class='ocrx_word' id='word_1_201' title='bbox 1093 2895 1099 2906; x_wconf 56' lang='lat' dir='ltr'><em>s</em></span> 
     </span>
    </p>
   </div>
   <div class='ocr_carea' id='block_1_10' title="bbox 175 2931 1066 3392">
    <p class='ocr_par' dir='ltr' id='par_1_10' title="bbox 175 2931 1066 3392">
     <span class='ocr_line' id='line_1_38' title="bbox 177 2931 1062 2993; baseline 0 -18"><span class='ocrx_word' id='word_1_202' title='bbox 177 2931 281 2976; x_wconf 87' lang='lat' dir='ltr'>MS.</span> <span class='ocrx_word' id='word_1_203' title='bbox 316 2932 462 2979; x_wconf 85' lang='lat' dir='ltr'>Vatic.</span> <span class='ocrx_word' id='word_1_204' title='bbox 492 2935 622 2980; x_wconf 67' lang='lat'>3429.</span> <span class='ocrx_word' id='word_1_205' title='bbox 680 2936 868 2993; x_wconf 80' lang='lat' dir='ltr'>Recepit</span> <span class='ocrx_word' id='word_1_206' title='bbox 898 2936 1062 2978; x_wconf 81' lang='lat' dir='ltr'>Brote-</span> 
     </span>
     <span class='ocr_line' id='line_1_39' title="bbox 177 2989 1064 3046; baseline 0.001 -14"><span class='ocrx_word' id='word_1_207' title='bbox 177 2989 297 3042; x_wconf 85' lang='lat' dir='ltr'>rius,</span> <span class='ocrx_word' id='word_1_208' title='bbox 344 2992 419 3034; x_wconf 89' lang='lat' dir='ltr'>sed</span> <span class='ocrx_word' id='word_1_209' title='bbox 455 2992 616 3036; x_wconf 73' lang='lat' dir='ltr'>vitiose</span> <span class='ocrx_word' id='word_1_210' title='bbox 652 2994 815 3037; x_wconf 80' lang='lat' dir='ltr'>edidit:</span> <span class='ocrx_word' id='word_1_211' title='bbox 867 3001 912 3036; x_wconf 80' lang='lat' dir='ltr'>et</span> <span class='ocrx_word' id='word_1_212' title='bbox 946 2993 1064 3046; x_wconf 79' lang='lat' dir='ltr'>iugis</span> 
     </span>
     <span class='ocr_line' id='line_1_40' title="bbox 175 3050 1064 3095; baseline 0 -4"><span class='ocrx_word' id='word_1_213' title='bbox 175 3063 234 3091; x_wconf 73' lang='lat' dir='ltr'>ao</span> <span class='ocrx_word' id='word_1_214' title='bbox 265 3050 408 3091; x_wconf 84' lang='lat' dir='ltr'>etiam</span> <span class='ocrx_word' id='word_1_215' title='bbox 440 3053 687 3093; x_wconf 81' lang='lat' dir='ltr'>montibus.</span> <span class='ocrx_word' id='word_1_216' title='bbox 746 3051 861 3095; x_wconf 91' lang='lat' dir='ltr'>Edd.</span> <span class='ocrx_word' id='word_1_217' title='bbox 888 3050 1064 3093; x_wconf 87' lang='lat' dir='ltr'>Ernest.</span> 
     </span>
     <span class='ocr_line' id='line_1_41' title="bbox 179 3104 1060 3163; baseline -0.001 -14"><span class='ocrx_word' id='word_1_218' title='bbox 179 3104 340 3152; x_wconf 85' lang='lat' dir='ltr'>Oberl.</span> <span class='ocrx_word' id='word_1_219' title='bbox 362 3105 550 3150; x_wconf 68' lang='lat' dir='ltr'>Beklxer.</span> <span class='ocrx_word' id='word_1_220' title='bbox 588 3116 632 3149; x_wconf 80' lang='lat' dir='ltr'>et</span> <span class='ocrx_word' id='word_1_221' title='bbox 665 3108 781 3163; x_wconf 81' lang='lat' dir='ltr'>iugis</span> <span class='ocrx_word' id='word_1_222' title='bbox 814 3110 954 3150; x_wconf 81' lang='lat' dir='ltr'>etiam</span> <span class='ocrx_word' id='word_1_223' title='bbox 985 3114 1060 3149; x_wconf 84' lang='lat' dir='ltr'>at·-</span> 
     </span>
     <span class='ocr_line' id='line_1_42' title="bbox 177 3163 1064 3221; baseline -0.001 -14"><span class='ocrx_word' id='word_1_224' title='bbox 177 3179 266 3221; x_wconf 84' lang='lat' dir='ltr'>que</span> <span class='ocrx_word' id='word_1_225' title='bbox 297 3166 544 3207; x_wconf 81' lang='lat' dir='ltr'>montibus.</span> <span class='ocrx_word' id='word_1_226' title='bbox 606 3164 862 3217; x_wconf 82' lang='lat' dir='ltr'>Dronkius,</span> <span class='ocrx_word' id='word_1_227' title='bbox 891 3163 1064 3208; x_wconf 84' lang='lat' dir='ltr'>Becke-</span> 
     </span>
     <span class='ocr_line' id='line_1_43' title="bbox 176 3220 1066 3279; baseline -0.002 -14"><span class='ocrx_word' id='word_1_228' title='bbox 176 3238 279 3273; x_wconf 91' lang='lat' dir='ltr'>rus,</span> <span class='ocrx_word' id='word_1_229' title='bbox 329 3221 578 3269; x_wconf 58' lang='lat' dir='ltr'>Eatenus,</span> <span class='ocrx_word' id='word_1_230' title='bbox 627 3220 879 3266; x_wconf 87' lang='lat' dir='ltr'>Walchius</span> <span class='ocrx_word' id='word_1_231' title='bbox 926 3237 1066 3279; x_wconf 89' lang='lat' dir='ltr'>repo-</span> 
     </span>
     <span class='ocr_line' id='line_1_44' title="bbox 176 3277 1065 3323; baseline 0 -1"><span class='ocrx_word' id='word_1_232' title='bbox 176 3288 364 3323; x_wconf 68' lang='lat' dir='ltr'>suerunt</span> <span class='ocrx_word' id='word_1_233' title='bbox 414 3295 487 3323; x_wconf 83' lang='lat' dir='ltr'>ac.</span> <span class='ocrx_word' id='word_1_234' title='bbox 570 3277 687 3322; x_wconf 78' lang='lat' dir='ltr'>Vett.</span> <span class='ocrx_word' id='word_1_235' title='bbox 731 3281 829 3322; x_wconf 85' lang='lat' dir='ltr'>edd.</span> <span class='ocrx_word' id='word_1_236' title='bbox 882 3279 1065 3322; x_wconf 82' lang='lat' dir='ltr'>ambire</span> 
     </span>
     <span class='ocr_line' id='line_1_45' title="bbox 176 3338 992 3392; baseline 0 -12"><span class='ocrx_word' id='word_1_237' title='bbox 176 3338 321 3380; x_wconf 85' lang='lat' dir='ltr'>etiam</span> <span class='ocrx_word' id='word_1_238' title='bbox 350 3338 468 3391; x_wconf 70' lang='lat' dir='ltr'>iugis</span> <span class='ocrx_word' id='word_1_239' title='bbox 488 3343 629 3392; x_wconf 81' lang='lat' dir='ltr'>atque</span> <span class='ocrx_word' id='word_1_240' title='bbox 651 3339 888 3381; x_wconf 78' lang='lat' dir='ltr'>montibus</span> <span class='ocrx_word' id='word_1_241' title='bbox 908 3345 992 3381; x_wconf 76' lang='lat' dir='ltr'>ete.</span> 
     </span>
    </p>
   </div>
   <div class='ocr_carea' id='block_1_11' title="bbox 140 3436 1064 3656">
    <p class='ocr_par' dir='ltr' id='par_1_11' title="bbox 140 3436 1064 3656">
     <span class='ocr_line' id='line_1_46' title="bbox 235 3436 1063 3494; baseline -0.002 -14"><span class='ocrx_word' id='word_1_242' title='bbox 235 3440 363 3481; x_wconf 83' lang='lat' dir='ltr'>velut</span> <span class='ocrx_word' id='word_1_243' title='bbox 382 3440 430 3481; x_wconf 88' lang='lat' dir='ltr'>in</span> <span class='ocrx_word' id='word_1_244' title='bbox 450 3450 544 3479; x_wconf 78' lang='lat' dir='ltr'>suo,</span> <span class='ocrx_word' id='word_1_245' title='bbox 607 3436 832 3494; x_wconf 75' lang='lat' dir='ltr'>intellige:</span> <span class='ocrx_word' id='word_1_246' title='bbox 864 3439 987 3479; x_wconf 84' lang='lat' dir='ltr'>velut</span> <span class='ocrx_word' id='word_1_247' title='bbox 1017 3439 1063 3480; x_wconf 87' lang='lat' dir='ltr'>in</span> 
     </span>
     <span class='ocr_line' id='line_1_47' title="bbox 172 3493 1062 3544; baseline -0.003 -5"><span class='ocrx_word' id='word_1_248' title='bbox 172 3510 258 3540; x_wconf 67' lang='lat' dir='ltr'>suo</span> <span class='ocrx_word' id='word_1_249' title='bbox 294 3493 376 3539; x_wconf 81' lang='grc' dir='ltr'>ὤν.</span> <span class='ocrx_word' id='word_1_250' title='bbox 437 3494 496 3538; x_wconf 88' lang='lat' dir='ltr'>cf.</span> <span class='ocrx_word' id='word_1_251' title='bbox 533 3494 628 3539; x_wconf 82' lang='lat' dir='ltr'>Cic.</span> <span class='ocrx_word' id='word_1_252' title='bbox 662 3495 714 3537; x_wconf 80' lang='lat' dir='ltr'>ad</span> <span class='ocrx_word' id='word_1_253' title='bbox 747 3494 886 3538; x_wconf 65' lang='lat' dir='ltr'>Amic.</span> <span class='ocrx_word' id='word_1_254' title='bbox 922 3493 988 3544; x_wconf 76' lang='lat'>13,</span> <span class='ocrx_word' id='word_1_255' title='bbox 1025 3496 1062 3536; x_wconf 86' lang='lat'>1.</span> 
     </span>
     <span class='ocr_line' id='line_1_48' title="bbox 140 3554 1064 3608; baseline -0.004 -12"><span class='ocrx_word' id='word_1_256' title='bbox 140 3599 142 3601; x_wconf 4' lang='lat' dir='ltr'>a</span> <span class='ocrx_word' id='word_1_257' title='bbox 166 3557 335 3608; x_wconf 79' lang='lat' dir='ltr'>pedem</span> <span class='ocrx_word' id='word_1_258' title='bbox 360 3554 440 3595; x_wconf 86' lang='lat' dir='ltr'>ubi</span> <span class='ocrx_word' id='word_1_259' title='bbox 455 3560 604 3607; x_wconf 78' lang='lat' dir='ltr'>ponat</span> <span class='ocrx_word' id='word_1_260' title='bbox 624 3554 670 3593; x_wconf 72' lang='lat' dir='ltr'>fn</span> <span class='ocrx_word' id='word_1_261' title='bbox 692 3567 803 3602; x_wconf 74' lang='lat' dir='ltr'>sua,</span> <span class='ocrx_word' id='word_1_262' title='bbox 848 3566 941 3593; x_wconf 85' lang='lat' dir='ltr'>non</span> <span class='ocrx_word' id='word_1_263' title='bbox 970 3554 1064 3593; x_wconf 55' lang='lat' dir='ltr'>lma·</span> 
     </span>
     <span class='ocr_line' id='line_1_49' title="bbox 169 3609 1063 3656; baseline -0.002 -1"><span class='ocrx_word' id='word_1_264' title='bbox 169 3615 259 3656; x_wconf 76' lang='lat' dir='ltr'>bet.</span> <span class='ocrx_word' id='word_1_265' title='bbox 320 3610 515 3656; x_wconf 82' lang='lat' dir='ltr'>Piehena</span> <span class='ocrx_word' id='word_1_266' title='bbox 551 3610 635 3655; x_wconf 83' lang='lat' dir='ltr'>loci</span> <span class='ocrx_word' id='word_1_267' title='bbox 668 3609 932 3653; x_wconf 71' lang='lat' dir='ltr'>sententiam</span> <span class='ocrx_word' id='word_1_268' title='bbox 970 3625 1063 3653; x_wconf 89' lang='lat' dir='ltr'>non</span> 
     </span>
    </p>
   </div>
   <div class='ocr_carea' id='block_1_12' title="bbox 324 1770 1086 1830">
    <p class='ocr_par' dir='ltr' id='par_1_12' title="bbox 324 1770 1086 1830">
     <span class='ocr_line' id='line_1_50' title="bbox 324 1770 1086 1830; baseline 0.001 -16"><span class='ocrx_word' id='word_1_269' title='bbox 324 1770 429 1815; x_wconf 84' lang='lat' dir='ltr'>Hac</span> <span class='ocrx_word' id='word_1_270' title='bbox 457 1788 509 1815; x_wconf 85' lang='lat' dir='ltr'>re</span> <span class='ocrx_word' id='word_1_271' title='bbox 538 1788 697 1829; x_wconf 80' lang='lat' dir='ltr'>marc,</span> <span class='ocrx_word' id='word_1_272' title='bbox 741 1778 863 1830; x_wconf 83' lang='lat' dir='ltr'>quod</span> <span class='ocrx_word' id='word_1_273' title='bbox 889 1776 1086 1828; x_wconf 56' lang='lat' dir='ltr'>gremias</span> 
     </span>
    </p>
   </div>
   <div class='ocr_carea' id='block_1_13' title="bbox 1144 1374 2039 1604">
    <p class='ocr_par' dir='ltr' id='par_1_13' title="bbox 1144 1374 2039 1604">
     <span class='ocr_line' id='line_1_51' title="bbox 1145 1374 2039 1431; baseline 0.004 -16"><span class='ocrx_word' id='word_1_274' title='bbox 1145 1374 1395 1431; x_wconf 84' lang='lat' dir='ltr'>intelligens</span> <span class='ocrx_word' id='word_1_275' title='bbox 1421 1374 1692 1419; x_wconf 80' lang='lat' dir='ltr'>coniiciebat</span> <span class='ocrx_word' id='word_1_276' title='bbox 1714 1377 1841 1418; x_wconf 81' lang='lat' dir='ltr'>velut</span> <span class='ocrx_word' id='word_1_277' title='bbox 1859 1376 2039 1428; x_wconf 62' lang='lat' dir='ltr'>insulis,</span> 
     </span>
     <span class='ocr_line' id='line_1_52' title="bbox 1144 1430 2038 1491; baseline 0.003 -18"><span class='ocrx_word' id='word_1_278' title='bbox 1144 1430 1351 1475; x_wconf 87' lang='lat' dir='ltr'>Heinsius</span> <span class='ocrx_word' id='word_1_279' title='bbox 1377 1435 1500 1475; x_wconf 83' lang='lat' dir='ltr'>velut</span> <span class='ocrx_word' id='word_1_280' title='bbox 1525 1434 1574 1475; x_wconf 85' lang='lat' dir='ltr'>in</span> <span class='ocrx_word' id='word_1_281' title='bbox 1598 1435 1752 1476; x_wconf 79' lang='lat' dir='ltr'>solum</span> <span class='ocrx_word' id='word_1_282' title='bbox 1787 1432 1849 1487; x_wconf 86' lang='lat' dir='ltr'>(h.</span> <span class='ocrx_word' id='word_1_283' title='bbox 1872 1450 1911 1476; x_wconf 88' lang='lat' dir='ltr'>e.</span> <span class='ocrx_word' id='word_1_284' title='bbox 1937 1434 2038 1491; x_wconf 89' lang='lat' dir='ltr'>pla-</span> 
     </span>
     <span class='ocr_line' id='line_1_53' title="bbox 1144 1489 2035 1549; baseline 0.004 -19"><span class='ocrx_word' id='word_1_285' title='bbox 1144 1492 1304 1545; x_wconf 89' lang='lat' dir='ltr'>num),</span> <span class='ocrx_word' id='word_1_286' title='bbox 1336 1489 1566 1533; x_wconf 78' lang='lat' dir='ltr'>Ernestius</span> <span class='ocrx_word' id='word_1_287' title='bbox 1591 1492 1735 1533; x_wconf 76' lang='lat' dir='ltr'>veluti</span> <span class='ocrx_word' id='word_1_288' title='bbox 1754 1504 1869 1539; x_wconf 75' lang='lat' dir='ltr'>sua,</span> <span class='ocrx_word' id='word_1_289' title='bbox 1911 1491 2035 1549; x_wconf 90' lang='lat' dir='ltr'>quod</span> 
     </span>
     <span class='ocr_line' id='line_1_54' title="bbox 1145 1547 1576 1604; baseline 0.007 -16"><span class='ocrx_word' id='word_1_290' title='bbox 1145 1547 1313 1604; x_wconf 78' lang='lat' dir='ltr'>placuit</span> <span class='ocrx_word' id='word_1_291' title='bbox 1336 1547 1576 1591; x_wconf 84' lang='lat' dir='ltr'>Seebodio.</span> 
     </span>
    </p>
   </div>
   <div class='ocr_carea' id='block_1_14' title="bbox 1143 1656 2037 1834">
    <p class='ocr_par' dir='ltr' id='par_1_14' title="bbox 1143 1656 2037 1834">
     <span class='ocr_line' id='line_1_55' title="bbox 1203 1656 2037 1709; baseline 0.01 -8"><span class='ocrx_word' id='word_1_292' title='bbox 1203 1656 1316 1703; x_wconf 82' lang='lat' dir='ltr'>CAP.</span> <span class='ocrx_word' id='word_1_293' title='bbox 1361 1661 1432 1705; x_wconf 91' lang='lat'>11.</span> <span class='ocrx_word' id='word_1_294' title='bbox 1502 1661 1837 1707; x_wconf 75' lang='lat' dir='ltr'>Britanniam.</span> <span class='ocrx_word' id='word_1_295' title='bbox 1918 1662 2037 1709; x_wconf 84' lang='lat' dir='ltr'>Edd.</span> 
     </span>
     <span class='ocr_line' id='line_1_56' title="bbox 1144 1716 2035 1765; baseline 0.008 -7"><span class='ocrx_word' id='word_1_296' title='bbox 1144 1725 1246 1758; x_wconf 78' lang='lat' dir='ltr'>ante</span> <span class='ocrx_word' id='word_1_297' title='bbox 1282 1716 1580 1761; x_wconf 85' lang='lat' dir='ltr'>Rhenanum=</span> <span class='ocrx_word' id='word_1_298' title='bbox 1629 1721 1677 1761; x_wconf 87' lang='lat' dir='ltr'>in</span> <span class='ocrx_word' id='word_1_299' title='bbox 1707 1720 2035 1765; x_wconf 82' lang='lat' dir='ltr'>Britanniam.</span> 
     </span>
     <span class='ocr_line' id='line_1_57' title="bbox 1143 1773 1994 1834; baseline 0.006 -17"><span class='ocrx_word' id='word_1_300' title='bbox 1143 1773 1387 1819; x_wconf 87' lang='lat' dir='ltr'>Rhenanus</span> <span class='ocrx_word' id='word_1_301' title='bbox 1412 1775 1792 1834; x_wconf 86' lang='lat' dir='ltr'>&#39;praepositionem</span> <span class='ocrx_word' id='word_1_302' title='bbox 1815 1777 1994 1823; x_wconf 76' lang='lat' dir='ltr'>delevit.</span> 
     </span>
    </p>
   </div>
   <div class='ocr_carea' id='block_1_15' title="bbox 1143 1888 2033 2178">
    <p class='ocr_par' dir='ltr' id='par_1_15' title="bbox 1143 1888 2033 2178">
     <span class='ocr_line' id='line_1_58' title="bbox 1202 1888 2032 1936; baseline 0.008 -7"><span class='ocrx_word' id='word_1_303' title='bbox 1202 1895 1252 1929; x_wconf 85' lang='lat' dir='ltr'>ut</span> <span class='ocrx_word' id='word_1_304' title='bbox 1267 1888 1392 1931; x_wconf 85' lang='lat' dir='ltr'>inter</span> <span class='ocrx_word' id='word_1_305' title='bbox 1403 1891 1648 1933; x_wconf 81' lang='lat' dir='ltr'>barbaros.</span> <span class='ocrx_word' id='word_1_306' title='bbox 1672 1888 1896 1934; x_wconf 75' lang='lat' dir='ltr'>Becker-us</span> <span class='ocrx_word' id='word_1_307' title='bbox 1909 1900 1950 1934; x_wconf 84' lang='lat' dir='ltr'>et</span> <span class='ocrx_word' id='word_1_308' title='bbox 1965 1892 2032 1936; x_wconf 79' lang='lat' dir='ltr'>his</span> 
     </span>
     <span class='ocr_line' id='line_1_59' title="bbox 1143 1945 2033 2003; baseline 0.008 -17"><span class='ocrx_word' id='word_1_309' title='bbox 1143 1945 1292 1991; x_wconf 83' lang='lat' dir='ltr'>verbis</span> <span class='ocrx_word' id='word_1_310' title='bbox 1322 1947 1623 2003; x_wconf 83' lang='lat' dir='ltr'>parenthesim</span> <span class='ocrx_word' id='word_1_311' title='bbox 1649 1947 1940 1996; x_wconf 78' lang='lat' dir='ltr'>circumfudit</span> <span class='ocrx_word' id='word_1_312' title='bbox 1959 1966 2033 1993; x_wconf 86' lang='lat' dir='ltr'>au-</span> 
     </span>
     <span class='ocr_line' id='line_1_60' title="bbox 1143 2003 2031 2051; baseline 0.005 -5"><span class='ocrx_word' id='word_1_313' title='bbox 1143 2011 1270 2046; x_wconf 79' lang='lat' dir='ltr'>ctore</span> <span class='ocrx_word' id='word_1_314' title='bbox 1300 2003 1455 2046; x_wconf 89' lang='lat' dir='ltr'>codiee</span> <span class='ocrx_word' id='word_1_315' title='bbox 1482 2003 1628 2047; x_wconf 81' lang='lat' dir='ltr'>Vatic.</span> <span class='ocrx_word' id='word_1_316' title='bbox 1648 2004 1778 2047; x_wconf 70' lang='grc'><strong>3429.</strong></span> <span class='ocrx_word' id='word_1_317' title='bbox 1839 2008 1899 2048; x_wconf 77' lang='lat' dir='ltr'>At</span> <span class='ocrx_word' id='word_1_318' title='bbox 1927 2007 2031 2051; x_wconf 81' lang='lat' dir='ltr'>talia</span> 
     </span>
     <span class='ocr_line' id='line_1_61' title="bbox 1143 2060 2032 2120; baseline 0.007 -19"><span class='ocrx_word' id='word_1_319' title='bbox 1143 2076 1234 2102; x_wconf 93' lang='lat' dir='ltr'>non</span> <span class='ocrx_word' id='word_1_320' title='bbox 1261 2061 1409 2102; x_wconf 87' lang='lat' dir='ltr'>solent</span> <span class='ocrx_word' id='word_1_321' title='bbox 1442 2060 1586 2118; x_wconf 83' lang='lat' dir='ltr'>accipi</span> <span class='ocrx_word' id='word_1_322' title='bbox 1617 2070 1665 2103; x_wconf 89' lang='lat' dir='ltr'>ut</span> <span class='ocrx_word' id='word_1_323' title='bbox 1698 2061 1746 2105; x_wconf 90' lang='lat' dir='ltr'>in</span> <span class='ocrx_word' id='word_1_324' title='bbox 1779 2065 2032 2120; x_wconf 75' lang='lat' dir='ltr'>parenthesi</span> 
     </span>
     <span class='ocr_line' id='line_1_62' title="bbox 1144 2118 2032 2178; baseline 0.006 -18"><span class='ocrx_word' id='word_1_325' title='bbox 1144 2118 1311 2176; x_wconf 83' lang='lat' dir='ltr'>posita;</span> <span class='ocrx_word' id='word_1_326' title='bbox 1333 2125 1437 2160; x_wconf 85' lang='lat' dir='ltr'>sunt</span> <span class='ocrx_word' id='word_1_327' title='bbox 1458 2133 1558 2176; x_wconf 86' lang='lat' dir='ltr'>pars</span> <span class='ocrx_word' id='word_1_328' title='bbox 1582 2118 1780 2178; x_wconf 79' lang='lat' dir='ltr'>legitima</span> <span class='ocrx_word' id='word_1_329' title='bbox 1801 2121 2032 2166; x_wconf 75' lang='lat' dir='ltr'>enuntiati.</span> 
     </span>
    </p>
   </div>
   <div class='ocr_carea' id='block_1_16' title="bbox 1140 2217 2032 2730">
    <p class='ocr_par' dir='ltr' id='par_1_16' title="bbox 1140 2217 2032 2730">
     <span class='ocr_line' id='line_1_63' title="bbox 1201 2217 2031 2274; baseline 0.006 -14"><span class='ocrx_word' id='word_1_330' title='bbox 1201 2232 1425 2274; x_wconf 83' lang='lat' dir='ltr'>namque.</span> <span class='ocrx_word' id='word_1_331' title='bbox 1473 2218 1549 2262; x_wconf 88' lang='lat' dir='ltr'>Sic</span> <span class='ocrx_word' id='word_1_332' title='bbox 1563 2217 1668 2262; x_wconf 88' lang='lat' dir='ltr'>MS.</span> <span class='ocrx_word' id='word_1_333' title='bbox 1679 2217 1826 2264; x_wconf 76' lang='lat' dir='ltr'>Vatic.</span> <span class='ocrx_word' id='word_1_334' title='bbox 1839 2220 1977 2264; x_wconf 73' lang='lat'>3429..</span> <span class='ocrx_word' id='word_1_335' title='bbox 1987 2229 2031 2266; x_wconf 77' lang='lat' dir='ltr'>et</span> 
     </span>
     <span class='ocr_line' id='line_1_64' title="bbox 1144 2276 2030 2323; baseline 0.003 -3"><span class='ocrx_word' id='word_1_336' title='bbox 1144 2277 1245 2320; x_wconf 85' lang='lat' dir='ltr'>edd.</span> <span class='ocrx_word' id='word_1_337' title='bbox 1268 2287 1440 2319; x_wconf 85' lang='lat' dir='ltr'>veteres</span> <span class='ocrx_word' id='word_1_338' title='bbox 1473 2284 1515 2317; x_wconf 89' lang='lat' dir='ltr'>et</span> <span class='ocrx_word' id='word_1_339' title='bbox 1540 2276 1815 2319; x_wconf 84' lang='lat' dir='ltr'>recentiores</span> <span class='ocrx_word' id='word_1_340' title='bbox 1841 2294 1941 2322; x_wconf 79' lang='lat' dir='ltr'>exce</span> <span class='ocrx_word' id='word_1_341' title='bbox 1975 2278 2030 2323; x_wconf 80' lang='lat' dir='ltr'>tis</span> 
     </span>
     <span class='ocr_line' id='line_1_65' title="bbox 1143 2332 2028 2380; baseline 0.003 -3"><span class='ocrx_word' id='word_1_342' title='bbox 1143 2333 1416 2377; x_wconf 76' lang='lat' dir='ltr'>editionibus</span> <span class='ocrx_word' id='word_1_343' title='bbox 1450 2332 1655 2377; x_wconf 71' lang='lat' dir='ltr'>GronoV.</span> <span class='ocrx_word' id='word_1_344' title='bbox 1692 2332 1819 2378; x_wconf 74' lang='lat'>1672.</span> <span class='ocrx_word' id='word_1_345' title='bbox 1861 2345 1905 2378; x_wconf 86' lang='lat' dir='ltr'>et</span> <span class='ocrx_word' id='word_1_346' title='bbox 1963 2352 2028 2380; x_wconf 86' lang='lat' dir='ltr'>ac.</span> 
     </span>
     <span class='ocr_line' id='line_1_66' title="bbox 1144 2391 2030 2447; baseline 0.003 -13"><span class='ocrx_word' id='word_1_347' title='bbox 1144 2391 1350 2435; x_wconf 79' lang='lat' dir='ltr'>Gronov,</span> <span class='ocrx_word' id='word_1_348' title='bbox 1376 2392 1523 2439; x_wconf 66' lang='lat'>1720„</span> <span class='ocrx_word' id='word_1_349' title='bbox 1564 2406 1676 2447; x_wconf 89' lang='lat' dir='ltr'>quae</span> <span class='ocrx_word' id='word_1_350' title='bbox 1705 2391 1861 2436; x_wconf 85' lang='lat' dir='ltr'>ferunt</span> <span class='ocrx_word' id='word_1_351' title='bbox 1894 2408 2030 2438; x_wconf 82' lang='lat' dir='ltr'>nam.</span> 
     </span>
     <span class='ocr_line' id='line_1_67' title="bbox 1142 2446 2032 2506; baseline 0.004 -14"><span class='ocrx_word' id='word_1_352' title='bbox 1142 2448 1214 2492; x_wconf 86' lang='lat' dir='ltr'>De</span> <span class='ocrx_word' id='word_1_353' title='bbox 1267 2449 1499 2506; x_wconf 85' lang='lat' dir='ltr'>utriusque</span> <span class='ocrx_word' id='word_1_354' title='bbox 1547 2446 1724 2491; x_wconf 81' lang='lat' dir='ltr'>formae</span> <span class='ocrx_word' id='word_1_355' title='bbox 1771 2448 2032 2496; x_wconf 80' lang='lat' dir='ltr'>discrimine</span> 
     </span>
     <span class='ocr_line' id='line_1_68' title="bbox 1143 2503 2032 2564; baseline 0.007 -16"><span class='ocrx_word' id='word_1_356' title='bbox 1143 2506 1235 2552; x_wconf 81' lang='lat' dir='ltr'>vid.</span> <span class='ocrx_word' id='word_1_357' title='bbox 1259 2503 1626 2549; x_wconf 61' lang='lat' dir='ltr'>Ramsh01»n.Gr.</span> <span class='ocrx_word' id='word_1_358' title='bbox 1650 2505 1804 2564; x_wconf 83' lang='lat' dir='ltr'>p.563.</span> <span class='ocrx_word' id='word_1_359' title='bbox 1862 2508 2032 2554; x_wconf 77' lang='lat' dir='ltr'>Bremi.</span> 
     </span>
     <span class='ocr_line' id='line_1_69' title="bbox 1142 2563 2029 2622; baseline 0.005 -16"><span class='ocrx_word' id='word_1_360' title='bbox 1142 2565 1196 2606; x_wconf 87' lang='lat' dir='ltr'>ad</span> <span class='ocrx_word' id='word_1_361' title='bbox 1219 2563 1382 2622; x_wconf 84' lang='lat' dir='ltr'>Nepot.</span> <span class='ocrx_word' id='word_1_362' title='bbox 1406 2563 1506 2607; x_wconf 81' lang='lat' dir='ltr'>Alc.</span> <span class='ocrx_word' id='word_1_363' title='bbox 1532 2566 1569 2611; x_wconf 86' lang='lat'>1,</span> <span class='ocrx_word' id='word_1_364' title='bbox 1591 2563 1635 2606; x_wconf 75' lang='grc'>2.</span> <span class='ocrx_word' id='word_1_365' title='bbox 1695 2564 1952 2609; x_wconf 77' lang='lat' dir='ltr'>Frotscher.</span> <span class='ocrx_word' id='word_1_366' title='bbox 1974 2568 2029 2610; x_wconf 88' lang='lat' dir='ltr'>ad</span> 
     </span>
     <span class='ocr_line' id='line_1_70' title="bbox 1143 2620 2029 2680; baseline 0.005 -17"><span class='ocrx_word' id='word_1_367' title='bbox 1143 2621 1304 2676; x_wconf 85' lang='lat' dir='ltr'>Quint.</span> <span class='ocrx_word' id='word_1_368' title='bbox 1321 2623 1371 2666; x_wconf 90' lang='lat' dir='ltr'>X.</span> <span class='ocrx_word' id='word_1_369' title='bbox 1387 2638 1432 2679; x_wconf 91' lang='lat' dir='ltr'>p.</span> <span class='ocrx_word' id='word_1_370' title='bbox 1446 2621 1517 2663; x_wconf 71' lang='lat'>21.</span> <span class='ocrx_word' id='word_1_371' title='bbox 1579 2621 1647 2663; x_wconf 82' lang='lat' dir='ltr'>De</span> <span class='ocrx_word' id='word_1_372' title='bbox 1665 2620 1816 2663; x_wconf 80' lang='lat' dir='ltr'>eadem</span> <span class='ocrx_word' id='word_1_373' title='bbox 1839 2622 2029 2680; x_wconf 82' lang='lat' dir='ltr'>scriptu-</span> 
     </span>
     <span class='ocr_line' id='line_1_71' title="bbox 1140 2677 2026 2730; baseline 0.006 -9"><span class='ocrx_word' id='word_1_374' title='bbox 1140 2695 1214 2722; x_wconf 87' lang='lat' dir='ltr'>rae</span> <span class='ocrx_word' id='word_1_375' title='bbox 1237 2679 1448 2724; x_wconf 83' lang='lat' dir='ltr'>varietate</span> <span class='ocrx_word' id='word_1_376' title='bbox 1475 2677 1563 2720; x_wconf 85' lang='lat' dir='ltr'>vid.</span> <span class='ocrx_word' id='word_1_377' title='bbox 1586 2686 1681 2721; x_wconf 81' lang='lat' dir='ltr'>not.</span> <span class='ocrx_word' id='word_1_378' title='bbox 1702 2678 1757 2722; x_wconf 85' lang='lat' dir='ltr'>ad</span> <span class='ocrx_word' id='word_1_379' title='bbox 1774 2678 2026 2730; x_wconf 73' lang='lat' dir='ltr'>Hist.3‚42.</span> 
     </span>
    </p>
   </div>
   <div class='ocr_carea' id='block_1_17' title="bbox 1509 2775 2027 2826">
    <p class='ocr_par' dir='ltr' id='par_1_17' title="bbox 1509 2775 2027 2826">
     <span class='ocr_line' id='line_1_72' title="bbox 1509 2775 2027 2826; baseline 0.019 -10"><span class='ocrx_word' id='word_1_380' title='bbox 1509 2790 1685 2818; x_wconf 84' lang='lat' dir='ltr'>comae.</span> <span class='ocrx_word' id='word_1_381' title='bbox 1772 2775 1831 2821; x_wconf 84' lang='lat' dir='ltr'>cf.</span> <span class='ocrx_word' id='word_1_382' title='bbox 1867 2777 2027 2826; x_wconf 81' lang='lat' dir='ltr'>Germ.</span> 
     </span>
    </p>
   </div>
   <div class='ocr_carea' id='block_1_18' title="bbox 1140 2778 1469 2879">
    <p class='ocr_par' dir='ltr' id='par_1_18' title="bbox 1140 2778 1469 2879">
     <span class='ocr_line' id='line_1_73' title="bbox 1196 2778 1469 2822; baseline -0.004 -1"><span class='ocrx_word' id='word_1_383' title='bbox 1196 2778 1373 2821; x_wconf 72' lang='lat' dir='ltr'>rutilae</span> <span class='ocrx_word' id='word_1_384' title='bbox 1410 2808 1423 2822; x_wconf 86' lang='lat'>.</span> <span class='ocrx_word' id='word_1_385' title='bbox 1458 2808 1469 2820; x_wconf 90' lang='lat'>.</span> 
     </span>
     <span class='ocr_line' id='line_1_74' title="bbox 1140 2838 1247 2879; baseline 0.009 -1"><span class='ocrx_word' id='word_1_386' title='bbox 1140 2851 1179 2878; x_wconf 91' lang='lat' dir='ltr'>c.</span> <span class='ocrx_word' id='word_1_387' title='bbox 1205 2838 1247 2879; x_wconf 82' lang='lat'>4.</span> 
     </span>
    </p>
   </div>
   <div class='ocr_carea' id='block_1_19' title="bbox 1133 2931 2028 3337">
    <p class='ocr_par' dir='ltr' id='par_1_19' title="bbox 1133 2931 2028 3337">
     <span class='ocr_line' id='line_1_75' title="bbox 1193 2931 2028 2989; baseline 0.005 -14"><span class='ocrx_word' id='word_1_388' title='bbox 1193 2932 1394 2976; x_wconf 80' lang='lat' dir='ltr'>colorati</span> <span class='ocrx_word' id='word_1_389' title='bbox 1425 2935 1594 2976; x_wconf 81' lang='lat' dir='ltr'>vultus.</span> <span class='ocrx_word' id='word_1_390' title='bbox 1657 2931 1788 2989; x_wconf 83' lang='lat' dir='ltr'>Quos</span> <span class='ocrx_word' id='word_1_391' title='bbox 1821 2934 1858 2977; x_wconf 78' lang='lat' dir='ltr'>si</span> <span class='ocrx_word' id='word_1_392' title='bbox 1893 2950 2028 2979; x_wconf 88' lang='lat' dir='ltr'>com-</span> 
     </span>
     <span class='ocr_line' id='line_1_76' title="bbox 1135 2991 2026 3053; baseline 0.006 -22"><span class='ocrx_word' id='word_1_393' title='bbox 1135 3006 1262 3048; x_wconf 78' lang='lat' dir='ltr'>paras</span> <span class='ocrx_word' id='word_1_394' title='bbox 1308 3005 1411 3032; x_wconf 88' lang='lat' dir='ltr'>cum</span> <span class='ocrx_word' id='word_1_395' title='bbox 1457 2991 1681 3033; x_wconf 80' lang='lat' dir='ltr'>coloratis</span> <span class='ocrx_word' id='word_1_396' title='bbox 1722 2991 1869 3047; x_wconf 60' lang='lat' dir='ltr'>Indis</span> <span class='ocrx_word' id='word_1_397' title='bbox 1908 2995 2026 3053; x_wconf 84' lang='lat' dir='ltr'>apud</span> 
     </span>
     <span class='ocr_line' id='line_1_77' title="bbox 1135 3047 2024 3106; baseline 0.006 -18"><span class='ocrx_word' id='word_1_398' title='bbox 1135 3049 1262 3106; x_wconf 82' lang='lat' dir='ltr'>Virg.</span> <span class='ocrx_word' id='word_1_399' title='bbox 1289 3047 1457 3106; x_wconf 86' lang='lat' dir='ltr'>Georg.</span> <span class='ocrx_word' id='word_1_400' title='bbox 1478 3050 1520 3096; x_wconf 81' lang='lat'>4,</span> <span class='ocrx_word' id='word_1_401' title='bbox 1545 3047 1649 3091; x_wconf 73' lang='lat'>293.</span> <span class='ocrx_word' id='word_1_402' title='bbox 1679 3058 1722 3091; x_wconf 86' lang='lat' dir='ltr'>et</span> <span class='ocrx_word' id='word_1_403' title='bbox 1746 3065 1853 3092; x_wconf 88' lang='lat' dir='ltr'>cum</span> <span class='ocrx_word' id='word_1_404' title='bbox 1879 3053 2024 3093; x_wconf 74' lang='lat' dir='ltr'>comi-</span> 
     </span>
     <span class='ocr_line' id='line_1_78' title="bbox 1133 3105 2027 3160; baseline 0.003 -12"><span class='ocrx_word' id='word_1_405' title='bbox 1133 3106 1256 3148; x_wconf 81' lang='lat' dir='ltr'>tibus</span> <span class='ocrx_word' id='word_1_406' title='bbox 1292 3105 1442 3160; x_wconf 75' lang='lat' dir='ltr'>suscis</span> <span class='ocrx_word' id='word_1_407' title='bbox 1457 3140 1466 3157; x_wconf 84' lang='lat'>‚</span> <span class='ocrx_word' id='word_1_408' title='bbox 1529 3120 1644 3160; x_wconf 83' lang='lat' dir='ltr'>quos</span> <span class='ocrx_word' id='word_1_409' title='bbox 1682 3106 1825 3149; x_wconf 84' lang='lat' dir='ltr'>India</span> <span class='ocrx_word' id='word_1_410' title='bbox 1874 3115 2027 3151; x_wconf 79' lang='lat' dir='ltr'>torret</span> 
     </span>
     <span class='ocr_line' id='line_1_79' title="bbox 1134 3162 2024 3223; baseline 0.007 -20"><span class='ocrx_word' id='word_1_411' title='bbox 1134 3162 1251 3220; x_wconf 82' lang='lat' dir='ltr'>apud</span> <span class='ocrx_word' id='word_1_412' title='bbox 1275 3162 1444 3206; x_wconf 85' lang='lat' dir='ltr'>Tibull.</span> <span class='ocrx_word' id='word_1_413' title='bbox 1465 3164 1505 3214; x_wconf 69' lang='grc' dir='ltr'>Ξ,</span> <span class='ocrx_word' id='word_1_414' title='bbox 1524 3164 1565 3219; x_wconf 74' lang='lat'>3,</span> <span class='ocrx_word' id='word_1_415' title='bbox 1589 3164 1683 3215; x_wconf 67' lang='lat'>55„</span> <span class='ocrx_word' id='word_1_416' title='bbox 1722 3165 1824 3207; x_wconf 79' lang='lat' dir='ltr'>satis</span> <span class='ocrx_word' id='word_1_417' title='bbox 1844 3174 2024 3223; x_wconf 82' lang='lat' dir='ltr'>apparet</span> 
     </span>
     <span class='ocr_line' id='line_1_80' title="bbox 1136 3221 2025 3279; baseline 0.006 -17"><span class='ocrx_word' id='word_1_418' title='bbox 1136 3223 1370 3262; x_wconf 74' lang='lat' dir='ltr'>coloratos</span> <span class='ocrx_word' id='word_1_419' title='bbox 1405 3223 1555 3262; x_wconf 82' lang='lat' dir='ltr'>vultus</span> <span class='ocrx_word' id='word_1_420' title='bbox 1587 3221 1897 3279; x_wconf 69' lang='lat' dir='ltr'>intelligendos</span> <span class='ocrx_word' id='word_1_421' title='bbox 1931 3239 2025 3267; x_wconf 85' lang='lat' dir='ltr'>esse</span> 
     </span>
     <span class='ocr_line' id='line_1_81' title="bbox 1135 3276 1990 3337; baseline 0 -15"><span class='ocrx_word' id='word_1_422' title='bbox 1135 3276 1289 3322; x_wconf 84' lang='lat' dir='ltr'>vultus</span> <span class='ocrx_word' id='word_1_423' title='bbox 1312 3277 1512 3321; x_wconf 75' lang='lat' dir='ltr'>fuscatos</span> <span class='ocrx_word' id='word_1_424' title='bbox 1536 3278 1742 3337; x_wconf 80' lang='lat' dir='ltr'>Hispanis</span> <span class='ocrx_word' id='word_1_425' title='bbox 1767 3280 1990 3336; x_wconf 84' lang='lat' dir='ltr'>proprios.</span> 
     </span>
    </p>
   </div>
   <div class='ocr_carea' id='block_1_20' title="bbox 1135 3377 2022 3668">
    <p class='ocr_par' dir='ltr' id='par_1_20' title="bbox 1135 3377 2022 3668">
     <span class='ocr_line' id='line_1_82' title="bbox 1193 3377 2022 3425; baseline 0.005 -4"><span class='ocrx_word' id='word_1_426' title='bbox 1193 3385 1237 3421; x_wconf 79' lang='lat' dir='ltr'>et</span> <span class='ocrx_word' id='word_1_427' title='bbox 1264 3378 1386 3421; x_wconf 79' lang='lat' dir='ltr'>torti.</span> <span class='ocrx_word' id='word_1_428' title='bbox 1451 3378 1491 3421; x_wconf 88' lang='lat' dir='ltr'><strong>A</strong></span> <span class='ocrx_word' id='word_1_429' title='bbox 1514 3379 1617 3421; x_wconf 88' lang='lat' dir='ltr'>MS.</span> <span class='ocrx_word' id='word_1_430' title='bbox 1631 3377 1772 3421; x_wconf 80' lang='lat' dir='ltr'>Vatie.</span> <span class='ocrx_word' id='word_1_431' title='bbox 1796 3378 2022 3425; x_wconf 64' lang='lat' dir='ltr'>3429.=ab·</span> 
     </span>
     <span class='ocr_line' id='line_1_83' title="bbox 1135 3437 2021 3491; baseline 0.003 -13"><span class='ocrx_word' id='word_1_432' title='bbox 1135 3443 1198 3478; x_wconf 89' lang='lat' dir='ltr'>est</span> <span class='ocrx_word' id='word_1_433' title='bbox 1231 3442 1304 3477; x_wconf 86' lang='lat' dir='ltr'>et:</span> <span class='ocrx_word' id='word_1_434' title='bbox 1350 3450 1486 3491; x_wconf 87' lang='lat' dir='ltr'>quare</span> <span class='ocrx_word' id='word_1_435' title='bbox 1519 3437 1765 3479; x_wconf 84' lang='lat' dir='ltr'>omiserunt</span> <span class='ocrx_word' id='word_1_436' title='bbox 1797 3437 2021 3481; x_wconf 71' lang='lat' dir='ltr'>Beckerus</span> 
     </span>
     <span class='ocr_line' id='line_1_84' title="bbox 1135 3491 2021 3550; baseline 0.003 -14"><span class='ocrx_word' id='word_1_437' title='bbox 1135 3501 1178 3536; x_wconf 83' lang='lat' dir='ltr'>et</span> <span class='ocrx_word' id='word_1_438' title='bbox 1199 3491 1438 3535; x_wconf 82' lang='lat' dir='ltr'>flertelius.</span> <span class='ocrx_word' id='word_1_439' title='bbox 1496 3492 1584 3536; x_wconf 84' lang='lat' dir='ltr'>Sed</span> <span class='ocrx_word' id='word_1_440' title='bbox 1614 3508 1708 3535; x_wconf 90' lang='lat' dir='ltr'>non</span> <span class='ocrx_word' id='word_1_441' title='bbox 1741 3493 1946 3550; x_wconf 84' lang='lat' dir='ltr'>displicet</span> <span class='ocrx_word' id='word_1_442' title='bbox 1968 3513 2021 3539; x_wconf 82' lang='lat' dir='ltr'>ea</span> 
     </span>
     <span class='ocr_line' id='line_1_85' title="bbox 1136 3549 2022 3613; baseline 0.008 -22"><span class='ocrx_word' id='word_1_443' title='bbox 1136 3549 1292 3593; x_wconf 82' lang='lat' dir='ltr'>vocula</span> <span class='ocrx_word' id='word_1_444' title='bbox 1307 3582 1320 3600; x_wconf 87' lang='lat'>,</span> <span class='ocrx_word' id='word_1_445' title='bbox 1351 3558 1394 3592; x_wconf 74' lang='lat' dir='ltr'>et</span> <span class='ocrx_word' id='word_1_446' title='bbox 1418 3551 1576 3593; x_wconf 82' lang='lat' dir='ltr'>eximie</span> <span class='ocrx_word' id='word_1_447' title='bbox 1597 3549 1702 3594; x_wconf 84' lang='lat' dir='ltr'>facit</span> <span class='ocrx_word' id='word_1_448' title='bbox 1727 3551 1781 3595; x_wconf 86' lang='lat' dir='ltr'>ad</span> <span class='ocrx_word' id='word_1_449' title='bbox 1806 3552 1894 3597; x_wconf 86' lang='lat' dir='ltr'>loci</span> <span class='ocrx_word' id='word_1_450' title='bbox 1915 3570 2022 3613; x_wconf 77' lang='lat' dir='ltr'>par-</span> 
     </span>
     <span class='ocr_line' id='line_1_86' title="bbox 1137 3606 1632 3668; baseline 0.002 -16"><span class='ocrx_word' id='word_1_451' title='bbox 1137 3616 1200 3652; x_wconf 79' lang='lat' dir='ltr'>tes</span> <span class='ocrx_word' id='word_1_452' title='bbox 1223 3615 1344 3650; x_wconf 74' lang='lat' dir='ltr'>recte</span> <span class='ocrx_word' id='word_1_453' title='bbox 1370 3606 1632 3668; x_wconf 75' lang='lat' dir='ltr'>iungendas.</span> 
     </span>
    </p>
   </div>
  </div>
 </body>
</html>
