2150 4022
356 288 607 351 IUL'II
652 287 976 348 AGRIC.
1017 284 1255 346 VITA
1330 286 1522 349 CAP.
1557 290 1615 348 6.

0 494 4 499 μ
61 421 363 501 consulem
410 417 679 477 Salvium
728 417 1038 476 Titianum
1093 417 1275 477 dedit.

1794 291 1912 349 123

1389 436 1645 495 quorum
1699 430 1912 477 neutro

60 516 379 580 corruptus·
409 516 516 560 est:
572 524 914 580 quanquam
959 498 1025 559 et'
1053 502 1363 576 provincia
1404 504 1567 560 dives
1607 523 1674 560 ac
1709 515 1945 582 parata,

25 667 27 669 q
58 590 463 669 peccantibuS‚
507 600 564 645 et
599 589 920 663 proconsul
955 588 1021 642 in
1054 606 1293 642 omnem
1322 588 1663 646 aviditatem
1689 587 1916 664 pronus

60 675 426 754 quantalibet
467 674 746 731 facilitate
794 674 1206 747 redempturus
1252 684 1399 728 esset
1436 686 1705 730 mutuam
1743 674 1917 730 dissi-

57 760 443 818 mulationem
480 759 640 815 mali.

59 845 333 902 solatium
365 845 559 901 simul.

727 755 954 815 Auctus
990 768 1075 832 est
1110 756 1199 812 ibi
1234 756 1356 812 filia
1393 757 1458 812 in
1493 759 1826 816 subsidium
1860 771 1918 818 et

644 864 783 900 nam
810 844 999 900 filium
1020 852 1153 898 ante
1183 842 1478 898 sublatum
1509 844 1679 900 brevi
1704 844 1918 906 amisit.

61 929 209 988 Mox
243 930 399 986 inter
433 940 804 1006 quaesturam
836 950 900 984 ac
929 928 1295 984 tribunatum
1317 927 1509 1002 plebis
1537 920 1710 1005 atque
1741 930 1917 995 etiam
1955 931 1959 935 ”

14 1169 22 1177 ’
61 1151 422 1210 rohorarique.'’
483 1151 636 1207 Quam
661 1150 849 1195 Beckeri
879 1167 954 1195 ex-

62 1210 356 1269 plicationem
399 1209 475 1266 qui
521 1217 728 1257 tuentur,
780 1223 954 1266 provo-

65 1275 168 1311 cant
190 1269 245 1311 ad
270 1268 354 1311 An.
381 1266 421 1317 3,
442 1267 513 1310 34.
546 1281 662 1308 nam
694 1268 789 1308 viri
819 1266 868 1308 in
903 1280 957 1308 eo

63 1327 276 1380 culpam,
314 1326 359 1367 si
370 1324 563 1379 semina
594 1327 788 1366 modum
820 1338 955 1365 exce-

64 1385 168 1425 dat.
235 1380 324 1426 Sed
354 1380 464 1424 haec
496 1396 522 1423 a
554 1389 712 1424 nostro
746 1389 957 1423 contextu

6 1470 16 1477 .
65 1446 190 1481 certe
209 1447 315 1481 sunt
337 1437 510 1486 aliena,
551 1454 638 1482 nec
661 1437 764 1481 satis
788 1446 908 1481 recte
933 1455 956 1481 a

64 1494 258 1538 Dronkii
309 1495 678 1552 interpretatione
728 1494 958 1539 Beckerus

66 1552 286 1597 discessit.

123 1624 340 1667 Salvium
363 1625 408 1667 T
404 1626 619 1679 itionum.
678 1623 814 1666 Hunc
838 1623 955 1666 Her-

65 1680 198 1724 telius
219 1682 326 1725 facit
349 1682 491 1725 filium
514 1682 737 1724 minorem
763 1680 959 1724 Othonis

66 1737 377 1796 imperatoris,
399 1739 520 1797 quod
546 1756 639 1782 non
659 1739 826 1796 patitur
848 1746 959 1780 tem·

65 1811 231 1853 porum
257 1796 388 1840 ratio.
458 1796 564 1840 Fuit
588 1796 786 1839 eiusdem
819 1795 960 1838 frater

67 1853 215 1896 maior
235 1863 365 1902 natu,
385 1854 518 1909 pleno
542 1854 729 1897 nomine
743 1868 756 1895 ε
789 1853 841 1896 L.
853 1852 956 1895 Sal-

66 1910 171 1953 vius
195 1909 314 1953 Otho
336 1911 571 1965 Titianus.
632 1909 690 1955 cf.
706 1911 830 1954 Suet.
847 1909 958 1954 Oth.

69 1983 110 2010 c.
163 1969 204 2011 1.
256 1967 408 2026 ibique
455 1958 758 2025 Bautiigarten
777 1993 805 2000 -
825 1967 955 2011 Crus.

67 2023 214 2069 Tacit.
258 2024 370 2069 Hist.
417 2027 456 2074 l,
497 2026 568 2070 75.
608 2025 682 2069 77.
759 2024 958 2068 Her-telio

70 2081 303 2126 confusius
330 2082 562 2126 Dronkius
586 2082 640 2126 de
665 2081 764 2125 viro
801 2082 956 2139 dispu-

1 2179 10 2183 ,
35 2179 38 2182 Α
67 2139 195 2184 tavit.
256 2139 508 2185 Proconsul
539 2157 562 2183 a
586 2139 769 2183 Nerone
793 2139 840 2182 in
864 2140 957 2183 Lu-

69 2195 274 2240 sitaniam
307 2199 468 2241 missus
498 2199 591 2243 sive
620 2198 839 2253 relegatus
874 2196 961 2240 fuit

69 2254 143 2297 ille
163 2254 282 2313 ipse,
318 2255 396 2314 qui
421 2265 522 2315 post
546 2253 742 2299 Galbam
771 2254 962 2313 impera-

0 2328 5 2331 *
71 2312 153 2356 vit.

129 2387 460 2439 redempturus
509 2392 648 2427 esset.
739 2382 964 2426 Hertelius

74 2440 131 2484 ad
155 2441 199 2485 h.
223 2440 253 2484 l.
314 2440 443 2492 „Cur
467 2456 561 2484 non
583 2441 798 2497 suisset?
852 2439 961 2482 Ete-

73 2497 168 2540 nim
207 2498 373 2554 cogitat
407 2498 462 2540 de
496 2498 576 2542 illo
613 2497 712 2555 ipso
748 2506 966 2555 tempore,

75 2571 179 2599 cum
204 2571 292 2599 una
315 2563 475 2599 essent.
491 2555 517 2574 ”
559 2555 665 2611 Quo
689 2571 796 2602 vera
820 2571 964 2614 gram-

75 2612 258 2657 matices
281 2614 395 2656 ratio
422 2629 515 2655 non
541 2612 644 2655 satis
667 2620 788 2655 recte
822 2611 966 2669 expli-

76 2678 218 2713 catur.
264 2671 448 2714 Fuisset
467 2678 530 2713 est
554 2670 776 2728 optativus
799 2669 967 2720 aoristi‚

78 2727 150 2771 cui
183 2727 257 2772 hic
292 2743 387 2770 non
425 2735 490 2770 est
523 2726 676 2778 locus,
719 2726 823 2785 quia
851 2727 968 2770 scri-

77 2791 185 2842 ptor
208 2800 304 2827 non
328 2784 531 2842 loquitur
554 2784 609 2827 de
631 2793 751 2828 certa
775 2784 968 2837 quadam

80 2841 343 2893 occasione,
373 2858 460 2900 qua
480 2841 684 2885 Titianus
708 2842 968 2899 redemptu-

80 2914 155 2941 rus
193 2898 373 2950 fuisset‚
426 2899 501 2942 sed
541 2899 596 2942 de
626 2915 702 2951 re,
751 2898 800 2942 in
832 2915 969 2957 quam

82 2971 259 3013 semper
279 2972 451 3013 pronus
475 2965 585 3000 erat.

139 3034 352 3068 mutuam
394 3020 832 3072 dissimulationem.
907 3026 970 3073 cf.

82 3091 176 3183 poia:
198 3083 254 3126 ad
274 3083 387 3129 nist.
412 3087 452 3133 1,
472 3085 547 3128 26.
569 3085 650 3128 sub
673 3101 720 3132 v.
751 3087 968 3129 dissimu-

102 3157 133 3183 a
154 3155 212 3183 10.

141 3203 308 3240 au‘ctus
339 3205 427 3242 est.
486 3187 548 3243 cf.
586 3208 683 3245 not.
717 3199 773 3244 ad
807 3199 897 3244 An.
931 3202 976 3249 2,

85 3254 126 3299 6.
148 3255 232 3299 sub
256 3272 300 3302 v.
327 3257 633 3310 augebantur.

143 3324 195 3366 in
221 3325 474 3368 subsidium
495 3326 639 3367 simul
658 3333 704 3368 et
729 3328 972 3370 solatium.

88 3379 166 3424 Sic
190 3380 295 3426 MS.
328 3373 474 3425 Vatie.
495 3382 624 3427 3429.
657 3383 758 3426 edd.
793 3384 972 3428 Broter.

87 3436 268 3482 Dronk.
308 3438 480 3483 Hertel.
562 3440 634 3483 De
676 3440 779 3487 MS.
825 3441 971 3485 Vatic.

90 3493 218 3537 4498.
240 3495 627 3540 Broterius'tacet.
665 3520 725 3529 —
782 3498 831 3541 in
862 3502 974 3541 sub-

91 3552 258 3593 sidium
281 3560 325 3594 et
345 3556 569 3596 solatium
588 3555 731 3597 simul
749 3555 852 3600 edd.
874 3563 974 3600 ante

84 3607 348 3653 ‘Broterium
391 3618 434 3653 et
468 3620 570 3669 post
601 3611 731 3655 illum
766 3612 972 3657 Oberlin.

1028 1147 1344 1195 Waleh.alii=
1371 1163 1508 1206 quem
1533 1149 1775 1194 verborum
1799 1152 1920 1197 ordi·

1028 1224 1135 1251 nem
1168 1205 1421 1249 Walchius
1469 1205 1671 1251 defendit
1714 1210 1918 1267 exemplo

1027 1267 1119 1310 An.
1149 1265 1189 1312 1,
1211 1263 1256 1307 9.
1281 1278 1370 1320 quo
1393 1264 1644 1308 Valerium
1666 1265 1921 1310 Coruinum

1029 1331 1075 1366 et
1098 1323 1266 1365 Caium
1290 1320 1501 1364 Marium
1518 1322 1666 1365 simul
1682 1338 1920 1381 aequave-

1027 1387 1121 1423 rat.
1182 1378 1275 1421 Sed
1309 1378 1677 1437 distinguendum
1713 1388 1797 1427 est.
1856 1381 1920 1424 In

1028 1438 1283 1481 subsidium
1335 1443 1383 1478 et
1430 1439 1654 1480 solatium
1697 1439 1844 1481 simul
1882 1438 1922 1482 si

1028 1495 1211 1542 scribis,
1245 1499 1293 1535 tu
1314 1492 1426 1536 dicis
1447 1493 1586 1537 filiam
1607 1494 1731 1538 illam
1749 1505 1924 1539 utrum·

1030 1569 1116 1610 que
1133 1583 1147 1600 ,
1177 1550 1426 1594 subsidium
1451 1559 1493 1593 et
1519 1551 1755 1603 solatium,
1790 1551 1924 1611 Agri·

1032 1609 1159 1654 colae
1193 1607 1330 1650 fuisse
1363 1609 1421 1651 ob
1458 1607 1725 1657 defunctum
1760 1609 1921 1655 filium.

1031 1682 1138 1708 nam
1161 1666 1221 1709 ita
1246 1664 1337 1707 duo
1362 1665 1837 1723 comprehenduntur,
1871 1675 1924 1711 ut

1031 1724 1123 1767 An.
1146 1726 1183 1775 1,
1206 1723 1249 1766 9.
1308 1722 1389 1765 Sin
1420 1722 1611 1766 alterum
1641 1725 1806 1768 retines
1841 1741 1922 1768 or-

1032 1781 1212 1828 dinem,
1254 1779 1470 1822 sententia
1496 1788 1583 1829 est,
1625 1781 1762 1825 filiam
1786 1782 1922 1850 Agri-

1033 1839 1158 1881 colae
1183 1853 1280 1880 non
1312 1837 1457 1879 solum
1494 1837 1739 1882 subsidium
1774 1840 1928 1896 fuisse,
1999 1864 2008 1875 ·

1031 1895 1154 1954 quod
1177 1911 1258 1952 per
1279 1910 1326 1937 se
1346 1893 1635 1952 intelligitur,
1677 1897 1756 1940 sed
1793 1897 1927 1942 etiam

1029 1952 1242 1996 solatium
1285 1952 1343 1995 ob
1383 1961 1578 1995 mortem
1628 1952 1724 1998 filii.
1803 1954 1929 2000 Haec

1030 2025 1137 2055 vera
1180 2009 1352 2051 videtur
1393 2025 1488 2051 esse
1534 2010 1625 2054 loci
1666 2011 1798 2058 ratio.
1867 2014 1927 2058 ef.

1029 2066 1138 2110 infr.
1162 2083 1202 2111 c.
1217 2067 1260 2110 7.
1283 2068 1351 2108 ita
1371 2081 1609 2110 successor
1627 2069 1772 2111 simul
1791 2076 1837 2112 et
1857 2073 1926 2113 ul·

1034 2133 1123 2172 tor.
1197 2124 1269 2167 De
1304 2125 1530 2168 vocabulo
1565 2127 1829 2170 subsidium
1866 2127 1927 2172 cf.

1032 2189 1132 2226 not.
1158 2181 1214 2225 ad
1237 2181 1328 2224 An.
1354 2183 1393 2230 1,
1413 2181 1455 2225 3.

1090 2240 1214 2282 inter
1258 2248 1567 2294 quaesturam
1609 2255 1666 2284 ac
1710 2241 1929 2284 tribuna-

1035 2304 1155 2340 tum.
1213 2297 1314 2339 MS.
1335 2297 1463 2340 3429.
1486 2297 1707 2343 edd.Put.
1721 2297 1795 2343 M.
1815 2307 1857 2342 et
1867 2298 1927 2343 V.

1034 2370 1134 2412 sqq.
1157 2353 1211 2397 ad
1235 2353 1529 2397 Rhenanum:
1574 2355 1699 2397 inter
1724 2364 1930 2410 praetu-

1034 2427 1168 2463 ram,
1209 2419 1516 2468 quaesturam
1540 2427 1596 2454 ac
1618 2413 1926 2458 tribunatum.

1033 2468 1275 2512 Rhenanus
1314 2467 1448 2511 tacite
1485 2468 1644 2527 inepto
1683 2481 1928 2526 augmento

1034 2526 1189 2569 locum
1211 2523 1432 2568 liberavit.
1495 2526 1706 2571 Ceterum
1725 2526 1799 2570 alii
1813 2543 1930 2587 ¹cum

1035 2583 1244 2625 Ernestio
1290 2582 1344 2624 ad
1380 2583 1519 2628 verba
1552 2585 1674 2627 inter
1706 2593 1929 2640 quaestu-

1037 2654 1147 2683 ram
1169 2655 1224 2682 ac
1255 2640 1548 2684 tribunatum
1581 2655 1605 2683 e
1637 2642 1929 2700 sequentibus

1037 2697 1242 2741 referunt
1265 2711 1471 2749 annum,
1509 2705 1560 2741 ut
1585 2697 1645 2741 ita
1677 2715 1796 2742 unus
1827 2708 1933 2744 tana

1039 2764 1136 2798 tum
1197 2769 1342 2796 annus
1401 2754 1609 2799 videatur
1668 2755 1930 2803 interiectus

1038 2811 1199 2855 fuisse:
1241 2811 1315 2854 alii
1349 2811 1396 2854 in
1423 2813 1688 2859 universum
1713 2816 1930 2874 temporis

1038 2869 1272 2912 notionem
1306 2867 1579 2928 intelligunt.
1637 2870 1696 2915 Et
1727 2873 1929 2916 vocabu-

1040 2926 1135 2969 lum
1161 2927 1311 2982 ipsum
1333 2928 1453 2970 certe
1475 2943 1567 2971 non
1587 2929 1757 2986 poscit,
1778 2939 1828 2974 ut
1848 2940 1932 2974 ἀη-

1040 2986 1158 3026 num
1182 2983 1410 3043 ad·priora
1430 2984 1615 3030 referas.
1680 3019 1687 3026 .

1099 3047 1239 3096 atque
1263 3042 1406 3083 etiam
1429 3043 1601 3095 ipsum.
1658 3041 1759 3087 MS.
1784 3043 1931 3092 Vatia.

1041 3098 1172 3143 3429.
1200 3097 1305 3142 edd.
1328 3097 1522 3144 Becker.
1542 3100 1712 3144 Hertel.
1730 3100 1930 3146 Walch.

1043 3163 1182 3212 atque
1209 3156 1368 3215 ipsum-
1390 3157 1548 3205 etiam.
1605 3157 1842 3204 Broterius
1863 3167 1931 3203 ta-

1046 3221 1116 3256 cet
1148 3212 1203 3255 de
1235 3220 1429 3272 utroque
1463 3215 1686 3269 Vaticano
1721 3217 1935 3259 retinuit-

1016 3317 1019 3319 <
1044 3286 1131 3327 que
1153 3269 1385 3326 vulgatum
1417 3272 1662 3318 verborum
1695 3272 1934 3328 ordinem3

1046 3343 1184 3383 quare
1207 3327 1392 3371 dubium
1417 3337 1508 3382 est,
1544 3329 1651 3388 quid
1685 3330 1741 3373 sit
1763 3329 1810 3373 in
1833 3330 1925 3374 Va·

1046 3383 1123 3428 tic.
1155 3385 1314 3436 4498.;
1355 3394 1398 3428 et
1429 3402 1469 3430 c.
1504 3387 1546 3432 3.
1583 3387 1769 3444 legiturz
1809 3389 1934 3434 subit

1046 3441 1211 3497 quippe
1243 3445 1385 3486 etiam
1420 3444 1562 3500 ipsius
1596 3443 1795 3486 inertiae
1823 3447 1932 3488 dul-

1048 3502 1172 3542 cedo.
1241 3499 1404 3544 Recte:
1453 3518 1556 3544 nam
1595 3508 1787 3558 utroque
1825 3502 1930 3547 loco

1047 3555 1111 3598 vis
1141 3556 1357 3601 orationis
1387 3558 1506 3602 cadit
1534 3560 1581 3602 in
1612 3558 1758 3601 etiam
1793 3560 1932 3619 magis

1047 3628 1181 3671 quam
1208 3613 1253 3659 in
1277 3615 1465 3660 alterum
1487 3613 1774 3661 vocabulum.
