2150 4022
420 258 542 317 DE
588 255 1119 318 GERMANIA
1177 255 1374 319 CAP.
1410 255 1512 318 40.
1542 256 1643 363 4i.
1869 252 1955 319 ›91

114 392 278 470 quies
326 399 467 446 tunc
507 399 739 445 tantum
772 398 924 456 ‘nota
941 432 958 456 ,
1025 398 1166 445 tunc
1215 398 1446 454 tantum
1491 400 1708 458 amata,
1774 389 1962 447 donec

115 476 271 539 idem
311 475 579 531 sacerdos
618 474 885 534 satiatam
927 473 1371 529 conversatione
1414 474 1755 531 mortalium
1792 475 1965 530 deam

111 557 332 636 templo
380 560 605 617 reddat.
710 578 847 614 mox
892 551 1234 614 vehiculum
1271 570 1327 614 et
1364 570 1550 615 vestes
1595 569 1681 628 et,
1748 559 1799 615 si
1837 579 1966 615 cre-

115 647 252 704 dere
283 645 462 714 veliS,
517 663 740 700 numen
776 643 971 717 ipsum
1005 652 1226 698 secreto
1263 642 1396 698 lacu
1432 644 1711 701 abluitur.
1810 644 1966 700 servi

111 730 481 799 ministrant,
546 747 696 805 quos
744 728 939 786 statim
984 727 1143 783 idem
1188 727 1349 783 lacus
1395 722 1611 786 haurit.
1716 749 1965 786 arcanus

112 812 257 873 hinc
293 826 485 872 terror
519 825 833 889 sanctaque
868 811 1228 886 ignorantia,
1271 811 1416 888 quid
1458 812 1532 869 sit
1580 814 1967 891 illud,·quod

116 894 343 958 tantum
370 899 622 975 perituri
651 898 872 954 vident.
901 890 905 893 ’

282 981 447 1045 XLI.
529 980 611 1040 Et
655 979 800 1040 haec
849 982 1091 1059 quidem
1133 1001 1270 1058 pars
1306 980 1639 1039 Suevorum
1676 983 1742 1038 in
1780 1003 1970 1041 secre-

115 1070 267 1128 tiora
322 1067 679 1127 Germaniae
747 1068 1089 1143 porrigitur.
1199 1065 1454 1141 Propior
1517 1064 1620 1144 (ut
1668 1069 1967 1143 quomodo

116 1155 294 1232 paulo
326 1165 460 1211 ante
487 1149 804 1223 Rhenum,
852 1154 932 1209 sic
969 1173 1130 1209 nunc
1147 1150 1497 1208 Danubium
1534 1151 1770 1229 sequar)
1809 1151 1970 1209 Her-

117 1240 551 1297 mundurorum
596 1239 825 1308 civitaS,
877 1238 997 1294 fida
1027 1236 1348 1306 RomaniS,
1407 1258 1592 1315 eoque
1637 1237 1777 1294 solis
1816 1234 1971 1294 Ger-

120 1344 431 1382 manorum
493 1343 618 1381 non
675 1325 751 1379 'in
812 1324 941 1398 ripa
1010 1322 1465 1392 commercium,
1560 1323 1662 1379 sed
1731 1323 1969 1399 penitus

176 1587 283 1623 tunc
306 1586 492 1623 tantum
514 1588 653 1636 nota,
687 1589 796 1624 tunc
818 1588 1006 1623 tantum

119 1646 304 1682 amata.
387 1638 463 1681 Sic
502 1638 634 1682 MSS.
670 1637 846 1682 Vatiec.
875 1638 1004 1682 4498.

119 1694 353 1752 Stuttgart.
383 1695 484 1738 edd.
506 1695 712 1738 Norimb.
745 1695 850 1740 Alc.
881 1695 1007 1738 Rhe-

120 1767 227 1794 nan.
269 1751 452 1806 (1533.)
491 1752 598 1795 Ald.
636 1769 734 1811 sqq.
773 1777 831 1785 —
901 1762 1009 1797 tuno

120 1816 307 1851 tantum
331 1817 471 1858 nota,
497 1810 612 1852 item
634 1818 818 1853 tontum
841 1819 1007 1853 amata

121 1866 225 1910 MS.
250 1865 356 1911 Tur.
379 1865 481 1910 edd.
505 1867 622 1924 Spir.
648 1868 781 1910 Kath.
808 1867 910 1911 Put.
936 1868 1005 1911 M.

120 1931 165 1966 et
189 1923 241 1966 V.
262 1924 446 1967 Monac.
469 1923 633 1967 Vienn.
654 1924 864 1968 Beroald.
891 1925 1006 1967 Rhe-

119 1996 226 2024 nan.
251 1981 435 2038 (1519.).
454 2009 513 2017 --
567 1997 690 2024 nunc
714 1990 897 2025 tantum
918 1998 1004 2024 no-

121 2043 198 2093 ta,
236 2038 347 2080 item
378 2047 560 2081 tantum
592 2047 759 2082 amata
789 2041 893 2085 MS.
915 2039 1004 2082 Va·

120 2095 198 2140 tic.
222 2095 349 2138 1518.
427 2097 469 2141 A
488 2095 590 2141 MS.
606 2095 750 2141 Vatic.
773 2098 904 2141 2964.
928 2097 1005 2140 ab-

121 2160 226 2196 sunt
244 2153 382 2199 verba
406 2161 513 2197 tunc
535 2162 720 2197 tantum
742 2164 875 2199 nota.

179 2226 368 2278 templo.
426 2224 485 2269 cf.
507 2234 603 2269 not.
626 2225 681 2268 ad
703 2242 742 2270 c.
766 2226 811 2270 9.
835 2227 917 2269 sub
943 2242 1007 2269 vv.

120 2295 206 2324 nec
226 2283 436 2325 cohibere
451 2283 707 2338 parietibus
733 2287 861 2327 deos.

181 2359 225 2394 et
258 2360 422 2396 vestes.
513 2351 597 2398 Ed.
627 2354 810 2398 Monac.
847 2354 1012 2397 omittit

125 2417 185 2453 et.
206 2433 266 2441 —
311 2409 421 2452 Mox
442 2410 594 2454 eadem
618 2411 716 2466 ipse
737 2427 821 2468 pro
843 2414 1009 2467 ljosum.

178 2483 315 2525 servi.
374 2482 455 2526 Ed.
476 2482 685 2527 Norimb.
707 2486 864 2529 Saevi.

182 2561 353 2596 terror.
411 2553 495 2598 Ed.
518 2553 722 2598 Rhenan.
743 2553 910 2612 (1519.)
932 2570 1003 2598 er-

125 2624 223 2654 ror.

125 2682 1012 2799 Noli-littlffbfxlgltfzdfienaitc(5335.)P21'11(Sl:

125 2814 222 2898 iqq'
243 2806 457 2898 Wssffiff
477 2796 673 2897 ¹33ng
688 2799 1014 2901 P³⁵ZJ³J'S1¹{⁶JZ

128 2872 261 2956 ἦξε.
300 2912 412 2955 Tur.
443 2887 690 2972 'stuttgart
732 2872 841 2957 (ζόα.
889 2915 1010 2970 spir.

126 2969 257 3013 Kath.
280 2969 442 3012 Vienn.
476 2976 517 3012 et
543 2985 688 3029 nuper
721 2971 897 3019 Broxer.
929 2972 1014 3014 Bi-

126 3035 253 3085 pont.
289 3025 481 3070 Seebod.
515 3026 640 3071 Hess.
667 3029 758 3081 alii.
792 3053 844 3060 -—
903 3032 1014 3086 quid

127 3085 173 3126 si
189 3084 239 3126 id
262 3083 360 3126 edd.
385 3083 486 3126 Put.
509 3083 575 3127 M.
596 3084 705 3128 etV.
727 3086 914 3130 Monac.
935 3088 1011 3130 lie·

128 3141 270 3184 roald.
295 3139 441 3184 Rhen.
464 3141 639 3200 (1519.).
670 3166 726 3175 —
778 3143 850 3187 De
875 3143 1011 3189 MSS.

130 3197 300 3242 Vaticc.
326 3197 553 3242 Broterius
579 3207 719 3249 tacet,
761 3200 870 3245 dum
898 3219 1009 3260 pro·-

125 3256 200 3299 bat
222 3256 399 3313 editque
419 3257 482 3299 id.

187 3337 299 3383 CAP.
324 3339 395 3439 421·
436 3338 498 3382 Et
519 3342 635 3384 haec
657 3342 859 3397 quidem.
909 3344 1011 3390 MS.

325 3411 349 3439 e

129 3451 290 3511 stuttg.
311 3457 393 3497 sed
413 3456 529 3497 haec
551 3457 747 3511 quidem.

185 3522 454 3568 suevorum.
514 3523 592 3567 Sic
617 3525 717 3569 edd.
739 3526 845 3571 Alc.
868 3526 1012 3570 Rhen-

130 3580 294 3637 (1533.)
307 3579 409 3625 Ald.
428 3597 526 3640 sqq.
539 3605 589 3614 —
617 3586 862 3627 verborum
875 3583 1012 3628 MSS.

1078 1579 1243 1632 Stuttg.
1276 1578 1505 1621 Hummel.
1546 1577 1646 1623 edd.
1680 1578 1799 1637 Spir.
1835 1578 1973 1634 (haec

1081 1637 1277 1691 106021.)
1300 1636 1434 1686 Kaih.
1454 1635 1666 1679 Norimb.
1741 1636 1973 1679 Nimirum

1077 1696 1103 1735 b
1128 1703 1168 1736 et
1190 1710 1216 1736 υ
1240 1694 1495 1752 saepissime
1521 1694 1568 1737 in
1596 1693 1817 1736 veteribus
1846 1693 1971 1736 libris

1077 1759 1414 1808 permutantur,
1460 1767 1596 1809 quare
1639 1766 1663 1793 e
1704 1751 1972 1794 Sueborum

1076 1809 1194 1851 forte
1246 1825 1328 1866 per
1371 1807 1691 1867 compendium
1734 1809 1790 1851 ab
1840 1808 1971 1850 initio

1077 1865 1245 1924 scripto
1269 1865 1482 1909 facillime
1508 1866 1655 1923 potuit
1682 1864 1778 1908 fieri
1803 1867 1974 1908 verbo-

1077 1937 1203 1966 rum.
1261 1922 1318 1964 Et
1341 1922 1632 1966 multifariam
1667 1930 1839 1966 veteres
1869 1923 1973 1966 libri

1077 1989 1268 2038 peccant
1290 1979 1338 2022 in
1362 1980 1601 2023 scribendo
1627 1978 1714 2022 isto
1737 1981 1974 2025 vocabulo.

1079 2037 1138 2097 cf.
1159 2046 1252 2079 not.
1277 2038 1331 2080 ad
1354 2037 1469 2082 Hist.
1494 2039 1534 2086 1,
1556 2037 1604 2082 2.
1666 2036 1827 2082 Germ.
1858 2054 1899 2081 c.
1927 2039 1972 2081 2.

1077 2094 1115 2136 Ε
1147 2102 1360 2153 corrupta
1391 2097 1612 2153 scriptura
1643 2093 1719 2136 alii
1754 2095 1974 2140 emenda·
2059 2118 2063 2125 κ

1077 2152 1216 2195 tionis
1265 2168 1395 2196 causa
1444 2153 1649 2195 fecerunt
1690 2154 1975 2208 Ner-vorum,

1082 2209 1204 2266 quod
1238 2218 1373 2253 exstat
1403 2208 1451 2252 in
1477 2210 1578 2253 MS.
1603 2209 1716 2251 Tur.
1797 2210 1891 2253 Alii
1925 2212 1973 2253 id

1080 2266 1356 2310 vocabulum
1378 2267 1651 2318 omiserunt,
1679 2274 1731 2308 ut
1754 2267 1854 2310 edd.
1869 2268 1972 2311 Put.

1080 2323 1148 2366 M.
1180 2332 1224 2366 et
1246 2323 1304 2366 V.
1330 2325 1514 2369 Monac.
1536 2323 1705 2368 Vienn.
1726 2323 1939 2368 Beroald.

1133 2397 1347 2451 propior.
1410 2396 1512 2439 Hoc
1533 2397 1656 2439 abest
1685 2395 1740 2439 ab
1770 2396 1841 2440 ed.
1863 2397 1974 2441 Mo-

1080 2469 1181 2554 351¹&
1197 2481 1256 2553 ᾗ-
1286 2468 1492 2552 ρνορῗνο
1511 2454 1616 2497 MS.
1629 2452 1744 2497 Tur.
1759 2478 1815 2489 -
1840 2455 1974 2510 prior

1173 2541 1184 2553 .
1255 2527 1404 2554 umme
1428 2541 1442 2554 .

1139 2589 1190 2622 ut
1223 2585 1458 2637 quomodo
1476 2613 1487 2624 .
1504 2585 1524 2626 ’.
1549 2613 1561 2626 .
1583 2612 1595 2624 .
1616 2596 1805 2640 sequar.
1870 2584 1975 2629 Pas·

1083 2654 1177 2682 sov.
1212 2639 1343 2682 Hess.
1377 2639 1541 2697 aliique
1585 2655 1680 2694 non
1713 2641 1818 2685 satis
1849 2642 1974 2686 recte

1086 2711 1229 2739 uncos
1293 2696 1618 2741 aboleverunt:
1676 2698 1975 2743 restituerunt

1083 2751 1274 2796 Bekker.
1309 2753 1508 2798 Walch.
1538 2754 1625 2799 alii.
1701 2754 1806 2799 Non
1839 2758 1974 2802 video

1083 2826 1174 2868 quo
1210 2811 1398 2862 tandem,
1422 2811 1520 2855 iure
1558 2811 1632 2856 hic
1668 2810 1798 2856 locus
1827 2813 1975 2859 Wil-

1082 2868 1232 2911 helmo
1266 2869 1589 2924 (Germam'en.
1633 2885 1678 2928 p.
1710 2871 1831 2928 210.)
1873 2889 1976 2916 sus-

1083 2935 1261 2984 spectus
1294 2926 1434 2969 videri
1459 2927 1674 2985 potuerit.
1735 2929 1828 2972 Pro
1855 2945 1972 2985 quo-

1084 2988 1224 3026 modo
1247 2983 1497 3028 ed.Vienn.
1521 2983 1651 3028 habet
1668 3000 1823 3040 quom,
1850 2988 1974 3044 quod

1085 3050 1235 3084 ortum
1259 3057 1282 3083 e
1299 3041 1574 3099 compendio
1590 3042 1852 3100 scripturae.
1889 3045 1974 3099 Ed.

1083 3098 1224 3142 Paris.
1250 3113 1432 3155 quoquo
1454 3103 1612 3142 modo.

1140 3169 1611 3215 Hermundurorum.
1661 3170 1775 3214 Edd.
1787 3171 1891 3214 Put.
1905 3172 1974 3216 M.

1083 3234 1126 3269 et
1164 3224 1222 3269 V.
1277 3227 1486 3271 Beroald.
1532 3229 1969 3274 Hermunduorum.

1083 3283 1144 3328 ef.
1169 3292 1262 3327 not.
1285 3284 1340 3328 ad
1365 3285 1459 3328 An.
1487 3287 1554 3337 12,
1576 3287 1650 3330 29.

1140 3369 1282 3411 eoque
1310 3357 1421 3399 solis
1446 3355 1811 3400 Germanorum.
1869 3356 1972 3403 MS.

1084 3411 1196 3455 Tur.
1221 3426 1367 3469 eaque
1388 3415 1506 3456 sola.
1566 3414 1650 3457 Ed.
1667 3413 1853 3456 Monac.
1877 3430 1973 3459 eos-

1088 3484 1174 3526 que
1192 3472 1320 3515 solis.
1376 3469 1464 3515 Ed.
1488 3470 1632 3514 Paris.
1657 3484 1802 3526 eoque
1825 3473 1926 3516 soli.

1140 3541 1233 3570 non
1257 3560 1267 3570 .
1282 3560 1294 3572 .
1312 3560 1321 3571 .
1346 3531 1442 3571 sed.
1502 3527 1747 3585 Longolius
1769 3526 1878 3572 haec
1898 3545 1971 3573 ac-

1085 3583 1202 3642 cepit
1225 3600 1334 3643 pro:
1368 3599 1464 3629 non
1497 3594 1599 3629 tam
1622 3614 1636 3629 .
1652 3616 1662 3628 .
1680 3618 1691 3629 .
1715 3600 1857 3641 quam
1883 3601 1973 3642 po-
