2150 4022
377 242 553 405 *DE
611 286 1132 349 GERMANIA
1215 283 1410 370 QAP.
1447 286 1580 379 45-

1837 294 1919 350 99

60 395 396 498 formasque
419 422 669 478 deorum
693 431 750 486 et
776 419 974 477 radios
1002 418 1209 494 capitis
1237 414 1419 494 aspici
1442 420 1738 495 persuasio
1765 394 1919 478 adii-

63 511 162 578 cit',
198 524 202 528 ·
239 507 388 591 illuc
411 525 598 593 usque
623 505 860 561 etvfama
883 523 1020 593 πρίει-ει
1036 515 1280 560 ‚tantum
1303 517 1532 564 natura.
1617 502 1777 579 Ergo
1805 506 1922 568 iam

62 697 601 758 ediditquesemergentis.
672 695 847 752 Lipsius
879 710 954 738 vo-

61 759 180 802 lebat
199 773 250 800 se
266 756 518 810 mergentis
527 771 543 805 ,·
565 753 753 798 Colerus
766 755 954 797 immer-

58 815 230 870 gentis.
289 813 360 856 De
381 828 429 856 re
458 812 521 855 cf.
547 810 745 855 luvenal.
768 811 860 854 Sat.
887 809 955 861 14,

59 873 162 916 280.
209 871 370 922 audiet
409 869 638 912 Herculeo
680 868 955 911 stridentem

55 930 246 986 gurgite
275 930 438 970 solem.
498 926 661 968 Strabo
683 925 753 975 3.,
784 941 826 982 p.
856 924 954 974 188.

63 985 215 1030 valer.
249 985 399 1030 Flacc,
431 983 474 1035 2,
503 983 574 1026 36.
642 983 756 1025 Stat.
782 981 890 1025 Silv.
913 982 955 1032 ἓ,

58 1043 185 1093 7,26.
213 1043 598 1092 Zimmermaem,
626 1042 698 1083 die
710 1040 835 1083 Erde
858 1042 955 1082 und

55 1103 156 1145 ihre
178 1101 466 1147 Bewohner,
491 1099 581 1142 Th.
603 1098 645 1142 3.
675 1114 718 1156 p.
747 1099 799 1140 12
820 1112 919 1154 sqq.

102 1159 391 1215 formasque
423 1160 636 1198 deorum.
707 1155 783 1198 Sic
812 1152 949 1198 MSS.

57 1216 176 1260 Stutt
212 1249 220 1256 .
234 1215 353 1257 Ilum
361 1214 461 1256 mel.
474 1214 573 1256 edd.
586 1212 724 1257 Paris.
739 1211 947 1255 Norimb.

59 1273 161 1317 Ale.
216 1274 317 1316 hen.
333 1271 496 1327 (1533.)
512 1270 612 1313 Ald.
625 1286 722 1327 sqq.
737 1280 781 1313 et
801 1284 949 1325 nuper

57 1329 248 1374 Bekker.
273 1329 332 1372 al.
390 1328 462 1371 De
486 1327 623 1370 MSS.
642 1327 810 1378 Vaticc.
835 1326 948 1368 Bro-

55 1390 196 1432 terius
216 1387 274 1431 ita
297 1394 434 1437 tacet,
476 1393 525 1427 ut
549 1384 712 1442 copula
744 1383 950 1430 videatur

53 1446 218 1488 inesse.
262 1468 320 1478 -—
375 1442 568 1499 formas
611 1445 805 1486 deorum
844 1440 948 1483 MS.

54 1502 166 1545 Tur.
195 1501 298 1545 e'dd.
323 1501 440 1559 Spir.
465 1500 597 1543 Kath.
623 1500 724 1543 edd.
750 1499 855 1541 Put.
880 1498 948 1540 M.

54 1569 99 1604 et
116 1558 171 1606 V.
194 1559 380 1603 Monac.
404 1558 570 1602 vienn.
593 1557 799 1601 Beroald.
825 1555 949 1598 Rhe-

54 1633 162 1661 nan.
205 1616 370 1672 (1519.)
413 1626 456 1659 et
506 1615 625 1657 inter
674 1614 946 1657 recentiores

51 1675 236 1719 Passov.
257 1673 386 1716 Hess.
417 1676 571 1730 (quem
594 1670 725 1714 huius
749 1670 946 1727 scriptu-

2 1758 11 1762 “
52 1731 371 1833 &35:3⁸2ss
389 1728 742 1843 *1322ssssss
756 1728 945 1828 {15:314ss

51 1848 229 1890 formae
278 1844 368 1888 sint
421 1843 735 1902 intelligendae
752 1876 765 1895 ,
823 1842 945 1886 varie

51 1904 279 1962 disputant
305 1901 394 1946 viri
416 1901 550 1946 docti.
608 1899 946 1943 Kirchmaierus

51 1958 360 2020 putatlTacito
392 1968 565 2016 spectra
595 1967 638 2001 et
669 1958 945 2000 daemonum

49 2016 351 2078 apparitiones
387 2015 624 2074 designari.
693 2014 945 2071 Alii‘cogi-

45 2084 144 2121 ‘tant
162 2075 216 2127 de
237 2074 451 2132 Neptuno
474 2072 720 2131 ceterisque
742 2071 834 2115 deis
856 2087 947 2113 ma·

48 2133 163 2178 riuis
179 2132 321 2175 solem
340 2130 669 2188 excipientibus.
713 2123 948 2188 Bipontini

47 2208 73 2235 e
91 2191 196 2234 loco
209 2188 411 2233 PliniiN.
426 2188 536 2236 H.2‚
549 2187 592 2232 3.
610 2189 777 2232 Nostro
798 2187 947 2230 lucem

49 2249 224 2293 adferri
247 2255 431 2306 putant,
473 2254 547 2289 aut
579 2245 688 2291 haec
713 2261 806 2289 esse
825 2243 940 2286 refe-

48 2306 188 2351 renda
226 2306 281 2349 ad
322 2319 531 2349 auroram
571 2302 816 2347 borealem.
880 2300 941 2345 cf.

50 2366 122 2409 De
133 2364 297 2410 Pauw‚
327 2359 611 2405 Becherches
636 2377 714 2403 sur
736 2361 798 2403 les
814 2360 944 2402 Ame-

47 2422 238 2525 Effss'ss'
254 2419 514 2526 1>¹i0{i‚⁰‡'1<²‚'
515 2416 943 2518 ἱυηῗῗέἓίῗιὶῃῖἓζῗῗ

44 2539 126 2599 pit.
185 2532 407 2591 Longolio
426 2532 600 2575 formae
627 2532 816 2574 deorum
839 2531 943 2572 sunt

46 2603 164 2640 astra
211 2607 290 2634 seu
339 2604 530 2648 corpora
575 2587 802 2632 coelestia.
880 2587 941 2630 cl.

49 2651 189 2698 Ovid.
226 2649 338 2692 Met.
375 2649 413 2698 1,
448 2647 517 2690 73.
603 2645 731 2701 Quae
777 2653 941 2689 cuneta

45 2726 150 2754 eum
173 2705 420 2763 trepident,
458 2704 529 2747 alii
554 2706 810 2746 maluerunt
834 2717 940 2745 con·

43 2765 252 2811 iectando
278 2771 533 2806 contextum
558 2761 809 2805 emendare.
854 2759 938 2802 Co·

45 2824 190 2868 lerus:
209 2822 495 2877 formasque
519 2833 759 2876 equorum.
820 2816 939 2861 Con-

45 2879 242 2924 sentiunt
266 2876 534 2935 Com-ingius
545 2910 558 2929 ‚
572 2922 573 2926 ,
589 2876 758 2930 Tanaq.
783 2875 941 2926 Faber,

41 2935 295 2982 Erotes-ius,
324 2933 506 2977 Dureau
532 2935 584 2977 de
606 2932 802 2975 Lamalle
826 2939 868 2975 et
885 2931 948 2978 V.

43 2994 106 3038 D.
129 2990 376 3050 in-Ephem.
398 2991 463 3034 lit.
479 2991 572 3035 len.
589 2991 716 3034 1818.
742 3007 803 3033 m.
820 2990 937 3047 Aug.

43 3050 272 3095 Heinsius:
301 3050 586 3106 formaeque
617 3052 839 3090 decorum
868 3045 936 3088 vel

41 3114 270 3152 decorem.
345 3105 599 3162 *Quaerunt
653 3106 826 3148 nodum
888 3104 937 3146 in

40 3166 206 3223 scirpo.
263 3160 334 3207 De
350 3163 536 3207 Phoebo
562 3179 655 3205 esse
676 3177 935 3204 sermonem

40 3224 142 3268 satis
161 3230 355 3279 arguunt
373 3219 486 3263 radii
509 3220 680 3277 capitis.
731 3219 819 3263 Sed
839 3234 936 3260 mo-

40 3280 206 3323 destior
238 3287 301 3322 est
324 3276 398 3320 illa
424 3276 676 3334 persuasio,
719 3292 851 3333 quam
885 3284 933 3317 ut

41 3335 250 3380 audacius
315 3335 521 3377 adfirmet
577 3333 809 3375 Phoebum
869 3332 931 3375 ibi

38 3393 198 3452 aspici:
240 3390 412 3436 cautius
445 3390 493 3432 in
526 3391 788 3434 universum
824 3389 931 3433 dicit

36 3450 169 3508 aspici
187 3453 378 3506 formas
403 3447 688 3503 (Gestalten)
722 3463 815 3490 non
846 3462 928 3489 ua-

33 3508 220 3559 turales,
257 3506 332 3548 sed
355 3505 413 3548 ita
436 3505 596 3554 miras,
635 3513 684 3546 ut
706 3510 930 3561 nequeant

33 3578 125 3606 non
159 3580 251 3606 esse
283 3563 471 3604 deorum
503 3561 679 3603 formae
709 3563 928 3616 (Gotter-

31 3622 294 3675 gestaltcn).
355 3617 471 3674 Quis
494 3618 607 3660 erit?
646 3616 927 3662 ScilicetRo-

1603 661 1623 670 κ

1023 710 1155 738 mana
1186 696 1554 795 imagi-emtione
1576 696 1786 740 Phoebus
1816 712 1923 742 cum
1983 737 1987 742 .

1024 753 1150 811 equis
1175 753 1265 796 suis
1337 768 1476 795 ceano
1499 770 1546 796 se
1571 754 1844 813 immergens
1879 765 1923 799 et

1024 825 1274 867 emergens.
1362 810 1502 867 Igitur
1555 812 1749 867 formas
1807 815 1920 854 deo-
1952 838 1953 841 =

1021 881 1128 910 rum
1164 868 1315 926 accipe
1338 868 1506 910 dietum
1529 883 1610 924 pro
1630 869 1828 924 formas
1847 872 1918 912 cli-.-

1022 940 1171 969 vmaS.

1082 1042 1191 1086 illuc
1229 1055 1369 1097 usque
1400 1048 1448 1083 et
1478 1040 1628 1096 sama
1663 1057 1774 1085 vera
1808 1049 1918 1084 tanss

1025 1107 1124 1142 tum
1155 1106 1346 1142 notura.
1415 1099 1565 1142 Locus
1598 1096 1711 1140 mire
1743 1100 1918 1143 veizatus

1023 1166 1065 1200 et
1103 1155 1393 1200 difficillimus
1428 1155 1748 1212 interpretibus
1777 1156 1916 1200 visus.

1021 1214 1232 1271 Plerique
1285 1214 1575 1270 depravatum
1625 1213 1915 1257 arbitrantur.

1022 1272 1178 1327 Quare
1198 1270 1394 1314 Picbena
1419 1271 1666 1313 divinabat:
1704 1274 1813 1313 illuc
1835 1287 1917 1314 us-

1018 1346 1108 1387 que
1135 1328 1388 1383 estsama:
1415 1343 1583 1370 verum
1607 1335 1793 1370 tantam
1814 1335 1914 1372 tra·

1021 1390 1123 1430 dita
1144 1400 1415 1440 exponam.³
1458 1385 1672 1429 Colerus:
1704 1386 1813 1428 illac
1834 1402 1912 1430 us-

1021 1461 1110 1503 que
1140 1453 1185 1487 et
1204 1445 1366 1499 sama.
1427 1458 1588 1485 verum
1610 1450 1798 1485 tantum
1824 1459 1915 1487 na-

1020 1513 1133 1546 tura
1182 1501 1358 1555 arguit.
1443 1501 1554 1542 Iam
1607 1504 1780 1542 dextro
1830 1510 1917 1545 etc.

1018 1560 1204 1602 Vossius
1228 1575 1251 1601 e
1278 1559 1394 1601 libro
1416 1558 1578 1600 MSto:
1621 1559 1728 1601 illuc
1760 1573 1915 1613 usque,

1019 1618 1248 1672 utfuma,
1269 1630 1367 1657 non
1389 1623 1550 1657 tamen
1568 1623 1758 1657 natura.
1795 1614 1916 1659 Gro-

1016 1676 1130 1718 tius:
1177 1676 1286 1716 illuc
1320 1688 1491 1728 usque,
1539 1675 1584 1713 si
1606 1673 1754 1727 sama
1784 1687 1915 1726 vera,

1019 1740 1204 1775 tantum
1240 1739 1435 1772 natura.
1503 1729 1915 1773 Heinsius'cumu-

1018 1789 1114 1832 lum
1160 1788 1526 1831 emendationum
1571 1786 1748 1838 effudit,
1801 1804 1911 1845 quas

1015 1854 1216 1904 repetere
1235 1861 1330 1887 non
1354 1853 1499 1888 vacat.
1560 1843 1820 1901 Bipontini:
1852 1847 1910 1887 il-

1017 1908 1090 1946 luc
1122 1918 1266 1958 usque
1302 1903 1340 1943 it
1359 1902 1534 1955 fama:
1579 1916 1693 1943 vera
1726 1910 1914 1945 tantum

1017 1970 1207 2004 natura.
1291 1958 1541 2002 VVa'lchius
1589 1958 1749 2002 edidit:
1806 1962 1930 2004 illuc*

1019 2034 1182 2074 usque,
1212 2019 1445 2072 alsamo,
1476 2031 1588 2058 vera
1609 2024 1796 2060 tantum
1818 2033 1915 2060 na·-

1019 2086 1141 2119 tura.
1170 2086 1173 2091 ’
1211 2071 1389 2131 I'ngram
1425 2074 1541 2131 apud
1574 2072 1822 2117 Barkerum
1856 2075 1912 2118 ad

1016 2134 1059 2176 h.
1076 2134 1133 2176 l.:
1159 2134 1245 2175 huc
1267 2147 1407 2186 usque
1426 2133 1518 2187 (est
1529 2132 1675 2187 sarna
1699 2134 1911 2188 tantum)

1016 2199 1218 2243 natura,
1249 2190 1344 2234 vel:
1384 2191 1468 2231 huc
1490 2204 1655 2244 usque,
1693 2191 1752 2231 sit
1766 2190 1913 2244 fama

1014 2263 1132 2290 vera
1164 2255 1375 2294 tantum,
1422 2254 1614 2289 natura.
1686 2247 1778 2289 Alii
1809 2263 1913 2290 cum

1013 2306 1234 2349 Rhenano
1268 2303 1634 2361 interpunctione
1657 2302 1811 2347 locum
1836 2321 1909 2347 sa-

976 2373 982 2382 '
1012 2363 1111 2406 nari
1137 2378 1266 2421 posse
1289 2362 1479 2404 credunt
1504 2361 1590 2403 sic:
1621 2362 1728 2402 illuc
1752 2377 1913 2417 usque,

1012 2422 1212 2475 etfama
1234 2433 1367 2470 vera,
1404 2426 1594 2460 tantum
1615 2425 1817 2469 natura‚·
1839 2420 1911 2463 vel

1015 2494 1120 2520 cum
1144 2478 1319 2533 Lipsio:
1362 2477 1468 2517 illuc
1502 2489 1647 2530 usque
1678 2475 1913 2531 (etfama

1012 2538 1143 2588 vera)
1198 2540 1389 2575 tantum
1445 2540 1642 2574 natura.
1724 2533 1911 2576 Frustra

1015 2607 1185 2634 omnes·
1265 2590 1448 2632 Tacitus
1486 2590 1684 2645 famam
1725 2606 1751 2632 o
1787 2591 1912 2648 ponit

1015 2649 1146 2691 certis
1178 2646 1440 2690 auctoribus
1475 2646 1550 2700 (ef.
1587 2654 1682 2691 not.
1713 2605 1782 2690 ad>
1800 2647 1910 2691 Hist.

1010 2708 1052 2755 Ξ,
1068 2707 1137 2748 60.
1151 2706 1232 2747 sub
1251 2721 1326 2749 vv.
1351 2706 1579 2746 creditum
1589 2705 1775 2761 fama):
1802 2721 1909 2748 nam

1012 2765 1129 2805 fama
1167 2761 1379 2819 pleraque
1413 2760 1645 2813 feruntur,
1689 2777 1801 2819 quae
1839 2778 1907 2805 ea-

1010 2829 1112 2864 rent
1134 2818 1266 2862 certis
1292 2818 1574 2868 auctoribus,
1605 2828 1648 2861 et
1673 2819 1750 2862 ubi
1776 2835 1907 2866 verae

1012 2875 1279 2934 cognitionis
1301 2876 1400 2917 linis
1427 2883 1516 2923 est,
1550 2876 1670 2919 sama
1696 2892 1791 2919 non
1818 2893 1910 2921 ces·

1011 2944 1100 2983 sat,
1151 2933 1225 2977 sed
1261 2931 1401 2975 multa
1435 2932 1586 2976 adiicit
1609 2934 1790 2987 {ncerto
1824 2949 1906 2975 au-

1010 3000 1151 3036 ctore.
1218 2989 1372 3044 Quare
1412 2989 1582 3045 Noster„
1620 2990 1751 3033 dicit:
1801 2994 1906 3033 illuc

1010 3064 1149 3104 usque
1188 3055 1232 3090 et
1263 3049 1409 3102 sarnai
1449 3053 1563 3090 vera
1597 3054 1782 3090 tantum
1813 3063 1906 3090 ηα-

1009 3115 1136 3148 tura.
1207 3102 1432 3147 Particula
1473 3114 1518 3146 et
1560 3114 1609 3147 ut
1650 3105 1906 3163 saepissime

1007 3161 1337 3220 interponitur,
1366 3170 1415 3216 ut
1446 3161 1662 3218 exprimat
1697 3173 1905 3205 nostrum

1006 3222 1140 3262 auch.
1203 3218 1260 3261 cf.
1286 3218 1458 3261 not.·ad
1479 3221 1568 3263 An.
1598 3218 1696 3269 1‚4.
1719 3221 1800 3262 sub
1828 3235 1904 3262 vv.

1006 3291 1148 3329 aegro
1188 3283 1233 3317 et
1267 3289 1470 3330 corpore.
1551 3276 1646 3318 Iam
1685 3276 1907 3319 sententia

1005 3334 1094 3375 loci
1129 3340 1216 3376 est:
1256 3333 1373 3376 ultra
1406 3331 1535 3374 illum
1568 3332 1813 3375 terminum
1846 3347 1904 3374 ne

1002 3391 1122 3433 sama
1153 3389 1332 3447 quidem
1365 3389 1418 3431 de
1453 3387 1600 3447 aliqua
1634 3405 1789 3431 rerum
1820 3406 1902 3432 na-

1002 3456 1101 3490 tura
1126 3447 1369 3505 quidquam
1394 3445 1519 3489 tulit:
1551 3445 1614 3488 est'
1638 3445 1774 3501 igitur
1800 3445 1902 3489 finis

1000 3505 1062 3546 ibi
1083 3520 1234 3547 rerum
1251 3537 1262 3553 ,
1289 3513 1506 3561 quantum
1529 3502 1695 3546 scimus
1718 3519 1811 3547 non
1832 3520 1901 3546 so-

1000 3563 1095 3660 lfum
1147 3562 1279 3604 certis
1331 3560 1590 3604 auctoribus
1639 3558 1715 3600 sed
1766 3560 1898 3605 etiam

1021 3634 1134 3662 ama.

1190 3679 1325 3737 Ga
