2150 4022
564 234 1091 298 DIALOGUS.
1175 233 1368 298 CAP.
1409 236 1468 297 8.

1766 304 1772 318 ,
1811 237 1934 298 251

101 372 312 440 edidit,
363 369 440 426 ad
473 388 651 445 quam
675 386 874 442 usque
913 366 1213 422 fortunam
1242 361 1517 421 homines·
1543 364 1774 438 ingenii.
1793 367 1939 423 viri-

98 459 210 515 bus
236 453 629 531 pervenerint.

717 453 813 507 sed
855 446 1026 519 haec,
1078 461 1146 506 ut
1170 469 1345 524 supra
1378 450 1529 517 dixi,
1578 451 1846 524 proxima
1882 464 1940 510 et

98 561 245 618 quae
276 559 400 598 non
423 539 630 596 auditu
653 537 1084 610 cognoscenda,
1141 536 1241 589 sed
1276 535 1462 590 oculis
1486 537 1799 609 spectanda
1825 533 1935 594 ha·-

95 627 382 683 beremUS.
445 622 593 679 Nam
622 643 739 698 quo
767 620 1062 677 sordidius
1087 630 1144 675 et
1170 618 1455 675 abiectius
1479 620 1604 676 nati
1626 633 1764 678 sunt
1790 642 1939 697 quo-

96 731 209 788 que
247 708 570 766 notabilior
608 717 920 783 paupertas
962 716 1019 763 et
1057 703 1358 777 angustiae
1398 723 1595 759 rerum
1637 718 1938 763 nascentes

95 933 157 987 [et
180 932 335 983 Fam]
355 930 618 974 hominibus
639 928 805 970 seculis
821 960 832 981 ,
867 942 982 985 quae

93 989 274 1046 quidem
297 986 589 1031 commutatio
610 985 986 1043 frequentissima,

91 1045 156 1089 uti
188 1047 398 1088 homines
430 1053 474 1087 et
506 1058 696 1098 omnes,
738 1044 982 1084 hominum

93 1109 137 1144 et
176 1105 387 1144 omnium
423 1101 664 1158 (Goerenz.
701 1100 755 1142 ad
789 1100 886 1143 Cic.
925 1099 979 1150 de

92 1160 195 1204 Fin.
223 1176 266 1216 p.
289 1161 387 1204 394.
411 1163 484 1215 a.).
525 1185 584 1194 --
640 1157 731 1200 Pro
758 1158 980 1210 exempla

91 1217 163 1260 ed.
186 1217 303 1275 Spir.
326 1219 556 1271 exemplo.

148 1303 215 1342 ad
240 1315 385 1356 quam
418 1314 560 1355 usque
584 1297 854 1354 fortunam.
912 1296 979 1340 Ita

92 1357 234 1400 MSS.
255 1357 393 1415 Neap.
418 1357 596 1410 [Farn.]
620 1355 819 1404 Vaticc.‚
859 1354 980 1397 unde

91 1413 156 1457 sic
220 1415 498 1471 scripserunt
563 1412 739 1456 Dronk.
803 1410 979 1455 Osann.

92 1470 251 1525 [Bekk.
280 1479 322 1514 et
352 1470 612 1524 Boetticb.].
680 1468 854 1512 Orellio
888 1485 978 1511 ne-

90 1528 333 1571 cessarium
389 1543 483 1570 non
540 1527 743 1577 videtur,
806 1526 978 1570 scilicet

89 1586 322 1642 ignorabat
341 1585 377 1628 is
401 1584 537 1628 codd.
562 1585 851 1641 scripturam.
892 1579 994 1625 Re-'

89 1642 239 1700 liquae
255 1642 354 1686 edd.
366 1642 654 1686 consentiunt
669 1643 715 1683 in
733 1649 978 1697 quantam.

144 1729 230 1769 sed
254 1727 393 1780 haec,
441 1733 492 1767 ul
523 1740 667 1778 supra
698 1725 825 1775 dixi,
858 1739 980 1779 pro-

95 1785 227 1826 xima
260 1791 306 1826 et
335 1797 454 1838 quae
484 1797 582 1824 non
613 1782 778 1825 auditu
807 1797 978 1836 cogno-

93 1844 282 1893 scenda,
320 1843 405 1883 sed
429 1842 573 1882 oculis
603 1842 857 1893 spectanda
885 1842 980 1882 ha-

97 1900 315 1942 beremus.
376 1897 697 1948 Haecomnia,
731 1896 877 1953 inquit
897 1897 978 1941 Li·

95 1955 235 2015 psius,
275 1972 300 1998 a
329 1954 470 1999 veteri
487 1954 618 2012 [libro
651 1961 755 1996 sunt
786 1954 976 2007 (Farne-

96 2012 262 2060 s‘nnum
285 2011 481 2068 intellige
502 2011 739 2067 codicem),
761 2026 977 2068 quocum,

94 2068 254 2117 malias
266 2069 360 2113 fere
370 2084 559 2126 semper,
570 2069 795 2112 consentit
804 2067 976 2127 Neapo-

97 2130 251 2173 lienus
267 2127 374 2173 cod.
404 2126 680 2169 Sententiam
692 2123 977 2170 habes'hanc:

95 2186 194 2230 baec
220 2185 418 2242 exempla
436 2216 447 2233 ,
484 2199 595 2239 quae
623 2183 976 2226 commemoravi

96 2244 250 2294 medo,
272 2239 615 2298 MarcelliEprii
637 2249 679 2283 et
693 2240 814 2283 Vibii
829 2240 976 2298 Crispi

94 2303 308 2357 pravium
349 2302 478 2345 sunt,
535 2306 740 2355 tempore
788 2296 974 2346 scilicet,

100 2366 239 2402 nosra
284 2363 425 2399 aetate
465 2362 794 2406 occurrerunt,
842 2353 972 2397 ideo-

102 2430 190 2473 que
238 2414 340 2457 talia
363 2442 377 2461 ‚
453 2426 566 2468 quae
634 2427 727 2454 non
791 2410 974 2454 aliunde

102 2473 386 2528 cognovimus
423 2468 651 2526 fandoque
701 2474 878 2511 tantum
919 2467 974 2511 de

103 2529 164 2573 eis
214 2528 479 2586 incepimus,
536 2526 614 2569 sed
664 2540 823 2568 coram
871 2533 975 2568 sunt

102 2594 235 2643 atque
262 2587 321 2629 ob
367 2582 528 2627 oculos
569 2590 822 2629 versantur.
897 2581 976 2626 Sic

102 2645 271 2687 demun
319 2641 661 2690 coniunctivus‚
712 2656 846 2697 quem
882 2654 977 2682 non

67 2736 69 2738 .
103 2699 265 2746 codice
320 2699 469 2742 solum
490 2729 504 2746 ,
573 2697 652 2740 sed
710 2698 844 2739 etiam
906 2696 976 2740 ed.

104 2757 224 2814 Spir.
250 2758 439 2812 lraehet,
469 2763 589 2798 recte
613 2754 794 2798 defendi
815 2761 977 2809 potest.

106 2814 178 2859 Cf.
200 2813 325 2859 Onu.
351 2813 404 2855 ad
437 2812 483 2856 h.
506 2812 537 2855 l.
573 2820 616 2855 et
647 2812 700 2854 ab
732 2827 786 2854 eo
819 2811 973 2854 lauda·

105 2869 496 2925 tuvatederlein.
519 2869 640 2913 Mus.
663 2869 805 2913 Rben.
832 2868 908 2916 ΙΙΙ,
934 2869 976 2912 1.

107 2945 152 2987 p.
187 2926 257 2970 19.
308 2926 445 2971 Recte
477 2927 612 2985 igitur
647 2942 743 2970 eam
778 2926 973 2983 seriptu-

106 3000 206 3029 ram
235 2983 282 3025 in
304 2992 411 3026 &extu
445 2984 596 3041 posuit
618 2983 760 3027 Orell.
788 2987 851 3037 [et
874 2992 976 3039 post

108 3057 209 3087 eum
242 3036 411 3084 Belker.
442 3050 486 3084 et
514 3041 775 3096 Boettich.].
845 3041 972 3085 Con-

108 3098 339 3145 iunctivun
380 3113 514 3150 vero,
565 3107 614 3141 ut
653 3098 971 3155 elegantiorem

107 3166 150 3200 et
175 3157 228 3198 ad
253 3156 340 3210 Api
365 3164 559 3198 mentem
585 3156 973 3198 accommodatio-

109 3230 207 3257 rem
241 3210 390 3255 dudm
417 3220 686 3269 receperunt
710 3211 829 3270 Lips.
852 3212 972 3255 Ber-

110 3285 292 3326 negger.
326 3259 511 3319 Gronov.
544 3268 706 3325 aliique
743 3270 972 3314 nonnulli.

110 3328 164 3370 ln
183 3325 259 3369 tali
282 3323 437 3375 dic'ndi
459 3341 620 3383 genere
640 3326 846 3370 lubenter
868 3343 974 3370 con·

109 3382 356 3436 iunctivum
376 3390 644 3440 'usurparunt
679 3393 877 3439 veteres,
927 3394 976 3428 ut

113 3439 231 3483 infra
256 3454 298 3481 c.
317 3439 447 3485 [εοεαε
473 3456 524 3483 re
549 3442 813 3496 loquimur,
855 3456 976 3497 quae

114 3496 348 3551 probitate
392 3496 424 3540 'tt
476 3500 704 3540 modestia
753 3504 972 3554 gaudeat,

116 3553 272 3598 Germ.
298 3567 338 3597 c.
353 3548 624 3618 lsslaccipere
644 3569 709 3607 se,
728 3569 847 3614 quae
867 3557 976 3601 libe·

1053 926 1123 970 ris
1177 924 1409 968 inviolata
1457 939 1514 966 ac
1562 924 1703 979 digna
1751 929 1937 983 reddat,

1053 998 1172 1040 quae
1193 997 1342 1024 nurus
1362 982 1612 1035 accipiant,
1637 996 1798 1025 rursus
1820 999 1940 1038 quac

1051 1033 1118 1083 ad
1136 1047 1326 1094 nepotes
1350 1038 1636 1094 referantur.
1694 1039 1784 1083 An.
1804 1042 1846 1092 2,
1866 1041 1939 1087 88.

1050 1099 1278 1140 liberator
1317 1098 1447 1138 haud
1488 1097 1620 1138 dubie
1654 1096 1941 1141 Germaniae

1053 1164 1097 1198 et
1128 1156 1210 1211 qui
1240 1169 1335 1195 non
1363 1154 1629 1208 primordia
1656 1169 1763 1208 pop.
1798 1156 1942 1199 Rom.

1107 1243 1146 1262 .‚
1177 1214 1262 1254 sed
1271 1210 1667 1267 florentissimum
1691 1213 1941 1265 imperium

1049 1270 1318 1312 lacessierit.
1377 1267 1659 1320 Dronkium,
1687 1270 1943 1312 habeamus

1049 1326 1348 1386 flagitantem,
1377 1324 1564 1368 meliora
1586 1327 1742 1369 doceat
1756 1327 1942 1385 Zumpt.

1052 1401 1118 1442 gr.
1149 1385 1223 1426 lat.
1259 1384 1399 1439 0376.
1431 1387 1472 1438 §.
1496 1382 1594 1427 614.
1638 1406 1697 1415 —
1765 1383 1942 1427 Mirum

1050 1443 1098 1484 in
1121 1441 1310 1484 modurn
1334 1449 1573 1498 corruptae
1598 1449 1703 1484 sunt
1729 1440 1831 1484 edd.
1856 1457 1943 1485 ve-

1048 1507 1215 1548 tustae3
1246 1498 1317 1540 ed.
1341 1499 1460 1555 Spir.
1489 1498 1629 1555 (quod
1656 1497 1703 1541 in
1731 1499 1939 1556 complu-

1047 1557 1173 1598 ribus
1197 1571 1290 1598 esse
1315 1555 1429 1598 falso
1453 1555 1586 1597 tradit
1607 1554 1825 1611 Osann.):
1858 1560 1942 1599 sed

1047 1616 1213 1667 habet,
1257 1619 1309 1653 ut
1330 1628 1369 1655 s.
1393 1616 1467 1664 d.‚
1500 1615 1748 1666 propriam
1781 1621 1825 1655 et
1854 1628 1941 1678 ηας

1050 1670 1145 1712 non
1172 1671 1339 1711 auditu
1365 1673 1671 1724 cognosceda,
1716 1674 1801 1713 sed
1827 1687 1938 1713 ocu-

1049 1729 1106 1770 lis
1170 1733 1464 1781 expectanda
1528 1729 1821 1771 haberemus.
1881 1752 1944 1762 -

1049 1784 1165 1827 Edd.
1182 1785 1284 1827 Put.
1299 1783 1397 1826 Riv.
1413 1784 1522 1831 Ber.
1533 1785 1633 1828 Alc.
1648 1784 1793 1827 Rben.
1809 1786 1912 1830 Ald.
1926 1801 1940 1830 τ

1049 1844 1135 1884 sed
1167 1844 1332 1893 habet,
1379 1849 1431 1883 ut
1463 1856 1504 1885 s.
1538 1844 1613 1896 d.,
1661 1845 1861 1896 propria
1882 1852 1942 1890 *et

1049 1914 1167 1954 quae
1185 1913 1283 1940 non
1308 1902 1644 1954 cognoscenda,
1683 1903 1766 1942 sed
1795 1902 1942 1945 oculis

1048 1958 1339 2009 expectanda
1367 1958 1603 2000 habemus.
1661 1956 1839 2014 Reliqui
1865 1959 1943 2001 in-

1048 2022 1190 2072 terpr.
1222 2012 1423 2070 Lipsium
1461 2012 1638 2070 sequuti
1674 2023 1804 2066 sunt,
1851 2016 1941 2070 alii,

1048 2079 1098 2113 ut
1122 2071 1333 2114 Oberlin.
1366 2086 1559 2128 eumque
1582 2087 1703 2129 seqq.
1735 2075 1942 2127 propria

1048 2130 1314 2177 retinentes,
1345 2127 1444 2179 alii,
1477 2137 1525 2170 ut
1547 2128 1740 2172 Seebod.
1757 2129 1941 2177 Schulz.

1048 2183 1226 2229 Dronk.
1242 2185 1413 2229 Osann.
1436 2192 1479 2229 et
1499 2185 1630 2228 multi
1650 2186 1746 2238 alii,
1772 2187 1941 2232 indica-

1046 2242 1130 2290 tiv.
1176 2244 1402 2286 habemus
1447 2249 1647 2286 tuentur.
1723 2244 1940 2302 Singulos

1046 2316 1316 2358 percensere
1331 2299 1392 2342 nil
1409 2300 1562 2342 attinet
1576 2315 1588 2351 ;
1608 2301 1774 2343 erroris
1790 2310 1941 2347 tamen

1045 2359 1300 2416 arguendus
1336 2366 1399 2400 est
1423 2357 1642 2405 Seebod„
1686 2358 1761 2415 qui
1791 2361 1940 2402 habe-

1046 2429 1211 2456 remus
1236 2415 1356 2472 vulg.
1386 2415 1488 2456 lect.
1522 2420 1678 2466 vocat,
1706 2417 1939 2461 habemus

1045 2470 1252 2515 Acidalio
1287 2470 1471 2523 tribuit3
1511 2469 1712 2529 itemque
1742 2471 1940 2526 Dronk„

1046 2528 1123 2587 qui
1147 2527 1290 2572 nescit
1311 2527 1432 2571 unde
1458 2528 1689 2574 coniunct.
1717 2539 1843 2574 ortus
1867 2532 1942 2578 sit.

1104 2627 1341 2671 sordidius
1371 2635 1416 2669 ee
1445 2628 1680 2672 abiectius.
1741 2629 1939 2676 Contra-

1047 2684 1166 2729 rium
1221 2685 1463 2737 splendide
1525 2693 1642 2727 nata
1693 2695 1736 2730 et
1794 2697 1940 2734 natue

1046 2743 1288 2795 splendide
1313 2751 1376 2784 est
1398 2743 1445 2784 in
1466 2741 1584 2785 Plin.
1599 2742 1738 2813 Epist.
1753 2745 1793 2794 6,
1807 2746 1876 2797 33,
1892 2749 1938 2793 2.

1045 2800 1086 2852 7,
1101 2801 1170 2849 22,
1182 2799 1253 2851 2.;
1280 2799 1475 2842 sordida
1503 2808 1547 2841 ec
1572 2804 1748 2843 alnecta
1774 2803 1936 2860 Quint.

1045 2858 1155 2902 lust.
1180 2871 1247 2899 or.
1270 2857 1310 2908 2,
1333 2857 1399 2905 12,
1420 2857 1490 2912 7.,
1520 2857 1753 2902 abiectum
1773 2869 1818 2903 et
1836 2877 1937 2906 sor·

1047 2916 1212 2957 didam
1233 2912 1378 2957 Tacit.
1402 2915 1494 2958 An.
1519 2914 1586 2963 13,
1608 2915 1680 2960 46.
1812 2934 1814 2936 ’

1103 3029 1298 3071 quoque.
1357 3013 1497 3060 MSS.
1519 3013 1659 3076 Neap.
1690 3020 1754 3071 [et
1778 3019 1935 3077 Fam]

1043 3087 1264 3129 quosque.

1101 3156 1354 3210 angustiae
1386 3168 1567 3200 rerum.
1626 3157 1761 3203 MSS.
1793 3159 1935 3219 Neap.

1045 3214 1200 3267 [Farn.
1220 3222 1250 3256 t.
1267 3210 1425 3267 Bekk]
1444 3211 1611 3258 Vatice.
1637 3224 1678 3257 et
1699 3216 1800 3259 edd.
1815 3218 1936 3276 Spir.

1045 3287 1149 3315 cum
1184 3268 1320 3328 Lipsii
1351 3270 1556 3313 Romana
1590 3274 1805 3330 praebent
1837 3292 1935 3318 an-

1044 3330 1198 3382 gustia
1217 3335 1449 3381 ereptum,
1479 3330 1599 3384 quod
1620 3345 1724 3371 cum
1749 3346 1842 3375 non
1867 3333 1936 3378 in·

1045 3383 1324 3442 telligerent,
1365 3400 1391 3427 a
1411 3385 1659 3427 Puteolano
1692 3387 1796 3430 inde
1827 3390 1935 3437 edd.

1046 3449 1279 3485 mutarunt
1298 3442 1346 3484 in
1364 3443 1586 3497 angustia
1605 3456 1764 3485 rerum
1777 3477 1789 3495 ‚
1810 3449 1933 3503 quod

1046 3499 1165 3542 inter
1186 3498 1460 3542 recentiores
1486 3499 1765 3542 retinuerunt
1787 3503 1933 3547 Ober.
1967 3528 1969 3530 -

1046 3556 1128 3602 lin.
1156 3555 1328 3603 Osann.
1355 3555 1499 3613 Orell.
1528 3555 1775 3615 [Rupert.].
1840 3561 1933 3609 Sed
1960 3586 1962 3590 ·
