2150 4022
189 225 306 324 76x
527 263 594 325 c,
649 260 1219 354 CORNELms
1277 254 1700 354 TAClTUs

188 406 247 453 et
286 390 576 453 Chasuari
612 395 862 452 cludunt
894 394 1158 474 aliaeque
1193 409 1392 470 gentes
1433 395 1594 456 haud
1633 400 1879 474 perinde
1914 418 2045 460 me-

187 492 466 538 moratae.
551 500 585 549 a
624 479 820 536 fronte
859 477 1039 536 Frisii
1079 482 1392 557 excipiunt.
1489 483 1819 550 maioribus
1846 487 2044 545 mino-

185 566 467 643 ribusque
491 563 700 622 Frisiis
725 565 1080 622 vocabulum
1107 578 1191 624 est
1221 586 1289 623 ex
1315 568 1493 625 modo
1521 568 1760 630 virium.
1845 583 2043 629 utrae-

143 710 150 725 ,
186 672 303 729 que
347 650 619 707 nationes
661 669 848 726 usque
895 650 966 706 ad
1008 646 1317 708 Oceanum
1358 648 1575 711 Rheno
1623 666 2044 729 praetexuntur

184 735 574 811 ambiuntque
609 734 927 793 immensos
961 735 1203 811 insuper
1235 738 1396 794 lacus
1437 749 1494 795 et
1517 736 1808 797 Romanis
1841 742 2041 798 classi-

181 822 296 879 bus
331 820 652 894 navigatos.
737 818 940 896 Ipsum
967 821 1122 897 *quin
1159 822 1333 878 etiam
1361 818 1670 880 Oceanum
1706 825 1810 882 illa
1850 837 2039 888 tenta·
2084 823 2085 826 ¹

180 907 395 966 vimuS.
505 916 564 962 et
609 924 907 981 superesse
951 901 1147 963 adhuc
1195 905 1469 964 Herculis
1528 910 1833 968 columnas
1882 912 2038 968 fama

105 1029 108 1032 -
181 990 448 1065 vulgavit
464 1008 486 1059 :¹
547 990 669 1047 sive
725 991 874 1048 adiit
927 986 1243 1063 Hercules,
1315 1012 1419 1049 seu
1470 994 1762 1072 quidquid
1816 996 2038 1074 ubique

179 1076 558 1151 magnificum
606 1086 693 1132 est
737 1076 803 1131 in
840 1076 1162 1133 claritatem
1199 1078 1326 1134 eius
1367 1079 1585 1136 referre
1619 1081 2038 1139 consensimus,

178 1161 302 1241 Nec
365 1161 552 1226 defuit
607 1161 886 1219 audentia
934 1159 1129 1219 Druso
1187 1160 1576 1222 Germanico:
1653 1167 1757 1222 sed
1807 1167 2037 1225 obstitit

234 1418 482 1464 Chasuari.
535 1415 614 1461 Sic
637 1414 774 1461 MSS.
794 1417 906 1462 Tur.
931 1417 1069 1462 stutt-

207 1486 289 1522 art.
330 1475 432 1520 edd.
463 1474 494 1517 S
528 1474 584 1519 ir.
617 1473 752 1518 Kath.
787 1473 892 1519 Put.
921 1475 997 1522 Μ.
1026 1484 1070 1520 et

175 1496 235 1580 {f-
257 1532 464 1579 Beroald.
539 1532 596 1576 lc.
621 1531 764 1575 Rhen.
786 1547 885 1599 sqq.
947 1532 1064 1576 Con-

173 1593 311 1639 sentit
346 1590 540 1634 Ptolem.
583 1589 614 1633 1.
658 1588 709 1640 1.,
761 1605 835 1633 cui
876 1589 1068 1633 audiunt

167 1644 453 1706 Κασουᾶροι.
471 1671 526 1682 -—
558 1646 818 1690 Chasuarii
835 1646 970 1690 MSS.
980 1645 1068 1691 Va·

167 1711 250 1756 tie.
267 1706 398 1752 4498.
421 1704 651 1749 Humniel.
673 1704 743 1748 ed.
766 1703 985 1748 Melanth.
1009 1729 1067 1739 —

171 1764 444 1813 cleas-suarii
472 1762 544 1806 ed.
563 1760 714 1805 Viteb.
775 1761 985 1806 Straboni
1009 1762 1066 1815 7.,

166 1842 215 1885 p.
235 1823 338 1867 446.
364 1815 692 1877 Χαττουάριοι.
723 1842 777 1854 ·-
832 1819 1063 1862 Occasua-

165 1884 236 1927 rii
263 1881 366 1925 MS.
389 1877 536 1922 Vatic.
575 1878 702 1920 1518.
738 1905 798 1914 --
856 1877 1066 1920 Tosuari

165 1938 305 1985 MSS.
344 1936 514 1980 Vaticc.
558 1934 686 1978 1862.
741 1942 785 1977 et
833 1931 965 1978 2964.
1001 1961 1061 1972 .-

166 1994 427 2043 Thasuurii
459 1992 563 2037 edd.
594 1990 737 2036 Paris.
771 1992 1058 2050 Norimberg.

164 2052 341 2099 Velleio
372 2053 415 2104 2,
451 2051 549 2096 105.
580 2051 809 2101 Attuarii,
855 2050 950 2095 sive
977 2065 1055 2092 re-

165 2114 281 2159 ctius
319 2109 383 2153 ibi
416 2108 580 2167 legitur
621 2108 850 2151 Chasuari
878 2107 936 2151 ob
970 2122 1055 2154 ve-

161 2179 280 2218 teres
299 2168 456 2213 libros.

164 2255 169 2264 '
220 2255 427 2300 cludunt.
513 2248 591 2293 Sic
637 2248 774 2292 MSS.
806 2247 1052 2293 flummel.

160 2311 355 2370 Longol.
376 2309 495 2353 Stutt
529 2337 539 2349 .
567 2306 671 2350 edd.
695 2305 830 2350 Kath.
852 2306 958 2350 Put.
981 2306 1050 2351 M.

162 2380 206 2416 et
233 2371 294 2412 V.
328 2366 487 2411 Beroal
524 2395 534 2407 .
575 2363 682 2408 Alc.
713 2363 919 2407 Rhenan.
949 2381 1049 2424 sqq.

162 2428 224 2474 ef.
259 2426 376 2470 Hist.
407 2425 446 2475 1,
475 2421 548 2466 33.
620 2420 777 2465 Germ.
815 2439 856 2466 c.
880 2421 951 2465 35.
992 2446 1051 2457 -

160 2488 383 2531 claudunt
403 2481 503 2524 MS.
525 2479 635 2522 Tur.
665 2506 724 2515 -—
755 2482 946 2522 eludunt
976 2480 1049 2522 ed.

159 2544 300 2603 Spir.'
354 2540 427 2583 De
452 2537 591 2582 MSS.
615 2535 788 2583 Vatiae.
814 2537 1049 2582 Broterius

157 2608 290 2645 tacet.

215 2683 431 2737 aliaeque
464 2686 644 2736 gentes.
703 2678 764 2724 cf.
794 2679 883 2725 An.
911 2678 1047 2733 1„51.

160 2741 229 2796 13,
250 2741 321 2786 55.
346 2739 416 2782 56.

214 2824 398 2871 Frisiis.
487 2823 589 2867 MS.
621 2821 733 2865 Tur.
779 2821 879 2866 edd.
922 2821 1043 2879 Spir-

154 2883 288 2932 Καλὴ.
320 2880 528 2925 Norimb.
557 2881 704 2923 Frisis
742 2894 822 2936 per
860 2889 1045 2923 coutra-

155 2943 380 2988 etionem‚
414 2939 610 2994 itemque
630 2938 763 2994 paulo
787 2946 887 2980 ante
911 2938 957 2979 in
985 2936 1044 2978 li-

150 3002 237 3045 bro
248 2996 472 3041 Hummel.
494 2994 710 3053 scriptum
737 2996 938 3038 estFrisi
958 3009 1043 3053 pro

155 3058 313 3103 Frisii.

214 3148 436 3195 utraeque
473 3135 700 3178 nationes.
786 3134 888 3179 MS.
928 3134 1041 3183 Tur.

155 3205 367 3256 corrupte
389 3196 578 3249 iureque
602 3193 824 3236 nationis.

153 3286 358 3395 algens·
419 3276 481 3323 ef.
494 3277 584 3321 An.
612 3279 649 3328 1,
669 3277 739 3319 60.
767 3277 808 3327 2,
828 3277 867 3320 8.
920 3276 1040 3320 Mela

212 3421 444 3467 Romanis
501 3419 723 3462 classibus
780 3421 1040 3472 navigates.

155 3481 217 3526 cf.
242 3480 332 3525 An.
358 3479 404 3522 ll.
429 3477 477 3520 11.
509 3484 552 3519 et
584 3476 710 3519 Suet.
741 3476 897 3520 Claud.
931 3493 971 3519 c.
998 3479 1037 3519 1.

152 3539 244 3583 Dio
268 3538 338 3586 54,
359 3536 429 3579 32.
459 3534 529 3586 55,
550 3534 620 3577 28.
679 3532 874 3577 Velleius
889 3535 929 3586 2,
946 3535 1038 3577 106.

155 3595 276 3642 Plin.
301 3594 358 3638 N.
383 3592 439 3637 H.
469 3593 511 3642 2,
531 3592 603 3637 67.
637 3590 678 3644 4,
699 3591 769 3634 27.

1198 1422 1285 1464 illa
1308 1422 1607 1467 tentavimus.
1662 1419 1766 1465 MS.
1790 1421 1900 1473 Tur.
1929 1422 2030 1466 edd.

1138 1477 1280 1522 Paris.
1304 1477 1470 1522 Vienn.
1501 1478 1719 1523 Melanth.
1746 1480 1869 1523 illac.
1941 1479 2027 1523 Sed

1140 1535 1200 1580 ef.
1223 1544 1318 1580 not.
1341 1538 1396 1580 ad
1419 1539 1510 1581 An.
1529 1538 1572 1589 2,
1594 1537 1664 1581 17.

1194 1620 1411 1664 Herculis
1454 1623 1720 1665 columnus.
1790 1620 2025 1666 Rudbeek.

1138 1678 1412 1731 (Atlantica.
1443 1695 1488 1737 p.
1513 1679 1608 1732 25.)
1635 1677 1785 1737 posuit
1799 1678 1852 1722 in
1866 1678 2025 1723 Suecia

1138 1734 1477 1795 Cimmerioque
1514 1737 1855 1796 promontorio:
1904 1735 2023 1779 Bro-

1134 1792 1273 1837 terius
1298 1794 1468 1851 quaerit
1493 1795 1539 1838 in
1563 1793 1814 1842 Frisiorum
1846 1792 2024 1837 finibus.

1134 1849 1379 1901 efiUkert,
1406 1852 1700 1906 Geographie
1719 1854 1806 1895 der
1820 1850 1904 1895 Gr.
1927 1853 2024 1893 und

1132 1909 1326 1958 Homer,
1356 1909 1417 1962 I.,
1446 1926 1493 1968 p.
1512 1910 1615 1953 216.
1649 1909 1729 1961 11„
1759 1925 1804 1967 p.
1827 1906 1926 1952 307.

1184 2010 1282 2052 sive
1305 2041 1318 2053 .
1335 2041 1347 2053 .
1369 2024 1467 2053 seu.
1528 1991 1604 2054 Sic
1627 2008 1726 2054 edd.
1740 1992 1895 2053 Rhen.
1919 2007 2022 2053 Ald.

1127 2068 1464 2168 zat-⁰2&
1491 2066 2020 2168 ¹325M¹s¹³³⁰³1=u¹2¹2213²

1127 2156 1245 2241 spir.
1265 2182 1398 2226 Kath.
1418 2155 1519 2225 P'u’t.
1544 2157 1733 2226 Monac]
1748 2156 1911 2226 vieni..
1934 2156 2015 2226 1322

1125 2241 1269 2284 roald.
1314 2239 1416 2284 Alc.
1446 2239 1652 2283 Rhenan.
1684 2239 1869 2295 (1519.).
1953 2238 2012 2284 cf·

1124 2297 1215 2341 An.
1242 2298 1282 2348 6,
1306 2299 1350 2341 9.
1425 2296 1517 2340 Sed
1556 2306 1659 2340 ante
1688 2298 1808 2341 adiit
1833 2297 2031 2355 elegam*

1123 2355 1213 2399 tius
1235 2364 1298 2400 est
1319 2357 1430 2399 sive.

1178 2471 1493 2526 magnificum.
1553 2469 1654 2514 MS.
1682 2468 1871 2528 Longol.
1907 2468 2009 2513 edd.

1120 2525 1329 2571 Norimb.
1353 2527 1489 2571 Rom.
1516 2543 1757 2583 magnum.
1827 2526 1915 2570 Sed
1946 2526 2007 2570 cf.

1118 2585 1275 2642 Agric.
1308 2602 1347 2629 e.
1379 2585 1450 2629 30.
1493 2601 1631 2630 omne
1670 2587 1881 2641 ignotum
1919 2597 2009 2640 pro

1120 2644 1370 2700 magnifico
1400 2652 1486 2686 est.

1175 2758 1500 2802 consensimus.
1587 2756 1664 2800 Sic
1710 2755 1846 2800 MSS.
1894 2754 2005 2798 Tur.

1120 2813 1284 2877 stuttg.
1329 2815 1533 2860 Vaticani
1580 2831 1764 2863 omnes,
1815 2813 2004 2872 Longol.

1116 2872 1217 2915 edd.
1242 2872 1358 2930 Spir.
1374 2873 1506 2916 Kaih.
1528 2873 1630 2915 Put.
1650 2873 1718 2915 M.
1742 2880 1784 2915 et
1796 2872 1851 2914 V.
1870 2870 2005 2914 Rom.

1114 2929 1324 2973 Norimb.
1348 2930 1486 2988 Rhag.
1512 2930 1720 2973 Beroald.
1754 2928 1857 2973 Ale.
1892 2927 2005 2971 Rhe·

1115 3003 1223 3030 nan.
1250 3003 1346 3046 sqq.
1375 2989 1427 3030 ad
1452 2988 1717 3039 Piehenmn,
1751 2986 1828 3045 qui
1850 2986 2004 3029 maluit

1115 3046 1436 3088 consuevimus
1472 3062 1494 3088 e
1519 3044 1652 3088 MSS.
1672 3044 1829 3087 Bamb.
1854 3043 2000 3087 Hum-

1114 3103 1219 3146 mel.
1262 3127 1320 3134 -·
1395 3103 1622 3147 Ernestius
1664 3102 1855 3146 restituit
1891 3116 2003 3144 con-

1114 3175 1356 3204 sensimus.

1170 3244 1332 3287 Druso
1378 3245 1675 3286 Germum’co.
1761 3243 2002 3288 Freinshe-

1111 3302 1228 3345 mius
1261 3301 1454 3344 malebat
1486 3301 1645 3344 Druso
1674 3308 1719 3344 et
1743 3302 1997 3344 Germani-

1111 3376 1188 3409 co,
1231 3368 1272 3402 et
1308 3359 1557 3402 N'Valehius
1586 3360 1902 3416 interpretatus
1937 3369 2002 3404 est

1110 3418 1297 3460 Drusus
1321 3420 1416 3458 und
1443 3417 1774 3460 Germanikus.
1842 3415 1892 3458 In
1931 3417 2000 3460 la-

1110 3475 1215 3518 tinis
1246 3474 1473 3532 vulgatum
1507 3482 1765 3518 contextum
1792 3475 1997 3521 servavit.

1109 3531 1288 3576 Hessius
1336 3547 1359 3574 e
1402 3532 1618 3575 sententia
1661 3531 1743 3574 viri
1777 3530 1900 3575 docti
1949 3531 1997 3575 in

1108 3589 1347 3649 Ephemer.
1371 3588 1435 3633 lit.
1461 3590 1555 3633 len.
1580 3588 1701 3632 1818.
1729 3604 1880 3632 mense
1898 3588 1995 3633 No-
