2150 4022
406 271 646 342 IULII
690 274 1012 343 AGRIC.
1048 278 1282 341 VITA
1327 280 1527 344 CAP.
1557 271 1666 345 20.

1843 282 1960 345 155

110 412 262 482 Sed,
303 411 410 468 ubi
443 422 627 468 aestas
656 410 924 480 advenit,
966 421 1263 468 contracto
1287 412 1570 483 exercitu,
1613 412 1871 470 militurn
1897 415 1963 470 in

108 497 339 571 agmine
363 497 605 553 laudare
632 495 1017 566 modestiam,
1059 495 1332 554 disiectos
1359 517 1654 554 coercere:
1700 498 1828 555 loca
1863 521 1962 556 ca-

108 583 242 640 stris
267 582 390 657 ipse
417 576 647 656 capere}
694 581 982 660 aestuaria
1012 601 1077 637 ac
1107 581 1283 636 silvas
1312 582 1436 656 ipse
1459 594 1858 657 praetentare:
1906 597 1963 643 et

106 663 263 724 nihil
307 666 548 724 interim
598 667 757 741 apud
800 662 998 722 hostes
1053 665 1320 742 quietum
1368 668 1517 741 pati,
1592 689 1709 744 quo
1763 669 1961 726 minus

107 751 318 810 subitis
346 751 683 808 excursibus
711 751 1115 826 popularetur.
1189 762 1395 827 atque,
1437 752 1545 808 ubi
1575 755 1712 810 satis
1736 765 1965 822 terrue—

106 848 226 908 rat,
268 838 563 914 parcendo
589 856 794 894 rursus
829 836 1205 894 inritamenta
1240 835 1400 912 pacis
1436 848 1742 897 ostentare.

106 1023 219 1069 tenti
261 1030 400 1069 erant.
480 1023 545 1066 Eo
591 1040 701 1071 vero
743 1023 997 1082 significatu

106 1089 230 1127 recte
272 1081 360 1126 dici
394 1083 778 1131 intolerantiam,
832 1083 998 1125 docent

106 1139 199 1184 loci
222 1139 314 1182 An.
339 1138 381 1190 3,
404 1138 476 1183 45.
503 1139 831 1182 intolerantior
850 1138 996 1182 servi-

108 1205 187 1239 tus
208 1197 383 1240 iterum
404 1198 554 1247 victi&
598 1199 664 1247 11,
691 1200 760 1241 10.
788 1196 999 1240 subiectis

108 1255 445 1297 intolerantior.
507 1255 565 1298 cf.
591 1254 802 1297 Gronov.
826 1253 883 1296 ad
907 1252 997 1296 An.

106 1311 261 1356 locum
296 1311 511 1370 priorem.
575 1311 629 1365 [l.
661 1310 889 1355 Bekkerus
922 1318 998 1354 to-

107 1370 349 1423 lerantia.]
738 1381 755 1401 δ

164 1427 370 1470 militum
390 1426 440 1469 in
459 1426 647 1480 agmine
667 1428 870 1469 laudare
893 1440 999 1468 mo-

109 1485 328 1526 destiam.
439 1482 783 1528 Emendationis
842 1492 1002 1526 auctor

107 1539 375 1592 Rhenanus,
435 1539 563 1583 euius
604 1541 740 1583 verba
792 1542 1000 1599 adpono:

106 1597 306 1647 „Posset
338 1597 404 1642 sic
435 1614 616 1655 quoque
652 1598 764 1656 legi,
812 1598 909 1640 imo
938 1598 1004 1643 sic

107 1655 346 1713 legendum
375 1663 467 1704 est,
508 1664 746 1698 contracto
773 1657 999 1710 exercitu,

111 1714 315 1754 militum
361 1714 407 1754 in
451 1712 642 1766 agmine
689 1722 774 1757 etc.
790 1714 844 1761 ”‚
902 1728 1001 1756 eam

111 1769 472 1828 comprobarunt
512 1769 632 1826 Lips.
671 1770 874 1814 Gronov.
913 1769 1000 1813 Er—

109 1836 226 1871 nest.
288 1826 472 1885 Bipont.
539 1827 749 1871 Oberlin.
811 1827 1004 1871 Seebod.

110 1883 308 1928 Walch.
332 1888 395 1938 [et
414 1886 673 1943 nuperrime
687 1885 722 1927 Ι.
737 1884 1001 1939 BekkerusJ.

110 1941 225 1984 Edd.
252 1940 354 1984 Put.
395 1956 462 1998 pr.
503 1942 627 1985 Med.
651 1940 765 1986 Ven.
793 1941 1002 1997 Beroald.

111 2001 313 2042 multum
338 2000 385 2041 in
411 1999 626 2053 agmine:
665 2002 867 2043 laudare
895 2015 1003 2041 mo-

111 2058 337 2110 destiam5
378 2056 479 2099 edd.
515 2057 617 2100 Alc.
650 2057 791 2101 Rhen.
831 2056 1003 2113 (1533.)

111 2113 220 2158 Ald.
280 2117 482 2156 multum
531 2114 580 2155 in
631 2116 826 2169 agmine
870 2118 1005 2159 laud.

111 2175 237 2215 mod.
263 2170 648 2231 (interpunctione
669 2173 861 2226 deleta);
905 2173 1006 2217 MS.

111 2229 257 2272 Vatic.
301 2229 431 2272 3429.
484 2229 690 2282 (testibus
732 2231 911 2274 Broter.
961 2239 1006 2274 et

111 2286 312 2345 Dronk.)
344 2295 387 2329 et
418 2295 543 2331 vetus
568 2288 671 2331 cod.
696 2287 855 2332 Ursini
878 2291 1006 2330 mul-

114 2353 192 2387 tus
211 2346 259 2388 in
277 2345 488 2399 agmine,
530 2347 659 2390 laud.
681 2349 832 2396 mod.,
870 2362 1006 2402 quam

115 2401 389 2459 scripturam
416 2401 698 2445 admiserunt
724 2403 901 2448 Broter.
918 2437 929 2456 ,
967 2405 1007 2446 la

115 2458 356 2509 Bletterie,
398 2457 574 2502 Dronk.
612 2459 795 2504 Becker.
838 2460 1006 2503 Hertel.

116 2516 362 2559 Videamus
390 2515 576 2572 singula.
642 2516 778 2574 Quod
808 2523 853 2563 in
877 2518 1005 2560 codi-

116 2572 243 2618 cibus
262 2574 482 2629 scriptum
506 2582 595 2625 est,
624 2576 763 2632 possit
785 2576 1010 2618 firmatum

115 2630 259 2676 videri
274 2630 384 2674 locis
397 2629 631 2681 similibus,
645 2632 883 2691 velutAgr.
898 2631 1010 2676 c.37.

103 2689 334 2747 frequens
358 2688 521 2743 ubique
543 2690 789 2743 Agricola;
828 2692 915 2733 An.
945 2689 1010 2740 14,

118 2746 189 2790 56.
203 2759 344 2788 rarus
361 2759 451 2798 per
467 2749 627 2787 urbem
642 2763 658 2798 ;
677 2746 788 2792 Hist.
802 2746 895 2799 3,7.
909 2750 1010 2789 ala-

117 2817 219 2846 cres
241 2804 454 2854 veniunt;
480 2801 521 2850 3,
543 2804 612 2847 47.
636 2807 811 2849 subitus
831 2807 1010 2847 irrum-

113 2861 211 2916 pit5
241 2858 396 2903 Germ.
423 2875 462 2902 c.
484 2861 526 2904 6.
547 2863 654 2904 rari
675 2870 873 2906 utantur
895 2865 1007 2919 gla-

118 2918 209 2960 diis
222 2934 238 2968 ‚·
267 2918 448 2961 Sallust.
475 2917 571 2974 lug.
596 2934 634 2961 c.
649 2919 719 2962 96.
744 2923 793 2962 in
820 2922 1006 2973 agmine

118 2982 260 3030 atque
317 2978 382 3016 ad
439 2976 621 3028 vigilias
677 2981 852 3021 multus
915 2981 1005 3020 ad-

117 3046 244 3086 esse,
271 3031 347 3074 sed
369 3042 585 3100 repugnat
611 3033 654 3075 id
677 3034 725 3076 in
746 3034 823 3078 tali
846 3036 1008 3080 verbo-

119 3105 222 3131 rum
241 3104 352 3131 nexu
371 3087 576 3132 latinitati
593 3090 807 3149 (placeret
820 3091 1008 3136 fortasse

120 3149 297 3188 multus
330 3147 376 3187 in
411 3148 601 3198 agmine
633 3153 826 3204 adesse,
874 3153 1005 3192 laud.

121 3206 265 3258 mod.)
283 3211 325 3245 et
341 3203 606 3246 sententiam
623 3205 836 3250 habemus
853 3206 890 3250 si
912 3223 1006 3250 non

118 3261 334 3320 ineptam,
357 3268 400 3302 at
418 3271 538 3303 certe
559 3278 949 3319 supervacaneam,
972 3264 1009 3308 si

119 3318 299 3376 quidem
327 3317 575 3375 imperator
597 3335 773 3377 semper
806 3331 1010 3366 versatur

119 3376 170 3418 in
201 3374 404 3432 agmine,
442 3377 561 3432 apud
596 3377 851 3421 exercitum.
910 3379 1007 3422 Nec

122 3431 351 3490 probabile
378 3441 443 3474 est
467 3434 668 3476 absolute
690 3436 886 3491 positum
909 3439 1011 3478 lau-

122 3493 240 3531 dare
262 3490 566 3541 modestiam,·
595 3491 715 3548 quod
741 3492 1011 3552 perspiciens

126 3546 298 3588 Broter.
331 3546 568 3603 legendum
600 3552 791 3606 putavit:
834 3555 1011 3594 multus

124 3605 170 3645 in
199 3604 413 3658 agrm'ne,
451 3607 654 3650 militum
684 3608 878 3653 laudare
903 3623 1010 3652 ma-

1828 840 1981 917 qui-,

1066 1021 1286 1066 destiam.
1354 1019 1524 1071 Eadem
1562 1023 1676 1066 ratio
1707 1025 1964 1072 adversatur

1067 1087 1177 1123 vett.
1196 1078 1296 1122 edd.
1310 1079 1557 1135 scripturae
1577 1084 1776 1125 multum
1797 1115 1809 1127 .
1825 1116 1836 1127 .
1858 1088 1959 1128 lau-

1067 1139 1187 1179 dare
1209 1139 1338 1178 mod.
1395 1135 1586 1193 Egregie
1607 1137 1742 1195 igitur
1760 1140 1827 1184 his
1844 1142 1959 1185 disfi-

1069 1192 1312 1237 cultatibus
1325 1192 1553 1236 consuluit
1565 1194 1817 1251 Rhenanus,
1832 1200 1962 1243 cuius

1067 1252 1354 1294 correctione
1394 1258 1438 1293 et
1481 1252 1795 1298 membrorum
1831 1272 1962 1316 auge-

1067 1315 1142 1351 tur
1173 1307 1456 1351 concinnitas
1490 1315 1534 1351 et
1558 1311 1774 1355 sententia
1799 1315 1963 1358 exsistit

1068 1363 1311 1423 aptissima.
1371 1364 1453 1408 Uti
1467 1367 1673 1409 laudare
1687 1376 1729 1410 et
1747 1385 1960 1416 coercere

1072 1422 1205 1466 verba
1243 1421 1442 1468 invicem
1478 1422 1564 1467 sibi
1603 1427 1805 1484 opposita
1843 1438 1962 1479 sunt,

1070 1479 1133 1523 ita
1170 1481 1341 1522 milites
1381 1480 1431 1521 in
1472 1483 1663 1534 agmine
1695 1493 1739 1526 et
1771 1487 1963 1541 distecti,

1071 1536 1148 1595 qui
1190 1536 1245 1580 ab
1291 1537 1467 1594 agmine
1513 1538 1750 1584 discedunt
1799 1552 1842 1587 et
1883 1561 1959 1588 ra—

1072 1593 1224 1652 piendi
1249 1608 1382 1638 causa
1405 1592 1811 1652 circumpalantur.
1874 1601 1961 1646 Re·

1074 1658 1144 1694 cte
1184 1650 1314 1694 vertit
1344 1649 1683 1697 Boetticherus=
1730 1659 1850 1700 Iobte
1890 1662 1965 1703 die

1072 1709 1388 1751 Mannszucht
1409 1712 1494 1750 der
1515 1709 1717 1764 Krieger
1740 1717 1839 1771 auf
1856 1720 1966 1760 dem

1072 1765 1306 1819 Marsche,
1331 1767 1443 1807 niele
1465 1767 1537 1808 die
1557 1770 1652 1810 sich
1665 1769 1967 1818 Zerstreuen·

1073 1826 1164 1865 den
1197 1837 1488 1866 zusammen.
1560 1824 1733 1870 Multos
1769 1846 1862 1873 esse
1895 1833 1966 1875 lo-

1075 1895 1179 1931 cos,
1228 1879 1276 1922 in
1322 1880 1488 1938 quibus
1519 1883 1737 1927 vocabula
1767 1891 1968 1934 militum

1075 1945 1118 1980 et
1139 1939 1342 1980 multum
1365 1936 1731 1993 confundantur,
1773 1946 1967 1991 adnota-

1076 1995 1223 2041 vimus
1245 1995 1301 2037 ad
1325 1995 1414 2038 An.
1441 1995 1514 2046 15,
1532 1996 1605 2038 29.
1641 1997 1753 2044 liis-t.
1777 2005 1815 2053 1,
1839 2004 1910 2051 12.

1125 2060 1444 2107 praetentare.
1460 2052 1536 2096 Sic
1548 2053 1794 2104 edd.Rhen.
1807 2077 1970 2119 sqq...-

1070 2117 1430 2167 praetemptare
1487 2109 1589 2155 MS.
1636 2112 1784 2160 Vatic.
1836 2122 1968 2167 3429.

1076 2167 1178 2210 edd.
1206 2175 1314 2214 vett.
1342 2176 1446 2209 ante
1469 2166 1756 2218 Rhenanum.
1815 2177 1967 2236 Signi-

1075 2224 1200 2268 fleat:
1245 2232 1344 2268 ante
1368 2226 1582 2278 scrutari,
1618 2237 1669 2271 ut
1698 2233 1815 2288 apud
1841 2236 1966 2282 Suet.

1078 2281 1244 2328 Octav.
1267 2297 1306 2326 c.
1328 2281 1400 2324 35.

1136 2355 1226 2397 quo
1257 2340 1411 2382 minus
1439 2372 1450 2383 .
1474 2371 1486 2384 .
1512 2345 1835 2396 popularetur.
1901 2370 1967 2398 se.

1078 2396 1293 2455 Agricola
1314 2430 1326 2448 ‚
1395 2398 1440 2440 id
1498 2399 1619 2441 enim
1681 2406 1816 2450 verba
1864 2426 1965 2468 sqq.

1080 2457 1161 2496 uzu·
1185 2459 1302 2497 satis
1333 2463 1573 2498 terruerat
1603 2457 1782 2505 docent.
1840 2465 1967 2511 Ean-

1081 2512 1182 2555 dem
1229 2528 1318 2569 qao
1360 2513 1512 2554 minus
1562 2512 1784 2562 formulae
1834 2525 1970 2570 ratio.

1080 2585 1186 2612 nem
1229 2569 1327 2611 vide
1370 2570 1461 2611 An.
1503 2571 1543 2621 2,
1588 2575 1658 2616 10.
1699 2575 1798 2627 4Ο.,
1848 2581 1969 2629 infra

1082 2640 1177 2684 cap.
1199 2625 1270 2669 27.
1291 2628 1408 2669 nihil
1425 2641 1488 2668 ex
1509 2632 1791 2684 adrogantia
1811 2645 1972 2684 remit-

1082 2691 1208 2739 tere,
1257 2699 1345 2740 quo
1379 2686 1531 2726 minus
1562 2690 1849 2737 iuventutem
1880 2713 1973 2741 ar-

1082 2750 1286 2783 marent.
1321 2741 1378 2784 cf.
1395 2740 1591 2786 Walch.
1615 2746 1670 2788 ad
1694 2747 1739 2792 h.
1760 2751 1789 2793 l.
1851 2753 1969 2800 Cum

1079 2796 1291 2842 Dronkio
1334 2799 1554 2843 Hertelius
1599 2803 1784 2862 explicat
1807 2826 1817 2852 :
1879 2829 1973 2872 quo

1081 2855 1231 2898 minus
1260 2856 1398 2900 bostis
1424 2856 1579 2900 subitis
1601 2866 1857 2911 excursibus
1882 2887 1972 2928 po-

1113 2913 1309 2956 ularetur
1334 2929 1491 2971 agrum
1518 2931 1552 2957 s.
1580 2926 1722 2963 castra
1745 2923 1969 2974 Romana.

1077 2930 1227 3022 giale,
1259 2987 1344 3014 nec
1367 2971 1527 3015 melius
1539 2973 1727 3019 Dahlius
1747 2982 1970 3032 animadv.

1079 3045 1122 3086 p.
1150 3028 1217 3071 13.
1251 3028 1541 3072 scribendum
1581 3043 1734 3077 censet
1771 3048 1846 3082 aut
1875 3059 1971 3097 po-

1076 3089 1363 3140 palarentur
1398 3095 1473 3130 aut
1510 3093 1637 3143 apud
1667 3093 1846 3139 hostem
1880 3117 1967 3158 pro

1077 3147 1204 3198 apud
1229 3146 1403 3187 hostes.
1466 3145 1667 3189 Fuerunt
1694 3151 1850 3203 etiam,
1890 3158 1969 3215 qui

1076 3203 1298 3257 populari
1317 3203 1502 3244 verbum
1523 3205 1693 3260 passivo
1714 3213 1971 3270 acciperent

1080 3257 1358 3315 significatu,
1399 3262 1522 3316 quod
1554 3277 1646 3304 non
1668 3263 1855 3310 latinum
1880 3281 1971 3324 est3

1080 3316 1284 3375 quamvis
1307 3317 1512 3375 particip.
1539 3323 1844 3374 depopulatus
1868 3344 1972 3386 pas-

1078 3377 1172 3418 sive
1202 3383 1462 3431 usurpatum
1498 3373 1554 3417 sit
1583 3391 1607 3417 a
1630 3378 1804 3425 Caesar.
1828 3383 1880 3428 B.
1910 3385 1984 3432 G.··

1085 3433 1124 3480 1,
1148 3431 1215 3474 11.
1250 3430 1406 3475 lustin.
1431 3431 1501 3480 42,
1523 3434 1563 3483 2,
1592 3434 1630 3476 l.

1141 3490 1446 3531 inritamenta
1475 3492 1617 3544 pacis.
1679 3493 1752 3536 Cf.
1785 3494 1898 3543 Hist.
1928 3504 1958 3545 2

1081 3548 1153 3590 62.
1195 3547 1501 3590 inritamenta
1545 3551 1686 3600 gulae
1701 3568 1716 3602 ;
1772 3537 1970 3611 Quintili

1083 3605 1190 3649 lust.
1218 3606 1255 3654 1,
1282 3606 1319 3657 1,
1339 3605 1411 3649 26.
1432 3607 1688 3651 irritandae
1706 3615 1774 3654 ad
1795 3615 1975 3660 discen.
