2150 4022
378 247 982 310 tULllvAGR‘IC.
1021 250 1259 310 ‘VITA
1304 215 1679 314 (1ΑΡ.58.κ
1768 244 1943 312 v197·

76 384 286 460 eligere
314 382 586 440 ·'latebras
626 393 682 438 et
709 381 904 439 statim
964 380 1330 457 relinquere:
1390 383 1633 441 miscere
1672 383 1927 439 invicem
1972 442 1973 446 ,

73 466 316 540 consilia
343 467 568 543 aliqua,
606 467 746 523 dein
775 475 1070 541 separare:
1117 467 1438 543 aliquando
1469 468 1662 541 frangi
1688 480 1924 544 aspectu

74 555 389 630 pignorum
421 567 694 620 suorum,
738 553 965 626 saepius
1009 551 1314 610 concitari.
1400 552 1651 630 satisque
1691 565 1922 611 consta-

71 631 198 709 bat,
241 638 487 694 saevisse
519 639 806 714 quosdam
846 637 909 693 in
938 637 1214 710 coniuges
1248 656 1313 692 ac
1349 636 1598 708 liberm,
1643 650 1924 716 tanquam

72 725 504 790 msserereutur.
614 721 926 778 Proximus
976 722 1100 778 dies
1149 721 1361 778 faciem
1405 723 1683 780 victoriae
1747 725 1925 782 latius

68 809 324 885 aper-uit:
387 819 619 864 vastum
670 809 893 884 ubique
922 806 1273 883 silentium,
1308 808 1538 864 ‘secreti
1576 810 1784 879 colleS‚
1813 810 1934 865 'fu-'

68 895 289 951 inantia
318 893 526 968 procul
546 904 728 962 tecta,
773 914 945 948 nemo
977 891 1703 967 exploratoribus-obvius·
1786 893 1933 971 qui-²

71 981 177 1036 bus
200 981 269 1034 in
294 999 532 1035 omnem
560 990 786 1054 partem
815 978 1098 1047 dimissiS,
1141 978 1248 1034 ubi
1276 977 1495 1056 incerta
1536 979 1705 1052 fugae
1742 980 1920 1036 vesti-

66 1065 159 1139 gia
183 1084 378 1140 neque
405 1084 656 1139 usquam
681 1064 1023 1137 conglobari
1057 1059 1256 1121 hostes
1293 1074 1685 1137 compertum,
1729 1076 1786 1121 et
1823 1086 1920 1121 ex-

67 1162 192 1208 acta
220 1150 336 1206 iarn
361 1161 574 1206 aest-ate
601 1150 796 1224 spargi
830 1150 1053 1205 bellum
1097 1149 1406 1227 nequibat,
1451 1149 1515 1204 in
1552 1149 1698 1204 fines
1729 1149 1922 1206 Hore-

67 1248 290 1294 storum
321 1235 637 1292 exercitum
665 1235 918 1312 deducit.
1009 1232 1102 1291 lbi
1126 1233 1377 1309 acceptis
1408 1234 1715 1291 obsidibus
1749 1250 1918 1310 prae-

65 1321 215 1385 fecto
263 1321 461 1376 classis
513 1316 876 1382 circumvehi
918 1318 1291 1376 Britanniam
1341 1320 1651 1394 praecepit.
1751 1321 1920 1378 datae

65 1408 139 1462 ad
193 1405 255 1467 id
306 1405 493 1474 vire5‚
559 1417 616 1462 et
655 1417 1042 1480 praecesserat
1068 1417 1275 1465 terror.
1373 1405 1496 1480 ipse
1538 1405 1797 1480 peditem
1829 1415 1919 1462 at-

65 1511 179 1568 que
215 1491 439 1568 equites
479 1492 638 1547 lento
689 1491 930 1558 itinere,
1001 1512 1121 1566 quo
1159 1510 1447 1546 novarum
1484 1490 1748 1563 gentium
1787 1490 1918 1546 ani-

64 1576 156 1651 mi*
174 1576 297 1650 ipsa
331 1576 612 1633 transitus
647 1597 813 1632 mora
845 1587 1234 1644 terrerentur,
1281 1574 1345 1629 in
1377 1571 1658 1631 hibernis
1685 1575 1918 1635 locavit..

66 1674 123 1718 et
148 1661 325 1717 simul
350 1662 548 1717 classis
576 1664 829 1717 secunda
855 1672 1194 1734 tempestate
1223 1680 1288 1716 ac
1315 1661 1471 1716 fama
1496 1659 1938 1738 Trutulensem·v

65 1756 301 1821 portum
341 1746 559 1815 tenuit,
624 1747 784 1804 unde
832 1747 1100 1821 proximo
1153 1746 1332 1802 latere
1372 1743 1719 1803 Britanniae
1766 1745 1917 1804 lecto

65 1832 231 1888 omni
257 1831 529 1909 redierat.

1076 2071 1126 2112 in
1136 2069 1587 2124 finesHorestorum.
1614 2072 1690 2115 Sic
1712 2071 1922 2119 edd‘sere

1028 2145 1199 2171 omnes.
1235 2153 1293 2160 —
1363 2129 1668 2172 Borestorum
1702 2147 1750 2172 ex
1779 2130 1916 2173 MSS.

1031 2185 1197 2229 Vaticc.
1251 2186 1378 2229 3429.
1416 2195 1460 2228 et
1500 2187 1626 2230 4498.
1681 2187 1919 2230 ediderunt

1030 2244 1218 2287 Becker.
1254 2251 1298 2284 et
1322 2243 1560 2287 tien-telius.
1627 2245 1714 2288 Sed
1752 2244 1800 2286 in
1838 2261 1917 2287 no-

1026 2300 1159 2343 minis
1186 2300 1317 2343 huius
1347 2301 1623 2358 ignobilitate
1659 2302 1778 2344 malo
1808 2302 1919 2345 anti-

1025 2359 1175 2413 quitus
1229 2368 1454 2416 receptam
1502 2358 1773 2417 scripturam
1834 2375 1922 2401 ser·

119 2073 228 2115 dein
267 2086 506 2125 separare.
590 2071 719 2115 Hanc
763 2072 949 2129 scriptu-

64 2134 158 2173 rani
191 2130 406 2187 sagaciter
431 2146 454 2172 a
482 2129 630 2185 Lipsio
659 2130 951 2187 excogitatam

64 2196 106 2230 et
133 2206 155 2231 a
174 2187 369 2230 Piebena
402 2189 690 2244 adprobatam
715 2187 953 2231 confirmat

63 2247 164 2290 MS.
190 2243 292 2287 Vat.
323 2244 480 2296 3429„
530 2245 650 2287 unde
684 2254 954 2302 receperunt

64 2304 163 2346 edd.
195 2311 384 2347 recentt.
418 2318 590 2345 omnes.
650 2303 777 2344 Haud
801 2303 952 2360 exigua

65 2362 182 2403 enim
229 2358 297 2401 vis
337 2358 441 2402 huic
486 2359 717 2402 enuntiato
753 2362 865 2402 inest
904 2377 951 2402 ex

0 2466 18 2471 -
66 2415 298 2476 oppositis.
356 2415 469 2459 Edd.
501 2425 600 2458 ante
623 2415 818 2473 Lipsium
847 2433 951 2470 spe-

66 2490 203 2524 rare,
249 2473 370 2530 quod
406 2490 522 2516 unus
557 2473 837 2515 Boxhornius
871 2475 954 2516 de-

65 2532 300 2582 fendebat;
329 2530 514 2574 Grotius
537 2538 579 2573 et
605 2529 829 2573 Gruterus
850 2548 956 2575 con·

66 2590 273 2634 iicie'bant
298 2592 572 2643 desperare,
607 2588 685 2631 sed
717 2589 771 2630 de
803 2588 955 2646 despe-

65 2647 242 2691 ratione
263 2645 351 2688 hoc
372 2647 472 2688 ioco
498 2646 586 2690 dici
611 2643 779 2702 nequit.
820 2645 956 2689 Unde

32 2752 36 2753 ⁷
65 2704 255 2747 Ernestii
284 2705 541 2746 coniectura
565 2718 781 2757 spernere
804 2704 958 2746 Brote-

21 2760 25 2768 ⁴
65 2762 134 2805 rio
187 2761 461 2811 innotuerit,
523 2761 731 2818 equidem
787 2761 957 2804 nescio.

67 2819 296 2874 Anonym.
310 2818 447 2861 ecod.
467 2817 736 2861 Mirandul.:
760 2820 958 2861 miscere

65 2877 262 2919 invicem
301 2877 487 2918 consilia
530 2878 806 2932 aliquando,
851 2891 956 2930 spe-

68 2948 197 2976 rare.
254 2934 450 2976 Frustra.

126 3061 294 3102 secreti
322 3062 472 3103 colles.
555 3060 784 3103 Ernestius
816 3077 956 3118 quum

68 3119 240 3160 secreti
274 3117 641 3174 interpretaretur
693 3119 959 3161 remotiores

69 3174 204 3231 idque
228 3174 281 3216 ab
305 3173 347 3216 h.
374 3174 402 3216 l.
428 3175 621 3218 alienum
650 3184 836 3235 putaret,
857 3192 957 3220 cor·

69 3229 238 3290 rigebat
291 3232 496 3283 deserti,
565 3233 641 3275 sed
696 3248 788 3275 non
846 3250 958 3291 opus

71 3287 408 3340 emendatione3
442 3290 608 3331 secreti
642 3292 780 3333 colles
820 3308 958 3349 oppo-

73 3354 240 3394 nuntur
262 3346 338 3396 iis,
371 3347 446 3403 qui
472 3347 872 3403 frequentabantur
905 3350 958 3389 ab

71 3401 302 3444 hominum
341 3404 495 3454 turba,
549 3412 653 3447 sunt
689 3406 865 3448 deserti.
901 3429 960 3435 -

13 3505 33 3520 Ι
75 3454 251 3509 Colles,
291 3461 411 3517 quod
447 3462 500 3503 ab
535 3460 602 3503 ed.
627 3462 804 3519 Bipont.
842 3479 959 3505 rece-

75 3525 233 3574 perunt
256 3515 412 3579 Engel.
447 3526 489 3561 et
518 3518 751 3571 oberlin„
783 3521 960 3578 languet

77 3583 359 3631 magnopere.

1027 2427 1149 2460 Vare-
1828 2450 1829 2453 =

1085 2473 1130 2514 T
1125 2475 1411 2514 rutulensem
1439 2480 1650 2526 portum.
1712 2474 1789 2519 Sic
1819 2475 1918 2518 MS·

1031 2528 1173 2573 Vatic.
1195 2529 1321 2591 3429.
1354 2529 1400 2570 in
1425 2530 1627 2587 margine
1651 2539 1692 2573 et
1717 2532 1821 2575 edd.
1842 2548 1919 2574 an-

1030 2588 1200 2643 tiquae3
1225 2609 1278 2618 -
1302 2586 1420 2628 idem
1448 2588 1584 2630 codex
1605 2587 1650 2630 in
1673 2589 1920 2632 textuTru-

1029 2647 1286 2694 calensem,
1315 2659 1448 2700 quam
1492 2644 1759 2702 scripturam
1795 2663 1918 2705 prae-

1030 2703 1228 2744 tulerunt
1264 2699 1490 2743 Beckerus
1524 2712 1566 2744 et
1593 2703 1830 2748 Hertetius.
1863 2730 1920 2739 --

1031 2759 1130 2801 MS.
1149 2759 1246 2800 Vat.
1271 2759 1398 2802 4498.
1429 2763 1665 2804 trutulens
1695 2769 1790 2810 est,
1827 2779 1922 2819 quo

1033 2816 1198 2858 firmari
1239 2815 1461 2871 vulgatam
1502 2819 1765 2877 scripturam
1801 2820 1929 2862 Tru-I

1030 2877 1259 2915 tulensem
1293 2881 1495 2930 apertum
1530 2884 1607 2918 est.
1682 2877 1924 2930 Bhenanus

1031 2931 1194 2988 aliique
1230 2931 1555 2975 substituebant
1583 2936 1918 2990 Rutupensem,

1027 2988 1103 3032 sed
1145 3004 1249 3030 cum
1293 2989 1421 3030 multi
1478 2990 1567 3032 sint
1605 2992 1652 3033 in
1692 2991 1921 3035 Britannia

1029 3056 1184 3104 portus
1232 3054 1527 3104 accurateque
1577 3049 1788 3106 distingui
1844 3066 1920 3092 ne-

1032 3102 1186 3162 queat,
1236 3119 1369 3159 quem
1419 3105 1672 3162 significare
1727 3108 1920 3151 voluerit

1030 3161 1247 3216 scriptor,
1290 3177 1560 3205 servandum
1604 3172 1713 3221 puto
1746 3164 1919 3206 Trutu—

1029 3223 1226 3260 lensem.

1089 3293 1209 3331 unde
1227 3292 1449 3343 proximo
1469 3294 1537 3334 lac
1544 3309 1617 3335 ere
1633 3294 1922 3335 Britanniae

1031 3351 1146 3388 lecto
1169 3349 1302 3389 omni
1320 3352 1540 3392 redierat.
1602 3350 1678 3392 Sic
1702 3350 1802 3394 MS.
1825 3350 1919 3393 Vat.

1032 3405 1160 3447 8429.
1200 3405 1293 3453 (sed
1328 3405 1374 3448 in
1407 3408 1606 3465 margine
1636 3407 1782 3450 idem:
1827 3409 1920 3459 „aL

1028 3465 1267 3516 praelecto
1279 3465 1326 3515 '')
1346 3473 1386 3504 et
1405 3464 1506 3507 edd.
1523 3475 1622 3506 ante
1639 3464 1921 3508 Rhenanum.

1038 3520 1076 3561 {s
1129 3520 1377 3577 corrigebat
1436 3525 1642 3571 exieram
1708 3521 1922 3566 Picbena:

957 3595 961 3598 ·
1031 3576 1255 3630 proximo
1297 3579 1437 3633 litore
1478 3580 1759 3623 Britanniae
1810 3583 1927 3623 lecto
