2150 4022
328 265 575 353 iuml
620 264 942 329 Aemo.
983 237 1219 350 vm
1262 268 1461 332 CAP.
1493 264 1596 328 40.
1631 269 1734 331 41.
1834 271 1958 333 201

108 399 331 470 officio,
369 409 551 456 noctu
572 397 638 453 in
660 397 870 455 urbem
887 443 903 468 ,
946 409 1128 455 noctu
1153 399 1217 454 in
1242 401 1558 475 palatium,
1598 399 1680 456 ita
1702 410 1769 457 ut
1789 421 1962 475 prae-

110 495 339 561 ceptum
382 495 539 553 erat,
594 483 784 540 venit:
830 494 1232 560 *exceptusque
1268 486 1436 541 brevi
1469 486 1669 542 osculo
1702 496 1759 542 et
1791 487 1961 543 nullo

106 589 374 627 sermone
414 569 622 636 turbae
660 568 1038 645 servientium
1076 570 1380 626 immixtus
1417 582 1518 627 est.
1606 581 1862 628 ceterum
1896 583 1963 630 ut

104 655 362 712 militare
410 674 659 724 nomen,
721 673 895 727 grave
930 654 1098 711 'inter
1147 655 1397 724 otiosos,
1465 655 1596 712 aliis
1641 656 1963 714 virtutibus

104 750 483 815 temperaret,
536 739 1027 816 tranquillitatem
1064 751 1238 816 atque
1284 740 1474 797 otium
1517 741 1752 815 penitus
1779 742 1961 813 auxit,

105 825 268 883 cultu
306 825 603 894 modicuS,
655 844 923 881 sermone
949 825 1170 895 facilis,
1221 845 1345 882 uno
1383 836 1484 882 aut
1514 827 1702 884 altero
1739 827 1963 885 amico-

104 930 239 968 rum
280 910 613 967 comitatus:
668 912 827 966 adeo·
845 922 913 967 ut
940 911 1239 987 plerique,
1287 909 1503 987 quibus
1528 931 1772 985 magnos
1801 914 1963 970 viros

106 1015 216 1071 per
259 995 643 1052 ambitionem
697 994 1003 1052 aestimare
1049 1015 1177 1052 mos
1224 1006 1339 1065 est,
1396 995 1524 1052 viso
1572 997 1963 1076 adspectoque

102 1079 380 1155 Agricola
406 1092 755 1158 quaererent
781 1081 998 1138 famam
1014 1126 1031 1151 ,
1065 1081 1239 1157 pauci
1265 1081 1814 1157 interpretarentur.

272 1217 431 1279 XLI.
475 1219 697 1278 Crebro
722 1240 828 1296 per
854 1238 953 1277 eos
979 1220 1102 1275 dies
1129 1221 1286 1295 apud
1309 1217 1722 1276 Domitianum
1750 1221 1960 1278 absens

103 1315 404 1361 accusatus
421 1349 437 1373 ,
482 1307 691 1362 absens
715 1306 1150 1365 absolutus-est.
1221 1325 1391 1362 causa
1422 1305 1674 1380 periculi
1698 1325 1822 1362 non
1845 1306 1962 1362 cri-

101 1408 240 1445 men
277 1389 468 1446 ullum
509 1402 611 1447 aut
647 1391 884 1467 querela
927 1390 1070 1446 laesi
1112 1390 1490 1467 cuiusquam,
1557 1390 1660 1446 sed
1696 1390 1962 1450 infensus

104 1473 426 1532 virtutibus
452 1476 726 1551 princeps
764 1487 820 1533 et
856 1476 1043 1550 gloria
1073 1475 1190 1532 viri
1226 1492 1292 1532 ac
1329 1476 1651 1550 pessimum
1685 1475 1963 1533 inimico-

100 1577 235 1615 rum
263 1578 476 1632 genUS,
523 1561 850 1619 laudantes,
940 1572 995 1617 et
1021 1581 1086 1617 ea
1111 1561 1369 1618 insecuta
1396 1571 1534 1617 sunt
1564 1560 1652 1617 rei
1686 1561 1960 1635 publicae

102 1654 398 1719 tempora,
442 1666 591 1723 quae
619 1646 781 1702 sileri
804 1641 1140 1719 Agricolam
1174 1665 1299 1703 non
1331 1646 1626 1716 sinerent3
1680 1657 1767 1704 tot
1796 1667 1961 1705 exer—
2001 1714 2011 1726 x

154 1873 454 1922 praeceptum
483 1874 607 1911 erat.
653 1866 734 1911 'Ita
756 1875 926 1911 veteres
949 1875 992 1911 et

102 1925 376 1967 recentiores
425 1925 656 1970 editiones.
736 1925 788 1967 ln
832 1925 992 1968 mediis

99 1980 369 2038 quibusdam
394 1982 633 2035 omissum,
663 1990 783 2028 erat.
825 1984 874 2026 B
885 1996 991 2042 ro·-

101 2039 311 2082 terius.

1063 1875 1158 1926 pot.
1197 1869 1338 1914 Dion.
1374 1869 1418 1921 Ξ,
1456 1869 1499 1912 2.
1539 1880 1812 1934 magnaque
1853 1883 1962 1912 cum

1064 1928 1315 1970 ambitione
1379 1926 1642 1981 Syracusas
1707 1928 1934 1981 perduxit
1945 1943 1963 1979 ‚-

1062 1984 1179 2027 Plin.
1195 1984 1417 2042 panegyr.
1440 2000 1479 2027 c.
1492 1982 1562 2033 83,
1576 1983 1616 2025 8.
1637 1998 1702 2026 an
1722 1999 1865 2040 quum
1885 1984 1962 2027 υἰ-

1061 2045 1186 2088 deat,
1218 2058 1361 2098 quam
1383 2049 1428 2083 te
1446 2044 1609 2084 nullus
1629 2049 1794 2093 terror,
1824 2043 1962 2088 nulla

1065 2099 1310 2142 comitetur
1351 2100 1568 2154 ambitio,
1625 2113 1720 2142 non
1765 2107 1811 2143 et
1852 2100 1961 2154 ipsa

157 2156 425 2200 immixtus.
502 2156 620 2202 Edd.
654 2157 758 2202 Put.
795 2156 910 2201 Ven.
952 2166 994 2201 et
1069 2172 1173 2200 cum
1199 2158 1383 2200 silentio
1407 2158 1604 2200 incedat.

100 2210 199 2258 Riv.
221 2214 514 2258 immixtum.

1123 2265 1613 2323 quaererentfamam
1625 2299 1638 2319 ,
1662 2267 1808 2321 pauci
1820 2268 1959 2311 inter·

1062 2331 1379 2379 pretarentur.
1437 2323 1559 2366 Bene
1581 2322 1838 2376 limenius,
1878 2341 1961 2367 cu-

1065 2383 1134 2424 ius
1155 2382 1290 2427 verba
1315 2379 1616 2429 transscribo:
1645 2378 1851 2439 plerique
1876 2381 1963 2425 de-

1066 2438 1317 2481 siderarent
1338 2437 1386 2480 in
1408 2453 1463 2479 eo
1485 2437 1798 2495 splendorem,
1824 2455 1960 2497 quem

160 2335 210 2369 ut
243 2329 454 2371 militare
487 2345 677 2374 nomen.
752 2328 856 2373 MS.
891 2329 993 2373 Vat.

101 2382 231 2427 3429.
260 2390 388 2441 (teste
412 2386 613 2442 Dronk.)
642 2388 718 2430 uti
743 2389 881 2430 milit.
909 2402 996 2429 no-

103 2456 210 2483 men
231 2473 245 2491 ‚
311 2443 434 2486 unde
489 2449 722 2502 receptum
782 2445 830 2487 in
890 2444 994 2488 edd.

101 2498 288 2544 Beckeri
311 2509 354 2544 et
376 2499 582 2546 Hertelii.

158 2611 429 2655 comitatus.
499 2610 734 2656 Passivum
766 2609 991 2668 significa-

102 2675 199 2711 tum
228 2667 333 2711 huic
362 2669 599 2726 participio
627 2668 890 2727 frequenter
913 2667 994 2710 de-

103 2723 168 2767 dit
201 2725 386 2773 Cicero‚
442 2727 567 2770 cuius
606 2726 731 2770 locos
760 2726 995 2783 *congessit

102 2782 347 2826 Forcellin.
375 2782 418 2829 b.
441 2800 507 2834 v.,
540 2783 652 2826 adde
679 2783 733 2826 de
757 2791 868 2826 orat.
893 2782 934 2832 3,
948 2783 991 2825 6.

101 2843 144 2894 §.
166 2839 268 2890 23.;
307 2841 479 2898 saepius
503 2840 623 2883 idem
647 2849 711 2883 est
735 2841 852 2899 apud
875 2839 995 2884 Ovi-

105 2894 229 2939 dium
252 2897 361 2940 Met.
385 2899 425 2948 2,
444 2898 544 2942 441.
583 2898 648 2950 18,
670 2899 769 2941 402.
802 2899 868 2950 14,
893 2899 994 2941 259.

105 2952 329 3011 Tempora
363 2954 483 2998 finita
517 2969 697 3013 quoque
720 2956 889 3013 passive
911 2971 995 3014 po·

106 3019 303 3066 nuntur,
347 3012 468 3056 velut
493 3029 515 3055 a
552 3013 610 3056 ud
634 3013 773 3056 Ovid.
796 3012 930 3057 Trist.
952 3013 995 3061 3,

105 3067 150 3115 7,
168 3067 238 3111 47.
259 3067 302 3111 et
327 3069 481 3113 lustin.
530 3073 572 3121 Ο,
593 3071 633 3121 2,
654 3072 697 3112 4.
759 3070 860 3113 Alia
878 3086 993 3129 par·
1021 3100 1030 3107 -

106 3124 283 3181 ticipia‚
324 3142 435 3183 quae
459 3127 524 3170 sic
545 3143 653 3171 usur
684 3134 841 3179 antur,
890 3128 994 3172 vide

108 3182 525 3249 apud'R-amshorn.
563 3201 608 3243 p.
675 3185 717 3226 6.
788 3184 997 3230 Benecke

109 3238 993 3352 3?0.2z??5a32232.21sh055;.tattae-

164 3420 248 3459 per
269 3406 577 3451 ambitionem
603 3409 873 3453 aestimare.
932 3409 995 3451 Ex

114 3461 224 3505 vitae
250 3462 486 3520 splendore
507 3474 550 3509 et
573 3482 817 3510 numeroso
842 3467 994 3510 eomi-

115 3526 222 3562 tatu.
281 3519 623 3566 Broterius.
709 3523 779 3567 cf.
833 3523 993 3568 Germ.

114 3591 153 3619 c.
177 3574 245 3619 2⁷.
255 3576 488 3631 funerum
506 3582 638 3623 nulla
660 3582 875 3631 ambitio3
909 3580 994 3623 Ne·

1065 2503 1188 2539 tanta
1225 2494 1347 2538 fama
1380 2495 1652 2551 postularet,
1694 2495 1766 2540 vix
1799 2497 1958 2541 crede-

1064 2562 1167 2596 rent
1198 2551 1319 2595 hune
1350 2567 1444 2594 esse
1479 2551 1608 2594 illum
1641 2560 1814 2596 tantum
1839 2563 1962 2599 tam-

1065 2626 1150 2668 que
1175 2609 1449 2653 celebratum
1473 2609 1650 2657 virum,
1691 2610 1823 2668 pauci
1855 2627 1959 2656 cau-

1067 2684 1133 2711 sas
1171 2666 1481 2723 requirerent,
1534 2675 1722 2724 propter
1756 2684 1867 2726 quas
1900 2669 1962 2714 ita

1066 2743 1111 2768 se
1135 2723 1363 2767 demiserit
1383 2730 1425 2765 et
1444 2723 1497 2766 ad
1519 2724 1616 2766 illas
1641 2727 1865 2783 angustias
1887 2743 1960 2770 re-

1065 2782 1250 2840 degerit.
1311 2779 1425 2823 Edd.
1458 2782 1664 2838 antiquae
1696 2791 1956 2840 quererent,

1064 2837 1290 2896 frequenti
1333 2837 1613 2882 confusione.
1681 2839 1798 2884 Vide
1836 2842 1984 2885 Bur-‹

1067 2912 1220 2939 mann.
1248 2895 1300 2938 ad
1318 2893 1480 2954 Quint.
1504 2895 1570 2948 12,
1591 2899 1659 2946 11,
1678 2897 1723 2941 2.
1744 2900 1959 2943 eundem-

1065 2970 1152 3012 que
1179 2953 1233 2996 de
1255 2953 1442 3009 eleganti
1468 2967 1697 3009 quaerere
1718 2955 1848 2999 verbi
1875 2973 1960 3000 usu

1066 3017 1384 3068 provocantem
1421 3010 1476 3053 ad
1507 3010 1674 3056 Graev.
1709 3013 1834 3056 Lect.
1870 3014 1960 3057 He·

1065 3070 1178 3112 siod.
1207 3084 1247 3110 c.
1276 3069 1343 3111 10.
1400 3066 1681 3114 Brouekhus.
1710 3069 1764 3112 ad
1787 3070 1974 3115 Tibull:

1064 3128 1106 3173 2,
1131 3126 1171 3177 3,
1191 3126 1262 3167 213.
1324 3124 1473 3167 Barth.
1509 3126 1564 3169 ad
1595 3127 1706 3170 stat.
1730 3127 1894 3172 Achill.
1916 3129 1959 3180 2,

1062 3185 1163 3226 211.
1227 3180 1427 3225 Rhenani
1451 3185 1780 3227 correctionem
1809 3200 1958 3240 quae-

1065 3247 1220 3282 rerent
1254 3248 1415 3282 tamen
1452 3256 1611 3292 nemo,
1652 3249 1700 3283 ut
1734 3257 1815 3298 par
1850 3253 1959 3295 erat,

1068 3297 1292 3356 probavit.
1316 3320 1368 3330 —
1418 3297 1511 3339 Pro
1540 3302 1682 3351 pauci
1699 3298 1746 3340 in
1770 3299 1956 3346 ed.Put.

1066 3371 1136 3412 pr.
1162 3354 1379 3412 scriptum
1404 3363 1470 3398 est
1489 3358 1671 3409 paucis.

1126 3464 1238 3508 CAP.
1272 3465 1346 3508 41.
1407 3466 1572 3507 absens
1603 3466 1844 3511 absolutus
1875 3476 1958 3513 est.

1068 3521 1239 3565 Anton.
1261 3522 1537 3579 Augustinus
1559 3530 1668 3565 teste
1691 3522 1863 3571 Ursino
1887 3524 1955 3570 le-

1068 3580 1196 3638 gebat
1217 3593 1442 3634 praesens
1468 3582 1706 3625 absolutus
1726 3588 1811 3630 est.
1871 3615 1873 3617 .
