2150 4022
233 303 362 362 280
745 298 867 361 DE
920 288 1568 368 ORATORIB'US

239 428 392 507 Apri
428 429 618 487 nostri
649 430 1115 490 accuratissimus
1139 451 1331 490 sermo
1345 477 1363 503 ‚
1421 453 1557 491 cum
1582 432 1931 494 Maternum
1947 477 1966 506 ,
2007 448 2084 494 ›ut

169 526 175 532 '
240 535 415 575 omne
441 516 746 588 ingenium
771 537 835 573 ac
859 518 1120 575 studium
1143 537 1316 574 suum
1337 518 1412 575 ad
1433 538 1635 578 causas
1659 522 1914 595 agendas
1932 540 2084 579 con·-

238 611 518 670 verteret,
562 596 897 659 exhortatus
922 614 1036 673 est,
1080 612 1135 658 et
1154 601 1415 660 Materni
1438 625 1547 680 pro
1577 605 1936 685 carminib-'us
1958 605 2085 664 suis

197 763 199 765 „
239 688 390 743 laeta
415 696 597 762 utque
622 697 821 761 poetas
845 687 1086 772 defendi
1114 688 1385 758 decebat,
1435 691 1748 748 audentior
1786 702 1844 749 et
1880 703 2086 768 poeta-

243 791 379 827 rum
409 791 584 847 quam
611 770 911 830 oratorum
935 769 1186 829 similior
1211 773 1419 834 oratio.

412 904 517 963 Me
548 929 724 987 vem,
777 910 1004 986 inquit,
1058 920 1114 966 et
1152 929 1342 967 sermo
1381 911 1506 987 ipse
1531 911 1763 970 infinita
1786 913 2087 989 voluptate

242 991 573 1064 adfecisset,
640 1006 813 1072 atque
864 996 927 1051 id
977 995 1173 1069 ipsum
1222 997 1500 1067 delectat,
1565 998 1725 1074 quod
1769 1014 1909 1069 voS‚
1970 999 2087 1056 viri

242 1078 452 1153 optimi
493 1090 550 1135 et
585 1091 919 1156 temporum
953 1091 1295 1138 nostrorum
1330 1093 1617 1154 oratoreS‚
1672 1101 1798 1139 non
1833 1083 2088 1140 forensi-

242 1164 355 1220 bus
414 1175 644 1221 tantum
704 1166 955 1239 negotiis
1018 1176 1075 1222 et
1130 1167 1546 1224 declamatorio
1602 1167 1796 1224 studio
1838 1168 2090 1242 'ingenia

241 1237 430 1306 vestra
458 1251 762 1321 exercetiS‚
807 1253 908 1307 sed
935 1252 1226 1309 eiusmodi
1255 1253 1431 1309 etiam
1458 1252 1883 1328 disputationes
1912 1255 2089 1312 adsu-

200 1748 203 1753 '
239 1742 465 1770 sermone·

237 1495 509 1540 vocabulum
577 1506 643 1542 est
709 1497 756 1542 in
822 1498 924 1543 MS.
987 1497 1128 1556 Neap-

236 1552 341 1597 edd.
377 1553 498 1613 Spir.
528 1554 634 1600 Ber.
677 1562 721 1598 et
763 1572 862 1614 sqq.
907 1555 1131 1606 omnibus,

238 1609 375 1669 idque
419 1629 441 1656 a
478 1611 645 1657 tissime
685 1613 897 1658 convenit
935 1613 1130 1656 interlo-

239 1669 388 1727 cutori
415 1687 438 1712 a
480 1686 608 1714 erum
641 1670 861 1714 refelienti
890 1670 1131 1714 intentiore

553 1729 702 1786 Aegre
748 1727 837 1773 fert
881 1727 1131 1776 Secundus,

241 1782 500 1828 Messallam
546 1786 698 1829 animo
740 1803 822 1830 suo
866 1786 1133 1829 informasse

241 1842 525 1895 sententiam,
553 1860 598 1887 se
619 1843 841 1911 ingratum
865 1844 964 1886 fore
984 1841 1133 1900 dispu-

239 1898 455 1944 tentibus.
530 1901 634 1944 Non
674 1901 811 1960 igitur
848 1900 1132 1959 probandum

242 1963 335 2011 est,
386 1959 646 2015 nuperrime
682 1975 706 2002 a
743 1957 924 2002 Dronk.
956 1956 1130 1999 Osann.

240 2011 387 2071 Orell.
436 2015 627 2059 alterum
679 2018 867 2060 minime
917 2015 1130 2056 omissum

242 2086 362 2123 esse,
419 2082 468 2116 ut
503 2074 673 2117 facturn
711 2082 776 2116 est
808 2073 914 2115 item
948 2072 994 2113 in
1030 2071 1130 2113 edd.

242 2124 345 2170 Put.
359 2128 456 2175 Riv.
475 2139 518 2173 et
533 2130 650 2173 lunt.
667 2164 690 2185 ‚b
705 2130 965 2188 praesertim
988 2144 1130 2185 quum

241 2200 329 2229 vox
368 2187 552 2244 repetita
591 2187 663 2231 vel
701 2189 850 2246 potius
888 2189 1130 2247 repetenda

242 2243 417 2301 saepius
455 2240 504 2290 in
548 2245 652 2290 edd.
699 2253 808 2290 vett.
850 2243 1014 2287 omissa
1058 2242 1129 2284 sit.

242 2298 382 2344 Nihili
416 2310 504 2354 est,
548 2303 668 2361 quod
703 2301 877 2346 Osann.
910 2299 1135 2358 opinatur,

244 2357 533 2403 scribendum
576 2359 736 2406 fuisse:
792 2358 1008 2413 Minime,
1059 2359 1130 2402 in-

243 2416 343 2471 quit
352 2417 592 2463 Secundus
603 2450 617 2474 ,
649 2417 859 2461 minime.

299 2534 595 2576 exhortatus.
657 2531 757 2576 MS.
778 2530 919 2588 Ne'ap.
946 2536 989 2573 et
1021 2530 1133 2570 hor-

248 2594 391 2632 tatus.
433 2615 491 2624 —
559 2591 652 2633 Pro
705 2597 843 2645 utque
893 2586 965 2630 ed.
1011 2586 1134 2645 Spir.

248 2652 444 2702 uterque
474 2671 531 2681 -
562 2647 651 2690 Pro
673 2648 860 2690 decebat
877 2643 1134 2704 MS.Neap.

245 2709 289 2744 et
311 2703 381 2747 ed.
397 2703 516 2762 Spir.
537 2707 760 2755 docebat5
788 2703 893 2746 edd.
915 2702 1017 2744 Put.
1036 2701 1135 2744 Riv.

244 2762 453 2813 dz‘eebat;
501 2762 624 2820 quod
656 2777 778 2806 nunc
816 2759 1002 2816 legitur,
1043 2758 1134 2803 Be·-

243 2818 388 2862 roaldi
412 2819 600 2865 debetur
622 2816 941 2864 emendationi.

301 2933 567 2977 audentior.
636 2932 712 2977 Sic
753 2931 803 2976 in
845 2931 944 2980 mar
977 2964 988 2977 .
1032 2931 1135 2978 edd.

249 2987 464 3033 Francos.
510 2999 554 3034 et
597 2989 758 3038 Colon.
801 2991 919 3049 apud
947 2948 1138 3034 ffironk.

240 3056 629 3096 ammonitarum.
669 3049 772 3092 dein
807 3049 856 3090 in
893 3047 994 3092 edd.
1017 3046 1135 3104 Lips.

240 3100 368 3147 Pium.
391 3110 432 3146 et
453 3121 550 3162 sqq.
574 3129 629 3137 --
662 3109 893 3149 audenter
913 3105 1011 3148 edd.
1032 3111 1139 3149 vett.

249 3159 383 3218 Lipsii
418 3177 573 3205 errore
604 3163 797 3223 quodam
833 3162 879 3206 in
911 3162 1011 3206 edd.
1045 3162 1139 3204 eius

248 3223 296 3259 et
342 3225 444 3261 ante
485 3227 742 3275 poetarum
787 3219 1004 3263 omissum
1053 3225 1142 3270 est;

247 3274 461 3331 copulam
504 3278 754 3320 necessario
796 3276 969 3334 requiri
1007 3275 1142 3320 sensit

250 3330 288 3376 1.
313 3332 388 3376 Fr.
413 3333 624 3378 Gronov.
648 3332 842 3392 ideoque
859 3340 1136 3390 poetarum-

238 3403 337 3445 -que
356 3391 550 3449 scripsit.
607 3390 695 3434 Sed
717 3405 856 3448 quum
878 3399 922 3432 et
945 3391 990 3433 in
1016 3389 1140 3433 libris

249 3461 387 3490 manu
411 3447 587 3505 scriptis
611 3454 654 3491 et
674 3447 775 3492 edd.
797 3456 904 3494 vett.
932 3447 1126 3491 exhibea-

249 3510 349 3554 tur,
387 3505 662 3549 restituenda
688 3512 751 3547 est
776 3504 955 3561 copula.
1014 3504 1131 3555 [Ru-

249 3568 362 3617 pert.
398 3562 573 3614 omisit,
610 3561 712 3620 quia
752 3561 951 3619 „copula
989 3562 1137 3608 minus

248 3624 349 3678 apta
371 3627 436 3665 est
460 3636 595 3681 quam
623 3618 981 3680 appositio.’'?].

1199 3040 1346 3097 'neat5
1398 3061 1438 3088 c.
1476 3046 1545 3089 15.
1583 3062 1688 3089 cum
1725 3075 1738 3090 .
1767 3079 1780 3092 .

1259 1513 1382 1545 vero.
1444 1498 1685 1544 Rhenanus
1707 1499 1966 1551 emendavit
1981 1502 2092 1548 edd.

1203 1557 1563 1601 antecedentium
1578 1557 1965 1613 lectionem-curru
2000 1567 2090 1605 tam

1202 1629 1326 1657 vere.
1356 1641 1416 1651 -
1459 1612 1551 1657 Pro
1573 1613 1823 1670 adfecisset
1836 1614 1940 1661 MS.
1994 1633 2091 1676 nep.

1202 1672 1426 1727 affecisse.
1480 1699 1540 1709 —
1608 1668 1786 1715 Deinde
1833 1671 2091 1721 Heumann.

1202 1737 1394 1784 temere,
1418 1736 1468 1772 ut
1488 1727 1626 1780 solet,
1652 1729 1974 1786 corrigendum
1994 1747 2093 1780 sua·

1205 1786 1364 1830 debat:
1415 1795 1467 1830 ut
1495 1801 1652 1830 sermo
1683 1786 1782 1842 ipse
1812 1815 1828 1831 .
1851 1817 1912 1839 ..⁴
1940 1791 2011 1832 ita
2041 1790 2094 1834 da

1203 1847 1372 1899 ipsum.
1420 1867 1478 1877 -
1538 1842 1749 1901 Denique
1781 1845 1830 1895 :fd
1861 1841 2091 1892 edd.Put.

1203 1910 1247 1946 et
1265 1901 1368 1948 Riv.
1391 1910 1690 1960 corruperunt
1711 1899 1761 1944 in
1783 1905 1861 1948 ad.
1908 1949 1911 1951 μ

1261 2021 1528 2069 temporum
1559 2022 1829 2059 nostrorum
1860 2027 2090 2065 oratores.

1201 2070 1330 2116 Hanc
1355 2073 1557 2115 omnium
1592 2071 1814 2116 librorum
1849 2073 2092 2121 lectionem

1201 2143 1296 2173 non
1339 2127 1567 2172 ferendam
1610 2129 1826 2187 putabant
1869 2134 2093 2186 nonnulli.

1202 2187 1364 2244 quibus
1400 2195 1610 2229 oratores
1649 2185 1745 2230 sine
1790 2188 1983 2247 epitheto
2027 2186 2092 2235 ffi-

1200 2251 1325 2287 ctum
1362 2243 1567 2300 frigebat.
1630 2243 1922 2305 Quapropter
1957 2246 2092 2293 Ursi·

1203 2316 1289 2344 nus
1330 2308 1374 2344 et
1404 2300 1637 2352 Muretus,
1685 2303 1848 2356 optimi
1880 2304 2093 2352 excidisse

1203 2358 1503 2401 existimantes
1529 2389 1541 2409 ,
1622 2359 1957 2406 coniiciebant:
2048 2373 2094 2408 et

1199 2416 1374 2471 optimi
1404 2423 1548 2469 temp.
1578 2425 1698 2460 nost.
1728 2426 1880 2473 orat.;
1920 2419 2094 2466 Acida-

1204 2472 1314 2517 iius:
1359 2479 1404 2515 et
1435 2481 1575 2527 temp.
1606 2481 1728 2517 nost.
1759 2485 1882 2521 orat.
1909 2477 2098 2534 optima}

1205 2529 1629 2574 Schurzsseischius:
1689 2535 1812 2587 quod
1858 2549 1938 2579 vos
1987 2532 2095 2582 vere

1205 2588 1375 2641 optimi
1435 2597 1578 2642 temp.
1640 2597 1795 2634 nostr.
1863 2600 2095 2644 oratores,

1207 2661 1342 2703 quam
1402 2644 1762 2690 emendationem
1813 2647 1995 2695 schulz.
2047 2651 2096 2696 in

1207 2710 1326 2747 textu
1369 2717 1537 2761 ponere
1579 2716 1711 2746 ausus
1755 2712 1837 2748 est.
1926 2706 2095 2760 Omnia

1208 2761 1321 2805 bene
1350 2776 1396 2803 se
1428 2759 1612 2808 habent,
1656 2776 1760 2804 nam
1785 2777 1889 2806 cum
1915 2764 1953 2807 vi
1977 2760 2097 2811 diei-

1208 2825 1282 2861 tur
1305 2825 1532 2867 oratoreS,
1552 2817 1655 2873 quia
1675 2817 1751 2862 ina
1774 2826 1915 2865 aetate
1936 2834 2095 2882 magna

1209 2873 1304 2919 laus
1327 2882 1419 2918 erat
1441 2873 1591 2918 haberi
1617 2883 1659 2918 et
1685 2877 1898 2934 appellari
1931 2889 2094 2924 orato-

1209 2945 1327 2976 rem.
1387 2930 1448 2975 cf.
1491 2946 1530 2974 c.
1566 2933 1604 2977 l.
1633 2941 1799 2976 nostra
1830 2943 1970 2981 oetas
2006 2968 2022 2984 .
2040 2969 2056 2983 .
2076 2969 2093 2984 .

1210 2989 1293 3031 vix
1331 3003 1500 3038 nomen
1539 2991 1694 3044 ipsum
1731 2994 1939 3037 orator-ale
1973 2997 2093 3040 reei-

1809 3080 1823 3093 .
1855 3054 2094 3097 neminem

1208 3105 1292 3146 hoc
1328 3111 1537 3159 tempore
1571 3111 1811 3148 oratorem
1844 3121 1943 3152 esee
1978 3125 2096 3154 eon-

1211 3163 1424 3203 tenderes
1436 3178 1450 3212 ;
1482 3175 1521 3204 c.
1548 3160 1618 3213 32.
1643 3169 1695 3203 ut
1716 3165 1829 3206 deni
1856 3180 1913 3208 ue
1938 3176 2094 3213 orato·

1210 3232 1314 3261 rem
1340 3233 1434 3260 esse
1442 3217 1680 3272 fateatur.
1712 3248 1770 3261 ...-
1866 3238 1920 3266 ro
1941 3233 1986 3267 et
2008 3230 2095 3269 de·-

1209 3277 1347 3321 elam.
1365 3279 1487 3318 stud.
1512 3276 1582 3320 ed.
1596 3276 1717 3336 Spir.
1738 3281 1822 3321 sed
1837 3283 1953 3326 decl.
1972 3288 2094 3330 stud.

1268 3389 1531 3435 adsumtcis.
1591 3390 1726 3437 MSS.
1746 3391 1885 3451 Neap.
1910 3395 2092 3457 [Fam]

1207 3454 1250 3492 et
1267 3445 1434 3490 Vaticc.
1454 3447 1577 3489 1862.
1593 3448 1720 3492 4498.
1741 3455 1997 3509 assumitis,
2029 3454 2095 3498 in·

1208 3504 1352 3560 deque
1371 3505 1636 3550 translatum
1657 3506 1702 3549 id
1725 3505 1773 3549 in
1795 3507 2094 3557 edd.Dronk.

1208 3561 1383 3605 Osann.
1429 3560 1575 3609 Orell.
1622 3561 1786 3618 [Bekk.
1829 3574 1875 3609 et
1914 3568 2093 3612 Bomi-

1209 3618 1353 3677 εὕει]
1385 3641 1442 3654 -
1484 3618 1582 3667 Ms.
1609 3620 1705 3664 Vat.
1734 3619 1860 3668 1518.
1881 3633 1928 3669 et
1946 3628 2092 3674 sumn·-
