2150 4022
351 244 595 308 loru
638 241 966 304 Acme.
1014 219 1250 305 vr'rA
1291 243 1739 309 mnsam.
1851 251 1971 308 187

122 381 327 451 „tibus
363 375 888 453 periculosissima,
951 393 1102 450 quae
1155 368 1334 431 hodie
1376 377 1769 451 prosperrima
1814 390 1970 438 sunt.

121 483 361 540 „neque
397 462 557 517 enim
594 460 768 516 nobis
790 471 891 516 aut
918 459 1183 515 locorum
1211 461 1410 516 eadem
1437 461 1648 519 notitia
1675 473 1776 519 aut
1807 484 1970 520 com-

121 560 470 620 „meatuum
501 547 704 602 eadem
729 544 1120 601 abundantia:
1177 546 1276 600 sed
1305 566 1514 602 manus
1542 558 1598 603 et
1626 568 1787 604 arma
1818 560 1874 605 et
1903 549 1968 605 in

123 630 264 705 „his
298 632 515 690 omnia.
602 631 764 707 quod
793 632 869 686 ad
893 650 986 685 me
1009 629 1256 697 attinet,
1293 628 1409 684 iam
1434 631 1662 705 pridem
1688 628 1839 688 mihi
1866 635 1969 689 de·-

121 730 395 789 „cretum
437 728 552 784 est,
617 736 807 791 neque
859 715 1142 771 exercitus
1190 734 1382 790 neque
1425 717 1591 772 ducis
1636 729 1794 791 terga
1842 729 1969 775 tuta

119 823 306 874 „esse.
403 801 655 878 proinde
694 813 750 858 et
788 796 1030 855 honesta
1069 818 1231 855 mors
1268 799 1429 874 turpi
1462 801 1582 857 vita
1624 804 1846 877 potior-3
1914 815 1972 861 et

118 888 541 959 „incolumitas
571 907 637 943 ac
664 887 846 943 decus¹
868 887 1070 942 eodem
1101 884 1230 940 loco
1259 884 1368 940 sita
1398 897 1553 945 sunt.
1640 909 1748 944 nec
1775 888 1970 962 inglo-

116 975 316 1044 „rium
337 974 514 1030 fuerit
542 972 605 1027 in
629 972 756 1046 ipso
784 983 1071 1027 terrarum
1094 990 1159 1026 ac
1182 981 1426 1026 naturae
1447 971 1563 1026 fine
1588 974 1880 1034 cecidisse.
1893 973 1920 993 '⁹

285 1097 568 1157 XXXIV.
611 1097 728 1167 „Si
761 1116 946 1153 novae
982 1107 1180 1169 gentes
1215 1107 1389 1172 atque
1415 1094 1615 1169 ignota
1647 1097 1798 1153 acies
1826 1119 1972 1155 con-

118 1185 433 1256 ‚,stitisset‚
498 1172 752 1240 aliorum
794 1181 1155 1238 exercituum
1198 1180 1497 1256 exemplis*
1526 1201 1632 1237 vos
1682 1177 1971 1244 hortarer.

121 1291 330 1341 „nunc
367 1281 557 1326 vestra
591 1271 799 1324 deeora
841 1278 1162 1335 recensete,
1214 1278 1440 1324 vestros
1476 1267 1679 1323 oculos
1714 1267 1972 1326 interro-

119 1366 311 1429 „gate.
366 1354 412 1410 ii
438 1365 603 1422 sunt,
628 1372 777 1430 quos
804 1352 1070 1428 proximo
1095 1371 1252 1409 anno
1276 1372 1458 1408 unam
1485 1352 1782 1425 legionem
1810 1355 1970 1411 furto

7 1508 19 1520 κ
58 1500 78 1507 Δ,
121 1440 358 1510 „noctis
386 1441 688 1513 adgressos
715 1439 969 1494 clamore
997 1437 1359 1494 debellastis:
1404 1437 1450 1492 ii
1478 1449 1807 1494 ceterorum
1830 1437 1971 1496 Bri-

117 1537 486 1596 „tannorum
544 1523 904 1598 fugacissimi
963 1523 1214 1599 ideoque
1271 1533 1390 1578 tarn
1454 1522 1561 1578 diu
1615 1526 1971 1598 superstiteS.

115 1610 480 1683 „Quomodo
531 1610 706 1665 silvas
754 1609 1049 1684 saltusque
1096 1606 1540 1683 penetrantibus
1581 1608 1969 1667 fortissimum

115 1696 440 1772 „quodque
485 1695 706 1750 animal
745 1705 947 1750 contra
988 1713 1190 1762 ruere,
1240 1693 1450 1767 pavida
1493 1703 1549 1749 et
1583 1691 1796 1751 inertia
1840 1695 1968 1770 ipso

116 1780 416 1854 „agminis
443 1800 588 1836 sono
618 1779 949 1854 pelluntur:
996 1779 1077 1834 sic
1107 1778 1377 1834 acerrimi
1398 1774 1827 1835 Britannorum
1853 1781 1973 1841 iarn

76 1861 82 1871 ’
117 1866 390 1944 „pridem
422 1865 784 1922 ceciderunt:
825 1864 1092 1940 reliquus
1119 1874 1204 1919 est
1228 1882 1513 1919 numerus
1537 1862 1889 1936 ignavorum
1916 1877 1974 1924 et

118 2088 168 2132 in
197 2089 385 2131 theatro
416 2094 604 2130 actores
631 2087 786 2128 malos
811 2085 1007 2140 perpeti.

116 2146 207 2190 Sed
241 2154 451 2189 constans
479 2144 621 2189 Taciti
656 2159 764 2188 usus
795 2141 1010 2199 efflagitat

117 2205 200 2246 ica.
240 2203 301 2247 cf.
327 2205 417 2249 An.
445 2206 482 2255 1,
506 2203 549 2245 8.
575 2203 643 2248 12.
666 2201 737 2245 28.
761 2201 832 2243 42.
857 2200 977 2244 alibi.

175 2277 330 2318 hodie.
387 2276 416 2318 i.
437 2292 475 2318 e.
503 2290 554 2316 eo
579 2283 720 2325 statu,
761 2288 850 2328 quo
876 2271 1006 2315 hodie

117 2348 380 2380 versamur.
443 2332 700 2388 oppositum
748 2339 813 2372 e-st
858 2330 1006 2386 fugae.

118 2390 302 2432 Frustra
343 2388 611 2432 coniiciebat
648 2387 879 2430 Ernestius
922 2389 1005 2428 ho·-

116 2449 259 2488 stium
282 2446 569 2489 scribendum
591 2461 701 2487 esse.

177 2520 414 2560 decretum
451 2524 545 2571 est,
588 2530 738 2572 neque
763 2548 774 2561 .
802 2549 812 2559 .
839 2548 850 2560 .
870 2546 883 2560 0
907 2525 1010 2559 tuta

122 2590 235 2618 esse.
292 2574 643 2626 Decernuntur,
673 2590 784 2631 quae
805 2574 1011 2617 facienda

118 2639 248 2680 sunt,
302 2648 395 2674 non
438 2632 566 2682 item,
624 2647 735 2689 quae
767 2632 857 2674 iam
888 2641 1007 2674 sunt.

120 2689 275 2746 Quare
292 2699 392 2746 post
404 2693 642 2733 decretum
665 2698 731 2730 est
753 2689 1008 2734 addendum

120 2756 213 2790 erat
237 2747 474 2792 consitium
491 2780 501 2797 ,
537 2747 659 2803 quod
686 2748 853 2804 ceperit
875 2745 1008 2802 Agri·

121 2805 247 2852 cola,
278 2804 409 2846 malle
434 2821 478 2846 se
505 2814 696 2846 mortem
723 2804 848 2846 obire
872 2819 1007 2861 quam

120 2861 273 2920 fugere
293 2862 414 2903 ethis
430 2861 736 2919 subiungenda
753 2860 882 2908 ratio,
905 2861 1010 2918 quia

122 2934 268 2978 neque
303 2920 519 2962 exercitus
553 2935 699 2976 neque
729 2919 857 2962 ducis
888 2926 1008 2974 terga

123 2985 216 3019 tuta
251 2977 351 3022 sint.
414 2976 646 3032 Eleganter
681 2992 788 3019 vero
820 2977 1008 3019 atterum

121 3033 234 3078 illud
258 3033 405 3075 omisit
427 3036 645 3089 scriptor,
686 3043 836 3092 utpote
863 3050 885 3076 e
905 3049 1014 3077 sen·-

124 3091 363 3134 tentiarum
400 3106 509 3132 nexu
545 3090 663 3133 faciti
693 3091 874 3148 negotio
902 3107 1012 3147 sup-

123 3150 355 3208 plendum.
416 3147 477 3193 cf.
501 3157 594 3189 not.
619 3149 672 3191 ad
698 3151 784 3193 An.
814 3149 880 3196 15,
907 3151 945 3191 1.

182 3231 293 3277 CAP.
324 3231 394 3274 34.
443 3232 582 3288 surm
615 3233 776 3274 noctis.
834 3231 1012 3274 Contu-

126 3288 177 3331 lit
201 3289 422 3345 aptissime
449 3292 517 3332 ed.
542 3290 721 3347 Bipont.
748 3289 870 3346 virg.
894 3290 1007 3331 Aen.

125 3347 167 3394 9,
190 3347 290 3389 697.
308 3347 487 3402 fraude
512 3348 656 3389 noctis
666 3363 681 3396 ‚¹
721 3347 847 3389 Curt.
875 3349 915 3397 4,
946 3345 1010 3392 13,

126 3401 170 3446 9.
203 3419 336 3445 meae
366 3405 544 3457 gloriae
577 3435 588 3449 .,
611 3436 621 3446 .
645 3404 835 3458 furtum
862 3405 1011 3445 noctis

130 3462 315 3501 obstare
346 3476 437 3501 mm
471 3463 662 3512 patiar,-
713 3464 879 3514 palam
913 3463 1011 3501 luce

127 3519 322 3569 adgredi
337 3528 513 3559 certum
535 3526 625 3569 esc,
651 3515 767 3561 unde
780 3516 1012 3561 Claudiani

129 3573 237 3617 illud
290 3574 337 3618 in
390 3575 465 3618 Vt.
517 3576 738 3622 consulat.
822 3573 1015 3620 uouorii

1079 2101 1125 2129 v.
1160 2082 1261 2130 477.
1302 2083 1418 2126 Ecce
1450 2085 1626 2136 virum,
1680 2087 1816 2128 taciti
1837 2090 1975 2133 nulla

1078 2144 1158 2198 qui
1183 2140 1370 2197 fraude
1412 2144 1596 2196 soporis
1638 2142 1762 2186 Ense
1801 2148 1973 2199 palam

1077 2202 1169 2243 sibi
1182 2199 1353 2254 pandit
1374 2202 1462 2242 iter
1486 2210 1572 2243 etc.

1564 2282 1664 2330 MS.
1699 2283 1801 2329 Vat.
1842 2286 1973 2333 3429.

1080 2348 1191 2383 teste
1227 2339 1406 2382 Dronk.
1451 2338 1552 2382 edd.
1584 2340 1771 2386 Becker.
1800 2342 1973 2390 Hertel.

1079 2399 1130 2441 hi
1165 2407 1382 2448 celerata,
1429 2413 1514 2456 qua
1553 2397 1822 2442 confusione
1862 2402 1971 2446 nihit

1081 2455 1149 2497 fre
1185 2452 1379 2499 uentius.
1442 2452 1501 2496 ef.
1534 2454 1587 2496 ad
1622 2456 1714 2498 An.
1742 2458 1778 2507 l,
1799 2458 1871 2500 22.
1903 2459 1976 2513 13,

1085 2515 1124 2554 1.
1159 2515 1228 2554 “’1.
1265 2513 1331 2562 14,
1366 2512 1436 2554 15.
1471 2511 1536 2562 15,
1557 2512 1628 2556 59.
1686 2512 1799 2558 Hist.
1828 2514 1871 2565 3,
1902 2517 1972 2565 82.

1084 2568 1241 2614 Germ.
1267 2585 1309 2613 c.
1332 2569 1402 2611 25.

1134 2285 1169 2326 ii
1207 2292 1486 2326 ceterorum.

1124 2652 1453 2709 fortissimum
1512 2655 1722 2710 quodque
1788 2658 1977 2701 animal

1080 2718 1244 2754 contra
1266 2724 1420 2756 ruere.
1464 2708 1538 2753 Sic
1551 2711 1651 2754 MS.
1671 2709 1814 2756 vatic.
1829 2715 1971 2767 3429..

1081 2768 1182 2811 edd.
1206 2768 1379 2810 Broter.
1404 2766 1582 2824 Bipont.
1608 2766 1769 2815 Oberl.
1792 2769 1976 2820 Dronk.

1082 2824 1266 2869 Becker.
1302 2824 1470 2866 Hertel.
1514 2823 1700 2869 Bekker.
1744 2851 1799 2860 —
1857 2832 1970 2876 cmi-

1081 2886 1184 2926 mal
1201 2897 1341 2925 ruere
1367 2882 1534 2927 omisso
1554 2890 1721 2925 cantra
1744 2885 1844 2930 edd.
1873 2887 1970 2931 Pu-

1080 2940 1185 2984 teol.
1213 2955 1280 2999 pr.
1306 2937 1496 2985 Modiol.
1524 2939 1680 2986 venet.
1705 2940 1768 2995 (in
1792 2959 1841 2985 ea
1867 2944 1974 3002 legi-

1083 3007 1158 3041 tur
1205 2998 1417 3056 quotque)
1444 2995 1621 3042 “Alciah
1665 3002 1730 3051 [et
1773 3005 1970 3059 nuperi.

1084 3055 1345 3106 BekkerusJ.
1377 3080 1436 3090 —-
1494 3052 1733 3099 Rhenanus
1766 3059 1968 3117 corrige-

1082 3115 1156 3158 hat
1201 3114 1394 3159 robore,
1454 3114 1577 3171 quod
1618 3114 1856 3172 probatum
1904 3127 1972 3162 est

1082 3172 1136 3214 ab
1195 3168 1404 3211 omnibus
1464 3170 1518 3213 ad
1570 3169 1826 3214 Broterium
1890 3189 1968 3218 us..

1084 3244 1170 3284 que
1233 3225 1482 3268 editoribus
1551 3226 1748 3284 itemque
1809 3230 1971 3274 defen-

1082 3300 1181 3327 sum
1208 3299 1230 3326 a
1255 3282 1541 3327 Watehium.
1603 3284 1643 3325 ls
1670 3300 1750 3341 per
1785 3301 1973 3344 zeugma

1080 3341 1136 3385 ad
1163 3343 1327 3388 robore
1350 3341 1553 3396 intelligit
1580 3346 1861 3392 caeduntur,
1892 3348 1972 3390 sed

1082 3400 1177 3440 iure
1217 3405 1264 3439 tu
1309 3397 1605 3458 quaesiveris,
1659 3408 1807 3441 utrum
1850 3412 1971 3447 recte

1081 3456 1215 3498 caedi
1250 3462 1294 3496 et
1326 3457 1442 3508 pelli
1477 3456 1612 3497 verba
1649 3454 1733 3497 sibi
1766 3462 1974 3515 opposita

1083 3513 1338 3556 iudicentur
1359 3528 1522 3561 necne,
1546 3528 1682 3569 quum
1706 3514 1853 3569 potius
1873 3518 1969 3574 pul-

1084 3571 1141 3614 sis
1177 3570 1208 3612 i.
1244 3586 1281 3614 e.
1315 3569 1588 3628 fugientibus
1624 3572 1849 3616 contraria
1881 3576 1971 3621 siut
