2150 4022
352 254 599 336 lu'Ln
639 249 974 334 Aemo.
1020 272 1258 333 vrrA
1311 273 1509 342 cAP.
1542 274 1645 339 35.

1768 251 1769 256 ‘
1804 279 1919 338 191

70 417 310 484 perante
344 401 606 462 hostium
627 403 1008 460 multitudine
1037 403 1288 474 veritUS,
1331 426 1407 462 ne
1439 406 1616 464 sinml
1652 405 1721 463 in
1755 407 1925 464 fron-

69 505 214 562 tem,
257 491 433 548 simul
461 501 519 546 et
541 489 725 546 latera
750 508 993 545 suorum
1019 502 1412 563 pugnaretur,
1463 491 1722 550 diductis
1757 492 1924 548 ordi-

68 579 272 646 nibus,
324 595 665 653 quanquam
695 574 1022 648 porrectior
1056 573 1207 656 acies
1246 575 1444 632 futura
1480 589 1607 635 erat
1639 589 1696 635 et
1731 596 1924 634 arces-

63 663 276 727 sendas
323 660 591 736 plerique
647 659 908 732 legiones
963 659 1392 737 admonebant,
1471 663 1804 739 promptior
1855 663 1924 719 in

68 767 260 821 spem,
315 757 373 802 et
407 746 610 802 firmus
647 745 940 814 adversis,
997 745 1238 801 dimisso
1269 764 1418 821 equo
1447 749 1624 822 pedes
1654 759 1789 806 ante
1818 768 1923 807 ve-

66 832 204 888 xilla
231 831 510 890 constitit.
559 853 563 858 ·

66 1020 212 1064 Rhen.
238 1028 282 1063 et
306 1019 527 1064 cod.Vat.
543 1017 667 1062 3429.
686 1017 957 1077 scripturam

66 1079 195 1122 rediit
219 1094 407 1136 eamque
429 1078 646 1121 acerrime
671 1077 882 1119 defendit.
916 1076 958 1118 ls

70 1152 180 1180 vero
205 1135 369 1179 docere
392 1145 605 1185 conatur,
635 1136 897 1177 couinarius
915 1138 961 1173 et

65 1208 202 1249 eques
242 1210 324 1251 per
363 1193 552 1252 figuram
591 1192 855 1249 Hendiadyn
891 1206 957 1231 ex-

65 1251 272 1307 plicanda
321 1267 438 1301 esse,
492 1250 554 1293 uti
599 1249 837 1291 Homerica
883 1245 958 1289 illa

66 1310 280 1351 ἵπποισιν
321 1311 398 1351 καὶ
438 1304 643 1366 ἅρμασιν
687 1315 728 1348 et
759 1304 960 1349 Caesaris

65 1365 168 1410 bell.
192 1365 296 1424 gall.
308 1365 352 1420 4,
364 1366 438 1408 24.
460 1366 726 1419 praemisso
752 1364 961 1417 equitatu

67 1430 113 1464 et
168 1424 440 1478 essedariis,
509 1423 612 1480 quia
653 1421 851 1478 xomnino
907 1420 960 1460 de

66 1479 327 1524 discrimine
366 1480 487 1523 inter
521 1479 764 1538 equitatum
801 1486 843 1520 et
872 1492 960 1540 eos,

65 1536 143 1595 qui
177 1537 231 1580 de
255 1537 464 1583 curribus
486 1545 685 1595 pugnant
710 1533 960 1590 (essedariis

68 1595 156 1638 sive
198 1594 463 1648 covinariis)
510 1593 698 1650 cogitari
745 1598 962 1655 nequeat}

67 1653 218 1696 Melae
238 1667 347 1694 vero
371 1652 524 1694 locum
544 1651 584 1701 3,
600 1652 643 1693 6.
671 1658 789 1693 tanta
814 1662 961 1707 premi

66 1708 364 1760 obscuritate,
419 1716 465 1750 ut
503 1708 602 1752 veri
643 1707 810 1764 aliquid
857 1705 959 1746 inde

66 1766 282 1824 colligere
307 1767 447 1823 possit
470 1781 622 1809 nemo.
684 1765 802 1807 Haec
817 1762 960 1805 Wal-

66 1823 223 1875 chius,·
308 1823 540 1867 videamus
606 1823 692 1866 iam
765 1817 958 1876 singula.

66 1880 216 1924 Melae
241 1880 392 1928 verba,
425 1897 471 1922 ex
498 1879 658 1936 quibus
686 1888 779 1922 tota
800 1893 870 1920 res
890 1891 957 1917 ex·

64 1938 305 1998 plicabitur
337 1938 533 1995 egregie,
575 1937 684 1981 haec
716 1944 844 1979 sunt:
883 1937 958 1975 di-

64 1998 238 2040 micant
257 2010 352 2037 non
373 1997 581 2051 equitatu
602 1997 742 2036 modo
767 1999 851 2034 aut
866 2007 957 2046 pe-

64 2055 185 2102 dite,
234 2067 398 2095 verum
435 2062 478 2094 et
517 2054 631 2106 bigis·
669 2060 714 2094 et
749 2053 958 2094 curribus

62 2108 245 2154 Gallice
287 2111 492 2152 armati:
541 2111 724 2152 caminos
770 2116 952 2160 vocant,

65 2182 264 2224 quorum
293 2167 489 2223 falcatis
525 2169 699 2210 axibus
742 2173 955 2212 utuntur,

64 2241 154 2283 quo
178 2225 357 2284 quidem
383 2224 485 2267 loco
511 2224 629 2267 inter
651 2223 845 2281 equites,
884 2239 953 2279 pe-

32 2323 36 2329 .
64 2283 174 2327 dites
198 2297 363 2340 eosque
387 2282 536 2339 quide
557 2282 735 2326 covinis
752 2288 957 2339 pugnant

64 2337 257 2384 discerni
299 2355 432 2381 nemo
476 2354 568 2382 non
616 2338 753 2382 videt.
829 2338 954 2379 ldem

65 2397 306 2439 discrimen
350 2394 466 2452 apud
509 2394 704 2438 Gallicas
749 2394 955 2437 nationes

65 2452 276 2496 exstitisse
298 2451 502 2510 pluribus
529 2451 640 2494 locis
666 2449 955 2495 confirmavit

65 2511 248 2561 Caesar,
277 2509 396 2552 velut
419 2508 536 2551 Bell.
557 2508 674 2552 Gall.
693 2509 734 2559 4,
755 2509 825 2552 24.
849 2510 954 2550 bar·

12 2616 17 2624 ⁵
63 2569 192 2619 bari,
216 2568 398 2610 consilio
409 2567 735 2610 Romanorum
755 2567 952 2620 cognito,

60 2627 321 2682 praemisso
362 2626 573 2679 equitatu
605 2632 651 2667 et
689 2623 952 2676 essedariis,

64 2698 152 2739 quo
180 2684 453 2737 plerumque
483 2696 658 2737 genere
687 2684 735 2724 in
763 2680 955 2736 proeliis

63 2741 134 2784 uti
165 2746 474 2794 consuerunt,
640 2747 824 2782 nostros
859 2752 955 2779 na-

62 2799 188 2840 vibus
210 2797 374 2851 egredi
401 2798 733 2852 prohibebant,
777 2805 820 2839 et
844 2795 953 2839 ibid.

64 2870 103 2901 c.
126 2853 196 2897 32.
232 2855 376 2896 simul
402 2854 613 2909 equitatu
646 2863 785 2910 atque
825 2867 951 2896 esse-

63 2914 134 2954 dis
183 2911 585 2954 circumdederant
608 2942 620 2960 ,
693 2911 856 2969 quibus
904 2908 955 2953 ἓν

63 2966 142 3012 διὰ
183 2968 317 3011 δυοῖν
350 2967 491 3023 figura
534 2968 734 3012 adhiberi
773 2968 953 3026 nequit;

63 3027 125 3070 im
158 3024 280 3067 rimis
304 3041 407 3067 vero
430 3025 518 3068 huc
540 3025 799 3069 facitTaciti
823 3026 952 3068 locus

63 3083 110 3126 in
132 3098 183 3127 ra
214 3097 256 3125 e.
278 3080 351 3125 36.
384 3082 578 3124 interim
611 3085 812 3139 equitum
845 3090 951 3126 tur-

63 3156 174 3183 mae
181 3139 384 3195 fugere,
415 3141 648 3185 covinarii
665 3142 878 3192 peditum
899 3154 952 3183 se

42 3196 49 3208 ⁶
60 3198 241 3252 proelio
289 3196 537 3245 miscuere,
589 3212 722 3255 quem
763 3197 944 3241 sanissi-

65 3269 190 3299 mum
223 3268 318 3296 esse
359 3253 563 3310 pluribus
606 3263 764 3299 contra
801 3254 951 3298 Wal—

64 3310 215 3356 chium
261 3311 573 3363 ostendemus,
623 3313 698 3355 ubi
743 3311 794 3354 ad
845 3328 949 3355 eum

65 3366 416 3425 pervenerimus.
510 3367 678 3412 Utrum
740 3369 949 3417 adiectivi

65 3423 235 3467 vicibus
256 3423 378 3481 fungi
405 3425 543 3482 possit
563 3425 650 3469 hoc
676 3425 948 3470 vocabulum

65 3495 238 3530 necne,
290 3495 424 3524 nemo
467 3482 754 3533 diiudicabit,
807 3498 949 3540 quum

65 3546 240 3594 praeter
262 3535 382 3581 hunc
401 3539 551 3582 locum
581 3548 623 3582 et
656 3556 754 3598 cap.
777 3540 848 3584 36.
879 3541 946 3584 le-

65 3603 191 3650 gatur
214 3610 428 3650 nusquam
444 3627 456 3644 ‚
486 3612 740 3655 quanquam
765 3598 949 3642 covino·

1029 1032 1131 1061 rum
1158 1020 1435 1063 mentionem
1459 1018 1711 1064 iniecerunt
1736 1021 1924 1080 scripto-

1030 1091 1101 1118 res
1132 1075 1311 1134 plures,
1356 1078 1475 1120 vetut
1511 1078 1648 1121 Silius
1686 1078 1824 1123 Italic.
1857 1079 1927 1131 17,

1028 1133 1129 1176 422.
1158 1138 1371 1177 caerulus
1393 1137 1523 1177 haud
1552 1138 1690 1179 aliter
1720 1150 1824 1178 cum
1854 1139 1924 1179 di—

1029 1191 1174 1232 micat
1201 1194 1355 1235 inwla
1378 1193 1574 1244 Thales,
1601 1195 1810 1247 Agmina
1823 1195 1924 1250 sal-

1031 1248 1173 1304 cisero
1193 1249 1498 1292 circumvenit
1516 1254 1653 1293 arcta
1675 1250 1847 1293 cavino.
1864 1279 1924 1288 .-

1031 1305 1255 1347 Scribitur
1280 1307 1553 1350 vocabulum
1581 1308 1628 1352 in
1652 1309 1752 1352 MS.
1781 1307 1924 1352 Vatic-

1030 1362 1159 1405 3429.
1191 1366 1520 1420 covinnarius,
1558 1382 1672 1423 quae
1700 1365 1925 1423 duplicata

1031 1418 1178 1462 littera
1208 1435 1240 1462 n
1267 1420 1313 1464 in
1338 1424 1530 1466 covinus
1551 1439 1732 1482 quoque
1758 1426 1922 1481 depre-

1030 1476 1242 1519 henditur
1262 1477 1514 1536 aliquoties.

1088 1535 1237 1577 simul
1269 1536 1317 1576 in
1333 1538 1582 1592 frontem,
1614 1538 1763 1580 simul
1779 1545 1823 1579 et
1844 1540 1924 1581 la-

1035 1599 1156 1634 tera.
1217 1591 1275 1634 In
1307 1595 1683 1653 praepositionem
1714 1605 1816 1638 ante
1848 1599 1924 1638 la-

1032 1656 1136 1691 tera
1187 1651 1437 1694 necessario
1483 1653 1654 1709 requiri
1695 1651 1925 1696 Gesnerus

1033 1706 1324 1764 opinabatur,
1365 1709 1441 1752 sed
1475 1725 1732 1767 quanquam
1758 1726 1925 1769 perpe·-

1030 1772 1105 1806 tua
1139 1765 1521 1821 praepositionum
1552 1767 1758 1824 repetitio
1784 1769 1829 1809 in
1857 1776 1924 1811 ta·

1032 1821 1146 1864 libus
1184 1824 1422 1866 enuntiatis
1463 1841 1606 1881 nuper
1639 1822 1818 1867 defensa
1859 1835 1925 1871 est

1030 1878 1085 1921 ab
1113 1877 1371 1922 Wundero
1403 1880 1451 1923 in
1480 1880 1645 1925 variet.
1679 1883 1796 1925 lect..
1815 1883 1920 1927 cod.

1028 1935 1200 1978 Erfurt.
1226 1937 1364 1993 praef.
1390 1937 1594 1996 p.XV11.
1619 1955 1742 1997 sqq„
1772 1949 1921 1984 tamen

1029 1992 1159 2035 multi
1202 2003 1369 2037 resiant
1413 1995 1500 2039 loci
1536 2004 1579 2039 et
1608 1996 1842 2041 Ciceronis
1877 2006 1923 2040 et

1027 2050 1220 2094 aliorum
1255 2052 1561 2109 scriptorum,
1611 2056 1774 2110 quibus
1820 2053 1919 2099 eam

1029 2117 1186 2150 contra
1224 2108 1446 2152 librorum
1484 2113 1796 2156 auctoritatem
1834 2114 1922 2157 ob-

1026 2164 1150 2208 trudi
1194 2167 1352 2209 nolim.
1411 2169 1471 2211 cf.
1518 2169 1819 2228 Oudendorp.
1863 2171 1919 2215 ad

1030 2221 1154 2266 Caes.
1191 2223 1241 2266 B.
1279 2223 1335 2267 G.
1365 2226 1407 2274 2,
1440 2226 1482 2275 4,
1524 2228 1586 2268 10.
1652 2227 1803 2270 Tacit.¹
1829 2229 1920 2272 An.

1027 2282 1067 2331 6,
1093 2280 1161 2322 51.
1192 2296 1463 2338 quanquam
1484 2292 1642 2326 mater
1665 2287 1714 2327 in
1733 2285 1921 2328 Liviam

1027 2345 1071 2380 et
1097 2354 1216 2381 mox
1240 2340 1414 2381 Iuliam
1431 2343 1680 2396 familiam
1703 2344 1921 2396 adoptio-

1026 2397 1163 2437 nibus
1205 2399 1464 2440 transierit.
1534 2399 1596 2443 cf.
1643 2399 1918 2446 Ramshorn.

1023 2457 1066 2507 §.
1093 2453 1188 2500 169,
1212 2453 1255 2495 2.
1314 2454 1450 2506 [Vide
1475 2454 1637 2499 Otton.
1663 2471 1836 2500 excurs.
1859 2457 1917 2502 V.

1024 2513 1083 2552 de
1114 2512 1462 2562 praepositione
1490 2513 1561 2555 bis
1588 2517 1807 2565 ponenda
1840 2517 1916 2557 al-

1027 2575 1127 2610 tero
1161 2569 1264 2608 loeo
1298 2571 1476 2612 omissa
1509 2569 1561 2612 ad
1594 2569 1699 2615 Cic.
1728 2571 1784 2614 de
1817 2572 1917 2617 Fm.
1968 2609 1972 2614 .

1027 2641 1070 2683 p.
1116 2625 1274 2667 402-
1298 2625 1414 2670 409..
1485 2626 1628 2672 Kritz.
1668 2629 1775 2673 Sall.
1816 2630 1918 2676 Cat.

1026 2699 1068 2733 c.
1091 2682 1185 2736 49]
1609 2711 1613 2716 ·
1706 2715 1708 2720 ·

1082 2755 1351 2795 quanquam
1367 2743 1629 2795 porrectior
1646 2745 1781 2789 acies.
1810 2745 1917 2791 Aei-

1026 2796 1167 2839 dalius
1196 2797 1389 2840 correxit
1425 2814 1597 2855 quanq.
1616 2815 1772 2855 parvo
1795 2819 1917 2857 por-

1025 2856 1196 2895 rectior
1217 2857 1357 2896 acies.
1420 2857 1549 2913 Quae
1579 2858 1635 2901 sit
1653 2864 1917 2912 porrectior

1024 2913 1146 2954 acies
1171 2919 1212 2952 et
1235 2911 1469 2955 Sallustius
1495 2914 1585 2971 lug.
1617 2931 1657 2959 c.
1681 2913 1752 2959 49.
1784 2919 1916 2963 docet

1025 2977 1336 3010 extenuatam
1363 2986 1726 3017 commemorans
1751 2985 1794 3019 et
1814 2976 1914 3035 Liv-

1022 3026 1092 3074 25,
1121 3026 1190 3068 21.
1238 3027 1288 3066 in
1324 3029 1654 3082 longitudinem
1692 3038 1917 3084 porrecta

1022 3086 1155 3135 acies.
1211 3086 1522 3129 clamantibus
1564 3089 1762 3132 tribunis
1797 3091 1920 3134 nihil

1022 3144 1253 3182 introrsus
1290 3143 1474 3185 roboris
1511 3158 1567 3186 ac
1604 3146 1774 3189 virium
1811 3161 1914 3191 esse

1025 3205 1069 3239 et
1084 3231 1096 3253 ,
1143 3213 1412 3255 quacunque
1433 3201 1659 3254 impetum
1682 3207 1916 3248 dedissent

1022 3257 1203 3354 hosltesl,
1231 3266 1560 3311 perrupturo-⁴5.
1621 3259 1679 3304 ef.
1716 3259 1912 3306 Waleh.

1022 3313 1076 3354 ad
1120 3330 1147 3353 1.
1192 3344 1202 3354 .

1076 3372 1341 3424 promptior
1383 3373 1431 3414 in
1473 3387 1622 3424 spem.
1702 3372 1912 3419 Ernesiio

1022 3442 1180 3470 verum
1196 3428 1372 3471 videtur
1386 3433 1580 3484 pronior
1600 3430 1648 3472 in
1668 3445 1800 3485 spem
1811 3450 1827 3483 ;
1846 3431 1912 3476 di·

1022 3484 1139 3527 citur
1168 3484 1349 3542 quidem
1374 3488 1465 3530 Au.
1493 3487 1535 3540 Ξ,
1557 3487 1630 3530 73,
1653 3488 1834 3543 favore
1865 3493 1912 3533 in

1019 3540 1234 3584 Pisonem
1262 3548 1481 3598 pronior‚·
1529 3545 1641 3588 nist.
1674 3545 1716 3594 2,
1753 3547 1823 3591 58.
1865 3551 1912 3590 in

1024 3598 1250 3642 Othonem
1282 3616 1463 3655 pronus
1495 3611 1537 3645 et
1580 3601 1794 3660 frequens
1830 3615 1910 3655 est,
