2150 4022
219 284 303 347 42
366 371 367 374 Ν
562 266 1246 348 α”ροΒΝΕιιυε
1305 283 1738 349 ΤΑοΙΤυε

218 415 425 473 colunt
462 414 696 474 discreti
733 434 798 471 ac
832 414 1082 486 diversi,
1125 427 1192 473 ut
1231 416 1396 486 fonS,
1439 429 1506 475 ut
1554 436 1823 492 campus,
1865 428 1933 474 ut
1971 435 2077 474 ne-'

216 520 348 558 mus
386 501 623 576 placuit.
722 497 902 556 Vicos
946 501 1171 570 locant,
1231 521 1356 557 non
1400 502 1466 558 in
1517 514 1803 558 nostrum.
1829 520 2075 572 morem4

216 586 495 643 connexis
535 597 590 642 et
627 579 1076 642 cohaerentibus
1118 586 1421 642 aedificiis:
1479 604 1644 643 suam
1681 586 2072 663 quisque'do-

213 690 380 728 mum
407 671 594 746 spatio
625 670 978 738 circumdat,
1023 671 1143 727 sive
1175 672 1452 728 adversus
1484 690 1649 727 casus
1691 671 1844 744 ignis
1880 691 2070 727 reme-

213 755 383 813 dium
427 756 549 811 sive
592 755 822 811 inscitia
870 755 1238 825 aedificandi.
1324 777 1399 812 ne
1449 767 1884 813 caementorum
1933 756 2068 831 qui-

214 841 348 898 dem
376 841 533 915 apud
568 840 703 896 illos
741 852 843 897 aut
882 841 1211 912 tegularum
1248 860 1416 896 usus:
1475 841 1715 897 materia
1753 841 1828 897 ad
1867 841 2067 897 omnia

209 937 463 982 utuntur
516 926 759 981 informi
814 936 870 981 et
925 926 1068 982 citra
1126 924 1377 1000 speciem
1434 937 1534 983 aut
1600 926 2062 985 delectationem.

209 1011 500 1088 quaedam
554 1011 682 1067 loca
740 1010 1080 1083 diligentius
1131 1010 1397 1066 inlinunt
1450 1022 1603 1068 terra
1658 1011 1738 1070 ita
1796 1031 1942 1086 pura
1998 1029 2064 1066 ac

208 1095 586 1171 splendente,
627 1105 695 1153 ut
733 1096 1025 1171 picturam
1064 1116 1130 1152 ac
1168 1095 1524 1153 lineamenta
1562 1098 1828 1154 colorum
1868 1096 2063 1153 imite-

207 1192 324 1241 tur.
454 1181 661 1239 Solent
717 1192 774 1238 et
835 1181 1246 1237 subterraneos
1301 1201 1506 1255 specus
1563 1182 1791 1257 aperire
1848 1199 2062 1258 eosque

205 1267 395 1324 multo
438 1266 680 1342 insuper
720 1266 858 1322 fimo
901 1278 1182 1336 onerant,
1235 1266 1555 1339 suffugium
1595 1263 1780 1324 hiemi
1818 1277 1875 1322 et
1906 1285 2065 1321 rece-

203 1352 508 1428 ptaculum
534 1352 830 1425 frugibus:
874 1351 1011 1426 quia
1040 1352 1292 1424 rigorem
1329 1352 1616 1425 frigorum
1656 1351 1946 1408 eiusmodi
1972 1351 2063 1406 lo-

206 1437 290 1494 cis
314 1436 617 1503 molliunt:
679 1448 737 1492 et
782 1435 832 1491 si
861 1437 1097 1512 quando
1125 1433 1309 1492 hostis
1338 1437 1594 1507 advenit,
1648 1447 1848 1512 aperta
1867 1456 2059 1511 popu—1

203 1521 388 1591 latur,
426 1522 624 1578 abdita
651 1532 844 1578 autem
874 1531 928 1577 et
955 1522 1182 1577 defossa
1209 1533 1309 1578 aut
1338 1523 1687 1597 ignorantur
1712 1533 1813 1579 aut
1840 1541 1908 1577 eo
1933 1520 2059 1596 ipso
2128 1541 2130 1544 ’

202 1607 453 1677 fallunt,
495 1607 656 1683 quod
687 1607 1203 1683 quaerenda-sunt.
1950 1623 1953 1627 “

258 1881 433 1923 locant.
509 1876 625 1920 Edd.
652 1876 796 1920 Paris.
820 1883 863 1918 et
886 1874 1093 1919 Norimh.
1169 1876 1288 1934 quod
1327 1877 1431 1919 item
1479 1885 1615 1920 exstat
1654 1876 1700 1919 in
1736 1875 1838 1919 MS.
1871 1874 2056 1933 stuttg..

205 1940 420 1993 longam.
1166 1935 1200 1977 si
1219 1935 1357 1977 Hessii
1382 1934 1560 1978 silentio
1585 1934 1692 1977 fides
1717 1942 1782 1978 est
1805 1933 2021 1977 habenda.

1996 2026 2010 2043 Ι

259 2066 356 2095 non
390 2052 438 2093 in
467 2056 679 2091 nostrum
722 2063 920 2092 morem.
990 2049 1094 2094 MS.
1225 2051 1528 2092 lineamenta.
1620 2048 1735 2103 Edd.
1785 2047 1905 2106 Spir.
1954 2048 2058 2103 Put.
2116 2080 2120 2083 -

202 2109 427 2157 Arundel.
459 2121 556 2150 non
590 2115 751 2149 nostro
787 2122 935 2150 more.
1005 2107 1094 2150 Sed
1166 2107 1307 2151 Paris.
1339 2106 1545 2149 Beroald.
1579 2106 1682 2150 Alc.
1717 2105 1921 2149 Rhenan.
1946 2106 2054 2152 And.

203 2168 265 2214 cf.
298 2169 386 2211 An.
426 2170 462 2217 1,
502 2165 564 2206 17.
607 2166 655 2206 in
691 2167 884 2205 modum
925 2179 1093 2207 servo·
1167 2181 1264 2223 sqq.
1318 2181 1420 2208 cum
1469 2164 1599 2220 Lipsii
1641 2163 1781 2218 prima
1829 2172 1873 2207 et
1915 2163 2054 2210 MSS.

202 2241 314 2270 rum
326 2243 341 2276 ‚·
378 2224 499 2272 1‚44.
525 2223 575 2264 in
594 2224 721 2264 hunc
742 2225 935 2263 modum
961 2237 1095 2264 exer·
1167 2223 1332 2280 Stuttg.
1355 2223 1534 2265 Fames.
1557 2223 1858 2265 liniamenta.

204 2284 323 2335 cuin
357 2284 396 2331 1,
423 2281 494 2324 58.
516 2281 563 2322 in
583 2281 703 2321 hunc
725 2283 918 2321 modum
935 2281 1095 2337 fuere.
1793 2314 1802 2325 .
1999 2285 2004 2293 ”

1222 2337 1447 2379 imitetur.
1507 2335 1620 2378 Edd.
1652 2334 1857 2382 Rhenan.
1887 2336 2055 2395 (1533.)

256 2413 393 2442 suam
431 2395 638 2452 quisque.
698 2392 800 2437 MS.
824 2393 991 2452 stuttg.
1016 2396 1094 2437 Νᾶ
1166 2394 1270 2439 Ald.
1310 2393 1482 2460 Grypla.
1512 2393 1912 2452 Micyll.‹=im·1‘tet,
1951 2393 2052 2439 for..

202 2457 409 2515 quisque.
541 2478 545 2480 <
1165 2461 1279 2495 tasse
1316 2469 1339 2494 e
1369 2455 1481 2496 vino
1515 2449 1856 2509 typographico.
1937 2452 2051 2497 Nam

1163 2508 1405 2552 Rhenanus
1427 2509 1558 2552 tacite
1579 2508 1645 2550 sic
1669 2506 1824 2562 edidit.
1884 2508 2053 2570 Lipsius

258 2571 455 2616 inscitia.
515 2566 818 2612 Ed.Nori1nb.
842 2567 1033 2611 institia.
1163 2583 1186 2610 e
1220 2567 1322 2611 eod.
1354 2566 1630 2609 Farnesiano
1664 2579 1785 2608 anno
1820 2565 1942 2610 1574.
1974 2584 2049 2612 re-

1161 2623 1302 2667 stituit
1334 2626 1559 2673 imitetur,
1591 2638 1702 2678 quae
1738 2630 1802 2665 est
1832 2625 2052 2683 scriptura

255 2701 320 2730 ne
341 2691 690 2728 caementorum
713 2682 917 2738 quidem.
977 2681 1090 2724 Edd.
1160 2683 1383 2725 librorum
1435 2689 1535 2724 ante
1582 2680 1848 2739 Rhenanam
1903 2680 2050 2728 edito·

198 2743 352 2787 Viteb.
387 2742 607 2786 Melanth.
643 2754 731 2782 nec
761 2771 775 2783 .
799 2772 811 2783 .
838 2751 867 2783 .’
887 2740 1090 2795 quidem.
1158 2756 1276 2782 rum.

197 2801 284 2845 Ed.
309 2799 932 2844 Norimb.scaementorum.
1348 2841 1358 2851 .
1573 2810 1576 2811 ⁷
1661 2838 1672 2848 ‚
1751 2846 1754 2849 ι

1216 2854 1421 2895 operare.
1483 2838 1566 2882 Ed.
1596 2840 1712 2897 prr.
1741 2843 1939 2896 operire.

255 2924 341 2959 aut
386 2916 666 2970 tegularum.
754 2912 839 2956 Ed.
883 2911 1086 2954 Rhenan.

198 2973 364 3032 (1533.)
409 2979 494 3015 aut
537 2977 624 3014 ant
664 2973 936 3023 tegularum
979 2970 1088 3014 vitio

198 3047 465 3093 operarum,
517 3027 640 3072 unde
671 3028 814 3070 Aldus
855 3026 962 3071 fecit
1002 3034 1088 3070 aut

197 3098 309 3134 ante
332 3090 616 3143 tegularum.

1215 2947 1433 2982 onerant.
1494 2939 1623 2984 MSS<
1649 2939 1886 2998 Bamberg.
1906 2943 2050 2987 Arun-

1159 2996 1247 3039 del.
1277 2999 1508 3051 operiunt.
1566 2999 1670 3041 MS.
1704 2997 1938 3057 stuttgart.
1971 3017 2047 3044 or-

1157 3064 1292 3098 nant.
1779 3069 1802 3074 “

1214 3156 1339 3198 locis.
1397 3155 1480 3198 Ed.
1502 3155 1723 3201 Melanth.
1744 3159 1862 3200 loca.

251 3204 477 3249 inlinunt.
577 3201 683 3245 MS.
724 3199 945 3244 Arundel.
990 3200 1086 3242 illi-

194 3264 351 3325 niunt7
1215 3263 1383 3309 aperta
1415 3259 1690 3311 populatur.
1768 3258 1935 3302 Eadem
1974 3260 2047 3303 lo-

1159 3313 1283 3358 cutio
1306 3322 1369 3355 est
1396 3315 1482 3356 An.
1513 3319 1549 3366 1,
1571 3315 1642 3358 56.
1700 3315 1833 3360 MSS.
1864 3317 2047 3376 Longol.

254 3392 311 3421 ao
331 3378 612 3432 splendente.
672 3372 789 3416 Edd.
812 3371 929 3429 Spir.
955 3371 1085 3414 Kath.
1157 3379 1201 3413 et
1225 3369 1366 3415 Vane.
1395 3371 1521 3415 2964.
1555 3371 1656 3416 edd.
1680 3372 1887 3417 Nor-imb.
1910 3374 2042 3420 Rom.

196 3436 301 3479 Put.
333 3434 520 3478 Monac.
550 3429 761 3475 Beroatd.
805 3430 903 3473 Ale.
940 3429 1107 3474 Rben..
1157 3435 1323 3483 operta
1351 3431 1615 3483 populatis).

197 3492 379 3549 (1519.).
450 3490 522 3534 De
552 3490 656 3533 edit.
689 3487 893 3530 Rhenan.
920 3486 1088 3542 (1533.)
1854 3528 1856 3530 ,

195 3548 404 3598 Hessius,
435 3548 490 3591 de
513 3547 584 3591 ed.
601 3545 704 3590 Ald.
723 3544 964 3588 Passovius
989 3543 1086 3586 falsi
1215 3543 1507 3598 ignorantur.
1565 3544 1650 3590 Ed.
1681 3545 1886 3590 Norimb.
1914 3549 2046 3603 igno-

197 3616 317 3656 sunt.
375 3606 492 3652 Nam
523 3605 585 3649 ibi
619 3611 683 3649 est
717 3619 773 3647 ac
804 3605 1087 3657 splendente,
1159 3607 1336 3645 muter.
