2150 4022
455 247 577 312 DE
639 240 1165 310 GERMANIA
1235 246 1434 310 CAP.
1476 249 1571 310 17.
1854 246 1938 307 43

252 381 454 443 ³X'VII.
542 381 848 456 Tegumen
894 379 1172 436 omnibus
1221 397 1422 450 sagum
1464 376 1645 434 fibula
1689 388 1828 447 aut,
1890 377 1942 434 si

95 470 274 539 desit,
323 469 499 544 'spina
540 468 898 523 consertum:
958 475 1145 520 cetera
1183 462 1387 520 intecti
1425 474 1578 520 totos
1618 462 1741 535 dies
1779 463 1942 519 iuxta

94 558 291 613 focum
329 566 502 630 atque
540 551 736 626 ignem
773 560 972 623 agunt.
1054 547 1500 620 locupletissimi
1530 558 1691 603 veste
1728 547 1942 604 distin-

94 651 358 715 guuntur
406 658 528 694 non
569 637 864 704 fluitante,
919 634 1068 690 sicut
1106 631 1405 689 Sarmatae
1450 653 1515 688 ac
1549 628 1787 702 Parthi,
1842 633 1940 688 sed

96 727 292 783 stricta
319 738 375 782 et
401 723 661 796 singulos
689 733 848 777 artus
877 718 1254 793 exprimente.
1342 714 1576 774 Gerunt
1603 728 1660 774 et
1685 719 1945 774 ferarum

31 836 35 839 ,
95 812 306 887 pelleS‚
348 809 604 886 proximi
629 807 791 882 ripae
815 804 1203 878 negligenter,
1245 801 1550 858 ulteriores
1586 802 1948 879 exquisitius

95 909 164 954 ut
201 894 416 972 quibus
451 894 652 950 nullus
690 912 795 967 per
833 888 1181 954 commercia
1217 886 1426 945 cultus,
1527 887 1750 959 eligunt
1793 888 1947 944 feras

100 993 156 1038 et
189 982 444 1039 detracta
482 977 775 1035 velamina
813 984 1092 1051 spargunt
1131 971 1374 1027 maculis
1407 970 1777 1048 pellibusque
1818 972 1949 1028 bel-2

98 1068 348 1136 luarum,
372 1084 515 1143 quas
532 1063 782 1119 exterior
796 1057 1071 1118 Oceanus
1091 1069 1262 1134 atque
1278 1056 1545 1130 ignotum
1567 1076 1727 1112 mare
1745 1057 1947 1131 gignit.

157 1330 271 1375 ΟΜ».
298 1331 365 1374 17.
424 1328 677 1383 Tegumen.
738 1325 857 1369 Alibi
889 1323 987 1366 No-

102 1398 191 1432 ster
216 1394 472 1430 constanter
492 1384 645 1429 scribit
667 1387 882 1439 tegimen.
931 1381 988 1426 cf.

102 1448 191 1490 An.
214 1446 255 1493 2,
277 1446 349 1489 21.
407 1443 520 1487 Hist.
547 1443 589 1491 2,
611 1444 684 1485 20.

158 1544 344 1584 sagum.
405 1527 463 1571 cf.
496 1527 614 1570 Mela
645 1527 684 1574 3,
711 1525 752 1569 3.
791 1527 881 1567 viri
906 1539 995 1577 sa·-

100 1587 173 1642 gis
194 1589 408 1629 velantur
427 1595 512 1628 etc.

162 1672 206 1714 si
220 1670 359 1712 desit.
418 1667 660 1711 Ed.Paris.
684 1667 727 1709 si
747 1681 803 1707 ea
826 1665 963 1707 desit.

162 1754 316 1808 spina.
401 1751 575 1811 Lipsius
618 1749 806 1792 malebat
831 1751 993 1800 pinna,

106 1812 201 1857 sive
233 1828 257 1854 e
292 1810 412 1868 pisce
443 1810 537 1852 sive
571 1825 594 1851 e
630 1810 750 1863 ligno
794 1806 865 1850 vet
907 1803 993 1847 alia

106 1868 306 1912 materia.
387 1866 477 1909 Sed
512 1867 570 1909 cf.
608 1863 765 1921 Virgil.
798 1865 915 1905 Aen.
953 1861 993 1912 3,

106 1927 206 1969 594.
253 1929 522 1968 consertum
570 1930 783 1975 tegumen
826 1921 994 1972 spinis.

109 1983 249 2030 Ovid.
269 1983 380 2026 Met.
406 1980 472 2029 14,
500 1981 596 2023 166.
619 1980 764 2034 spinis
785 1984 996 2020 conserto

109 2043 306 2096 tegmine
325 2038 483 2082 nullis.

166 2147 320 2184 cetera
361 2138 534 2180 intecti.
623 2135 681 2183 cf.
711 2134 825 2178 Hist.
856 2135 899 2184 2,
924 2132 995 2176 22.

108 2212 237 2243 more
260 2198 415 2253 patrio
438 2197 576 2237 nudis
599 2195 878 2249 corporibus.

158 2296 392 2350 fluitante.
473 2291 558 2335 Ed.
595 2292 759 2335 Vimm.
797 2290 994 2346 fluitan-

110 2365 220 2400 tem.

170 2462 321 2497 artus.
381 2453 482 2496 MS.
514 2450 702 2504 Longol.
739 2447 840 2491 edd.
865 2446 999 2489 Rom.

111 2512 318 2565 Norimb.
354 2517 532 2553 arctus.
560 2520 562 2522 ·
591 2507 677 2550 Ed.
711 2505 860 2549 Viteb.
900 2513 1001 2548 ante

109 2572 318 2624 Singulos
341 2567 507 2611 omittit
530 2575 591 2610 et.

157 2668 380 2723 serarum
403 2667 565 2721 pelles.
624 2661 684 2707 cf.
711 2667 806 2704 not.
834 2658 889 2702 ad
914 2659 999 2703 An.

112 2725 154 2778 2,
179 2726 247 2768 13.
306 2726 433 2770 Caes.
460 2724 511 2765 Β.
537 2722 597 2764 G.
629 2721 671 2771 4,
695 2723 734 2762 1.
766 2719 807 2768 6,
830 2719 901 2759 21.

166 2823 381 2880 proximi
401 2854 413 2865 .
436 2853 446 2864 .
469 2853 480 2864 .
505 2852 517 2864 .
551 2823 715 2862 cultus.
776 2818 898 2861 Male
930 2817 1002 2860 lo-

114 2899 218 2928 cum
240 2879 565 2926 intellexerant,
587 2879 663 2935 qui
685 2875 833 2933 aliqua
854 2890 1003 2918 emen·

116 2939 294 2983 datione
312 2954 410 2981 eum
426 2937 625 2994 indigere
640 2942 870 2992 putarunt.
900 2933 1003 2974 Mu·

114 3005 259 3045 retus,
290 2994 518 3038 Acidalius
554 2991 716 3051 aliique
752 2991 1002 3034 malebant:

111 3054 324 3107 proximi
341 3053 468 3105 ripae
492 3051 784 3107 exquisitius,
820 3048 1003 3090 ulterio-

115 3126 194 3154 res
229 3111 527 3164 negligenter.
620 3107 766 3151 Immo
811 3105 1003 3164 proximi

115 3169 261 3226 ripae,
313 3166 473 3225 quibus
515 3181 597 3223 per
632 3162 905 3206 commercia
941 3170 1005 3203 est

115 3226 263 3270 cultus
305 3222 655 3283 provincialibus
699 3219 914 3264 Romanis
949 3234 1004 3260 ue

115 3282 295 3333 similis,
342 3279 616 3337 negligenter
647 3287 837 3322 utuntur
867 3292 920 3333 pe
946 3276 1003 3317 li-

115 3340 225 3392 bus3
255 3339 420 3397 quippe
453 3337 499 3378 in
535 3336 672 3380 alium
697 3337 870 3379 cultum
902 3349 1000 3377 ver·

118 3397 177 3440 sis
201 3412 289 3439 non
314 3401 512 3452 superest
539 3410 644 3436 cura
675 3391 835 3436 veteris
861 3389 1001 3434 vesti-

117 3462 202 3497 tus.
259 3451 513 3496 Ulteriores
531 3461 695 3502 autern,
722 3450 883 3508 quibus
907 3447 1003 3490 nul·

120 3510 188 3553 lus
223 3525 300 3568 per
335 3508 607 3552 commercia
643 3508 812 3558 cultus,
848 3504 1004 3562 exqui-

120 3566 243 3611 sitius
276 3574 462 3610 utuntur
495 3564 686 3625 pellibus
716 3575 757 3610 et
782 3563 1007 3609 curiosio-

1059 1336 1130 1364 res
1162 1327 1266 1362 sunt
1296 1318 1342 1360 in
1370 1334 1423 1361 eo
1449 1334 1555 1370 usu,
1598 1318 1644 1360 in
1680 1333 1770 1375 quo
1803 1317 1950 1362 existi-

1061 1378 1196 1420 matio
1222 1377 1437 1433 quaedam
1472 1384 1536 1418 est
1571 1375 1687 1433 apud
1723 1375 1869 1432 ipsos,
1904 1385 1952 1422 ut

1060 1436 1120 1478 ita
1148 1434 1393 1477 nobiliores
1430 1433 1700 1491 ditioresque
1723 1442 1952 1492 praestan-

1061 1493 1227 1535 tiorem
1258 1491 1447 1533 habeant
1474 1492 1694 1534 vestitum.
1763 1489 1954 1548 Egregie

1062 1550 1171 1593 haec
1215 1548 1502 1591 illustrantur
1575 1564 1622 1590 er
1659 1547 1837 1599 locum,
1879 1548 1956 1606 qui

1062 1615 1197 1650 exstat
1220 1606 1265 1647 in
1290 1605 1514 1662 personati
1535 1563 1786 1648 {Nitibatdi
1811 1604 1955 1648 Alexis

1064 1665 1360 1706 Herbstm'se
1419 1664 1568 1704 durch
1619 1663 1959 1705 Scandinavien

1063 1722 1103 1764 T
1107 1736 1199 1764 om.
1213 1721 1322 1777 11.p.
1337 1719 1435 1763 32:
1460 1720 1552 1762 Bei
1569 1722 1660 1762 den
1681 1722 1956 1762 no'rdlichen

1065 1780 1258 1833 Lappen
1274 1779 1334 1819 ist
1347 1776 1544 1819 dasFell
1552 1777 1958 1833 (desRennthiers)

1065 1839 1150 1879 der
1169 1833 1489 1888 einzige'Stoff
1502 1849 1562 1875 zu
1584 1834 1720 1875 ihren
1735 1830 1960 1876 Kleidern

1067 1896 1163 1935 und
1183 1893 1294 1934 eben
1327 1907 1377 1933 so
1402 1907 1462 1932 zu
1493 1893 1585 1932 den
1607 1890 1794 1933 Decken
1831 1892 1959 1934 ihrer

1066 1951 1220 1993 Zelce.
1312 1949 1471 2002 Gegen
1523 1950 1597 1989 die
1639 1947 1859 1991 Grc'z'nzen
1899 1964 1959 1990 zu

1067 2008 1237 2050 wissen
1273 2007 1344 2048 sie
1374 2010 1466 2048 den
1490 2005 1664 2048 Wertlz
1692 2009 1777 2047 der
1799 2006 1962 2048 Heiute

1067 2081 1130 2108 zu
1180 2071 1263 2118 gut
1322 2066 1400 2106 als
1451 2063 1843 2106 Handelsartaekel
1902 2080 1962 2106 zu

1067 2125 1308 2172 schamen,
1354 2136 1437 2163 um
1471 2121 1599 2162 nicht
1639 2135 1700 2162 zu
1748 2121 1965 2165 beiderlei

1069 2179 1262 2233 Bedatf
1271 2181 1368 2220 sich
1389 2177 1668 2232 wohlfeilere
1691 2179 1839 2233 Stoffe
1865 2180 1962 2222 ein·

1069 2238 1373 2280 zutauschen.

1127 2345 1179 2380 ut
1211 2337 1393 2394 quibus.
1452 2335 1575 2380 Ilaec
1601 2335 1648 2379 in
1682 2336 1752 2380 ed.
1773 2337 1962 2384 Monac.

1073 2411 1166 2438 non
1191 2395 1418 2453 leguntur.

1131 2497 1325 2537 maculis·
1376 2496 1672 2548 pellibusque.
1749 2490 1836 2537 ‘'Ea'‘
1887 2492 1966 2538 διὰ

1074 2553 1221 2596 δυοῖν.
1283 2551 1340 2595 cf.
1375 2551 1480 2593 infr.
1515 2550 1646 2593 028.
1678 2566 1709 2592 a
1743 2553 1963 2596 similitu-

1074 2612 1184 2653 dine
1207 2616 1251 2652 ει
1274 2608 1448 2650 inertia
1466 2606 1713 2650 Gallorum
1734 2623 1966 2664 separan-

1073 2677 1175 2720 tur·,·
1228 2682 1267 2709 c.
1303 2666 1374 2708 23.
1408 2666 1706 2707 oblectationi
1733 2670 1968 2723 oculisque

1074 2727 1355 2768 ceciderunt.
1417 2720 1500 2763 Vir
1523 2722 1684 2765 doetus
1707 2722 1754 2766 in
1778 2724 1964 2782 liphem.

1075 2784 1140 2826 lit.
1181 2781 1301 2840 Lips.
1353 2780 1474 2823 1827.
1517 2779 1600 2822 Nr.
1635 2779 1715 2828 .47.
1755 2782 1968 2840 copulam

1075 2839 1250 2884 mavult
1303 2837 1442 2895 accipi
1495 2837 1829 2894 ἕπεξηγητικῶς
1877 2855 1965 2898 po-

1075 2897 1222 2940 sitam.
1282 2894 1371 2938 Sed
1406 2894 1449 2937 id
1487 2894 1643 2937 eodem
1682 2896 1822 2939 redit:
1862 2913 1968 2942 nam

1074 2954 1121 2997 in
1177 2952 1370 2996 formula
1424 2967 1536 3009 quae
1587 2951 1754 2995 dicitur
1797 2953 1848 2998 ἓν
1889 2954 1970 2999 διὰ

1076 3014 1210 3057 (Ῡυοῖν
1247 3009 1408 3067 copula
1446 3024 1624 3067 semper
1656 3025 1706 3053 ea
1740 3011 1785 3055 vi
1812 3011 1970 3072 fungi-

1076 3080 1171 3121 tur,
1207 3077 1256 3112 ut
1286 3067 1619 3123 ἔπεξηγητικῶς
1651 3067 1864 3127 adiungat
1900 3071 1968 3114 al-

1077 3138 1221 3172 terum
1247 3124 1543 3171 vocabulum.

1133 3225 1252 3267 quas
1286 3210 1495 3252 exterior
1533 3206 1747 3251 Oceanus
1770 3239 1782 3252 .
1807 3239 1820 3253 .
1847 3241 1860 3254 .
1895 3212 1968 3265 gi-

1075 3271 1189 3324 gnit.
1249 3267 1316 3310 Ne
1351 3267 1480 3309 unice
1513 3266 1681 3320 cogites
1718 3265 1773 3308 de
1809 3266 1970 3313 belluis

1071 3325 1255 3369 marinis
1277 3333 1354 3367 aut
1377 3323 1596 3380 piscibus,
1621 3321 1666 3364 id
1688 3325 1808 3379 quod
1819 3323 1971 3384 Lipsio

1041 3383 1344 3439 ⁸Bar-thioque
1374 3380 1587 3423 accidisse
1619 3378 1853 3433 videmus,
1891 3383 1969 3427 sed

1075 3439 1338 3486 exteriorem
1384 3437 1620 3480 Oceanum
1674 3436 1971 3498 ignotumque

1075 3513 1198 3543 mare
1221 3494 1524 3552 metonymice
1545 3492 1735 3551 accipias
1756 3497 1886 3541 etiam
1913 3498 1969 3543 de

1078 3554 1239 3601 insulis
1264 3551 1437 3599 Oceani
1460 3550 1654 3609 orisque.
