2150 4022
252 255 378 320 254
729 253 854 314 DE
913 247 1575 321 ORATORIBUS

254 388 369 463 ipsi
411 384 789 443 adcumulare
835 395 892 442 et
929 386 994 443 in
1039 386 1186 443 alios
1233 407 1545 463 congerere
1588 387 1929 469 promptum
1967 386 2094 452 'est-2

252 473 607 532 Marcellum
653 482 848 526 autem
903 483 960 529 et
1007 470 1284 547 Crispum
1345 475 1622 532 adtulisse
1658 477 1734 534 ad
1775 478 2098 536 amicitiam

253 579 447 626 suam,
491 557 651 632 quod
682 575 805 611 non
838 576 870 611 a
895 557 1164 633 principe
1198 559 1529 634 acceperint
1549 581 1658 617 nec
1684 563 1868 638 accipi
1895 563 2098 638 possit.

253 642 578 700 Minimum
607 641 761 696 inter
787 652 875 713 tot
900 663 966 698 ac
999 642 1386 718 tantallocum
1412 645 1683 703 obtinent
1707 647 1992 722 imagines
2030 668 2099 705 ac

243 727 413 785 ‘tituli
462 738 519 784 et
563 737 815 796 statuae,
882 747 1029 804 quae
1070 747 1263 804 neque
1307 727 1433 802 ipsa
1473 741 1668 787 tamen
1715 733 2098 807 negliguntur

252 825 375 869 tam
405 810 660 868 Hercule
683 831 860 887 quam
897 812 1138 868 divitiae
1168 824 1224 869 et
1250 820 1420 887 ope5‚
1477 835 1620 890 quas
1656 817 1887 874 facilius
1928 818 2099 875 inve-

247 898 406 967 nieS‚
452 897 553 974 qui
577 897 871 972 vituperet
902 917 1078 973 quam
1106 898 1207 974 qui
1231 898 1507 956 fastidiat.
1579 896 1672 956 his
1697 902 1878 976 igitur
1907 915 1963 961 et
1985 900 2100 960 ho-

239 983 499 1039 noribus
538 993 593 1038 et
617 983 976 1038 ornamentis
1004 994 1060 1038 et
1087 983 1464 1040 facultatibus
1493 985 1734 1043 refertas
1759 988 1968 1045 domos
1995 1009 2097 1045 eo-

247 1089 384 1125 rum
421 1068 715 1137 videmus,
772 1067 876 1143 qui
901 1086 960 1123 se
991 1069 1065 1124 ab
1093 1067 1335 1124 ineunte
1365 1070 1754 1129 adolescentia
1785 1073 1974 1130 causis
2003 1075 2098 1131 fo-

247 1154 518 1210 rensibus
545 1164 600 1210 et
621 1152 877 1210 oratorio
904 1153 1098 1211 studio
1127 1154 1437 1215 dederunt.

418 1262 525 1324 IX.
565 1262 718 1320 Nam
756 1263 1016 1320 carmina
1050 1276 1107 1322 et
1144 1284 1378 1336 verSUS,
1434 1267 1650 1343 quibus
1688 1279 1872 1325 totam
1911 1267 2098 1325 vitam

246 1348 560 1408 Maternus
583 1349 878 1407 insumere
903 1360 1066 1423 optat
1087 1348 1255 1427 (inde
1278 1351 1435 1406 enim
1462 1354 1657 1409 omnis
1681 1354 1852 1411 fluxit
1877 1350 2096 1430 oratio)

246 1455 439 1511 neque
484 1431 831 1506 dignitatem
870 1434 1057 1490 ullam
1096 1437 1436 1493 auctoribus
1471 1438 1592 1494 suis
1635 1438 1954 1496 conciliant
1988 1459 2097 1494 ne-

246 1541 361 1597 que
384 1520 664 1584 utilitates
689 1519 882 1575 alunt:
928 1520 1291 1595 voluptatem
1322 1534 1516 1579 autem
1542 1523 1815 1593 brevem,
1857 1523 2097 1580 laudem

247 1607 489 1663 inanem
521 1615 576 1662 et
605 1605 1032 1662 infructuosam
1066 1619 1524 1683 consequuntur.
1608 1607 1776 1666 Licet
1800 1603 1945 1666 haec
1967 1608 2096 1684 ipsa

243 1810 356 1850 vett.
391 1801 607 1845 omittunt
638 1802 718 1850 iis,
764 1816 857 1858 quo
892 1817 1022 1858 aegre
1056 1818 1135 1846 ca·

241 1876 445 1911 reamus;
501 1875 638 1916 quare
668 1858 844 1917 Lipsius
879 1859 966 1902 iam
1000 1859 1137 1917 adpo·

220 1919 331 1963 *suit
353 1925 455 1975 post
477 1918 588 1966 niti,
622 1916 750 1974 eique
775 1917 1010 1974 obsequuti
1031 1924 1136 1960 sunt

241 1975 436 2019 editores
459 1974 670 2031 deinceps
693 1990 867 2018 omnes.
886 1998 942 2006 -
971 1973 1134 2017 Paullo

240 2040 344 2093 post
365 2030 501 2075 MSS.
523 2030 664 2088 Neap.
688 2030 869 2086 [Farn.]
893 2039 937 2074 et
957 2030 1133 2074 Vatiec.

241 2106 346 2135 cum
378 2087 483 2132 edd.
511 2087 706 2144 antiquis
732 2087 886 2131 vitiose
917 2088 1135 2146 praebent

239 2147 376 2203 ipsis,
418 2145 541 2203 quod
574 2144 747 2203 Lipsius
782 2154 906 2188 recte
940 2145 1135 2190 mutavit

238 2206 288 2249 in
321 2203 439 2259 ipsi,
477 2203 532 2246 de
554 2201 827 2260 Vespasiano
863 2201 986 2245 enim
1017 2201 1133 2246 aeci·

236 2261 454 2322 piendum
505 2268 588 2303 est.
643 2287 702 2296 -
769 2259 1007 2303 Praeterea
1048 2275 1134 2318 pro

238 2323 364 2378 quod
385 2349 397 2363 .
412 2350 423 2361 .
438 2351 450 2363 .
471 2317 735 2371 acceperint
756 2316 804 2361 in
829 2317 898 2360 ed.
918 2316 1039 2374 Spir.
1064 2333 1132 2360 ex·

234 2385 324 2422 stat
354 2377 489 2433 quid,
529 2373 653 2418 facili
685 2389 866 2426 errore,
904 2373 942 2417 si
969 2374 1133 2419 littera·

236 2451 343 2479 rum
367 2431 636 2491 compendia
658 2433 949 2491 reputaveris.

293 2521 522 2574 :magines
560 2533 616 2561 ac
659 2518 797 2561 tituli.
878 2516 955 2561 Sic
997 2515 1134 2564 MSS.

227 2579 378 2637 'Neap.
403 2585 445 2620 et
468 2578 623 2628 Farn.‚
667 2591 717 2618 ex
753 2589 843 2633 quo
877 2574 1135 2619 emendavit

238 2637 412 2694 Lipsius
437 2634 637 2677 vitiosam
663 2633 763 2676 edd.
787 2633 956 2691 antiqu.
979 2632 1133 2676 lectio-

236 2711 342 2738 nem
367 2694 594 2747 imagines
616 2692 770 2734 Attali
787 2689 886 2742 vel,
915 2699 964 2733 ut
985 2690 1031 2732 in
1058 2689 1131 2734 ed.

235 2753 354 2810 Spir.
404 2765 660 2808 expressum
706 2756 771 2790 est
815 2747 971 2790 attali.
1057 2745 1131 2790 Cf.

234 2810 356 2866 Lips.
382 2808 539 2864 Antiq.
563 2806 686 2850 Lect.
711 2804 746 2854 I,
769 2805 838 2848 16.
901 2804 1130 2848 ludicatur

234 2882 342 2909 vero
365 2873 408 2906 et
431 2865 500 2906 ius
522 2863 770 2921 imaginum
785 2894 798 2911 ‚
827 2861 1129 2907 nobilioribus

234 2931 411 2968 tantum
435 2937 712 2972 concessum,
736 2928 777 2963 et
799 2920 970 2962 indices
988 2919 1130 2962 hono·

234 2996 337 3025 rum
379 2994 622 3035 rerumque
657 2985 907 3035 gestarum,
961 2975 1035 3034 qui
1081 2975 1128 3018 in

233 3035 418 3086 statuis,
461 3034 767 3078 monumentis
803 3032 1128 3091 sepulcr-alibus

234 3103 280 3138 et
312 3095 358 3136 in
395 3093 500 3151 ipsis
535 3092 720 3135 aedibus
748 3091 866 3148 affigi
908 3089 1127 3134 solebant.

233 3152 311 3197 Sic
334 3150 450 3194 infra
473 3166 516 3194 c.
539 3151 608 3192 11.
635 3164 751 3191 aera
774 3155 818 3191 et
843 3149 1088 3202 imagines.

256 3253 436 3295 -quam
476 3236 558 3293 qui
595 3235 827 3285 fastidiat.
905 3235 956 3278 Id
1000 3250 1127 3293 prae-

233 3295 345 3338 bent
389 3293 524 3338 MSS.
568 3292 659 3335 Nea
696 3323 708 3335 .
753 3301 796 3335 et
831 3292 1002 3336 Vaticc.
1047 3292 1124 3346 [de

231 3354 369 3397 Farn.
402 3356 593 3406 tacetur]
630 3309 697 3394 ed).
720 3350 837 3405 Spir.
875 3350 1027 3404 (falsus
1061 3357 1127 3392 est

231 3410 352 3453 enirn
367 3407 583 3461 Dronk.)‚
614 3415 883 3465 receperunt
895 3406 1125 3451 Ernestius

232 3467 596 3524 recentioresque
629 3479 802 3507 omnes.
874 3463 997 3507 Idem
1033 3463 1123 3522 pri-

233 3524 338 3566 dem
361 3529 655 3581 proposuerat
675 3520 899 3564 Muretus.
960 3521 1074 3566 Edd.
1096 3539 1121 3566 a

231 3580 469 3626 Puteolani
512 3580 616 3625 inde
668 3578 832 3624 Veneta
874 3594 1015 3638 usque
1064 3579 1120 3625 ad

1205 1800 1385 1846 Ernest.
1410 1801 1627 1846 omittunt
1655 1817 1914 1870 pronomen
1942 1802 2099 1861 relati-

1206 1876 1343 1910 vum,
1375 1859 1509 1903 male.
1568 1859 1628 1903 cf.
1663 1862 1786 1904 infra
1816 1877 1859 1906 c..
1883 1862 1951 1905 12.
1974 1865 2085 1917 'plu-

1206 1931 1285 1960 res
1323 1919 1457 1960 hodie
1498 1917 1699 1971 reperies
1743 1919 1824 1974 qui
1861 1920 2097 1966 Cicer-anie

1206 1977 1406 2030 gloriam
1438 1989 1582 2031 quam
1617 1976 1700 2032 qui
1716 1976 1908 2030 Virgilii
1929 1979 2092 2021 detra·

1207 2039 1347 2076 etent-

1264 2116 1325 2157 ab
1352 2115 1540 2158 meante
1565 2115 1897 2160 adolescentia.
1953 2116 2096 2164 MSS.

1206 2170 1346 2230 Neap.
1369 2174 1433 2228 [et
1453 2173 1589 2216 Farn.
1612 2172 1729 2231 apud
1748 2171 1912 2232 Beth]
1936 2177 1996 2218 ab
2019 2176 2093 2219 in-

1204 2238 1341 2272 eunte
1363 2237 1524 2273 aetate
1545 2233 1886 2283 adolescentia,
1914 2231 2094 2279 addida-

1204 2295 1361 2331 mento
1383 2287 1554 2347 inepto.

1264 2386 1436 2433 cm9.
1465 2390 1679 2432 carmina
1698 2396 1744 2432 et
1763 2405 1940 2437 versus.
1978 2391 2093 2452 Syn·

1206 2460 1400 2503 onyma‚
1443 2452 1493 2489 ut
1528 2463 1626 2505 cap.
1651 2448 1959 2493 antecedenti:
2000 2465 2091 2493 nu-

1204 2519 1315 2547 men
1338 2512 1383 2546 et
1408 2506 1619 2548 coelestis
1640 2504 1709 2548 vis
1733 2512 1802 2548 et:
1833 2507 2022 2551 diuitiae
2047 2515 2094 2550 et

1204 2575 1336 2615 opes,
1371 2578 1394 2604 a
1429 2559 1591 2618 quibus
1618 2564 1920 2622 ταυτολογίας
1950 2563 2092 2624 suspi-

1202 2620 1276 2663 cio
1298 2618 1572 2664 removenda
1591 2628 1671 2664 est.

1262 2720 1487 2761 utilitates
1523 2721 1674 2764 alunt.
1749 2718 2002 2766 Haeserunt
2041 2721 2090 2766 in

1201 2775 1268 2820 his
1290 2793 1364 2821 vv.
1377 2775 1595 2826 Barthius,
1620 2777 1696 2835 qui
1711 2776 1905 2822 Advers.
1917 2778 2092 2832 XLIV..

1200 2834 1274 2877 25.
1306 2849 1351 2892 p.
1376 2832 1507 2876 2038.
1537 2834 1620 2891 legi
1649 2834 1772 2881 vultx
1807 2838 2008 2880 utilitate
2037 2851 2091 2881 se

1200 2893 1362 2942 alunt,
1391 2898 1441 2932 ut
1463 2891 1544 2933 sit:
1582 2907 1678 2935 non
1703 2899 1878 2937 tantum
1905 2895 2093 2952 praemii

1202 2947 1375 2991 auctori
1416 2947 1644 3004 referunt,
1698 2957 1915 3008 quantum
1956 2950 2006 2994 in
2038 2967 2090 2996 ea

1198 3013 1404 3062 sumptus
1426 3004 1573 3048 faeere
1593 3022 1773 3051 necesse
1799 3016 1892 3062 est3
1915 3018 2088 3052 nostra·

1198 3062 1310 3106 tium
1336 3077 1348 3106 ε
1420 3062 1488 3103 sie
1549 3065 1934 3109 verzhteressiren
1989 3066 2089 3109 sich

1196 3120 1344 3163 nicht.
1404 3118 1693 3165 Gutmannus
1721 3123 1936 3168 malebat:
1966 3123 2089 3166 utili-

1197 3185 1323 3220 tates
1356 3180 1562 3227 addunt,
1611 3194 1807 3236 quorum
1841 3179 2088 3227 verborum

1194 3234 1410 3278 sententia
1467 3235 1622 3278 eadem
1679 3246 1778 3287 est,
1866 3253 1920 3283 ac
2003 3252 2087 3282 uae

1194 3291 1367 3347 vulgata
1389 3292 1611 3349 scriptura
1637 3293 1912 3352 exprimitur.
2011 3309 2087 3338 oe·

1196 3355 1287 3391 tam
1320 3347 1430 3392 nihil
1468 3351 1699 3395 commodi
1729 3351 1813 3395 sibi
1843 3367 2002 3417 parere
2033 3367 2086 3395 ex

1195 3405 1401 3451 versibus
1430 3405 1674 3460 faciendis,
1714 3408 1934 3466 significat
1967 3408 2086 3453 scri-

1194 3470 1314 3522 ptor.
1375 3464 1646 3508 Insolentior
1676 3464 1896 3509 videbitur
1925 3481 2084 3508 nume·

1193 3536 1269 3564 rus
1299 3519 1505 3578 pluralis,
1539 3522 1615 3565 sed
1642 3538 1694 3564 eo
1719 3523 1864 3579 posito
1890 3522 2082 3566 orationi

1193 3577 1410 3625 maiorem
1433 3623 1436 3626 Α
1461 3579 1557 3629 vim
1612 3579 1858 3628 conciliare
1901 3579 2082 3625 student
