<?xml version="1.0" encoding="UTF-8"?>
<!DOCTYPE html PUBLIC "-//W3C//DTD XHTML 1.0 Transitional//EN"
    "http://www.w3.org/TR/xhtml1/DTD/xhtml1-transitional.dtd">
<html xmlns="http://www.w3.org/1999/xhtml" xml:lang="en" lang="en">
 <head>
  <title>
</title>
<meta http-equiv="Content-Type" content="text/html;charset=utf-8" />
  <meta name='ocr-system' content='tesseract 3.04.00' />
  <meta name='ocr-capabilities' content='ocr_page ocr_carea ocr_par ocr_line ocrx_word'/>
</head>
<body>
  <div class='ocr_page' id='page_1' title='image "./operarecensuitet04taciuoft_0189.png"; bbox 0 0 2150 4022; ppageno 0'>
   <div class='ocr_carea' id='block_1_1' title="bbox 399 243 2017 317">
    <p class='ocr_par' dir='ltr' id='par_1_1' title="bbox 399 243 2017 317">
     <span class='ocr_line' id='line_1_1' title="bbox 399 243 2017 317; baseline -0.006 -3"><span class='ocrx_word' id='word_1_1' title='bbox 399 250 650 314; x_wconf 86' lang='lat' dir='ltr'>IULII</span> <span class='ocrx_word' id='word_1_2' title='bbox 685 245 1006 317; x_wconf 81' lang='lat' dir='ltr'><strong>AGRIC.</strong></span> <span class='ocrx_word' id='word_1_3' title='bbox 1053 248 1290 311; x_wconf 83' lang='lat' dir='ltr'><strong>VITA</strong></span> <span class='ocrx_word' id='word_1_4' title='bbox 1333 243 1655 312; x_wconf 69' lang='lat' dir='ltr'><strong>CAP.2&#39;8.</strong></span> <span class='ocrx_word' id='word_1_5' title='bbox 1687 248 1788 307; x_wconf 74' lang='lat'><strong>29.</strong></span> <span class='ocrx_word' id='word_1_6' title='bbox 1897 248 2017 307; x_wconf 84' lang='lat'><strong>173</strong></span> 
     </span>
    </p>
   </div>
   <div class='ocr_carea' id='block_1_2' title="bbox 103 379 2021 1228">
    <p class='ocr_par' dir='ltr' id='par_1_2' title="bbox 103 379 2021 952">
     <span class='ocr_line' id='line_1_2' title="bbox 166 379 2021 463; baseline -0.004 -19"><span class='ocrx_word' id='word_1_7' title='bbox 166 387 335 463; x_wconf 86' lang='lat' dir='ltr'><strong>opiae</strong></span> <span class='ocrx_word' id='word_1_8' title='bbox 386 402 630 451; x_wconf 88' lang='lat' dir='ltr'><strong>venere,</strong></span> <span class='ocrx_word' id='word_1_9' title='bbox 678 391 773 441; x_wconf 77' lang='lat' dir='ltr'><strong>&#39;&#39;ut</strong></span> <span class='ocrx_word' id='word_1_10' title='bbox 822 379 1256 437; x_wconf 88' lang='lat' dir='ltr'><strong>infirmissimos</strong></span> <span class='ocrx_word' id='word_1_11' title='bbox 1321 396 1595 449; x_wconf 85' lang='lat' dir='ltr'><strong>suorum,</strong></span> <span class='ocrx_word' id='word_1_12' title='bbox 1673 398 1809 435; x_wconf 84' lang='lat' dir='ltr'><strong>mox</strong></span> <span class='ocrx_word' id='word_1_13' title='bbox 1865 391 2021 444; x_wconf 84' lang='lat' dir='ltr'><strong>sorte</strong></span> 
     </span>
     <span class='ocr_line' id='line_1_3' title="bbox 169 461 2019 541; baseline -0.005 -12"><span class='ocrx_word' id='word_1_14' title='bbox 169 474 374 531; x_wconf 82' lang='lat' dir='ltr'><strong>ductos</strong></span> <span class='ocrx_word' id='word_1_15' title='bbox 407 477 801 532; x_wconf 79' lang='lat' dir='ltr'><strong>vescerentur.</strong></span> <span class='ocrx_word' id='word_1_16' title='bbox 889 477 1062 541; x_wconf 87' lang='lat' dir='ltr'><strong>atque</strong></span> <span class='ocrx_word' id='word_1_17' title='bbox 1097 465 1179 521; x_wconf 91' lang='lat' dir='ltr'><strong>ita</strong></span> <span class='ocrx_word' id='word_1_18' title='bbox 1222 465 1596 522; x_wconf 85' lang='lat' dir='ltr'><strong>circumvecti</strong></span> <span class='ocrx_word' id='word_1_19' title='bbox 1626 461 2019 534; x_wconf 77' lang='lat' dir='ltr'>Britanniam,</span> 
     </span>
     <span class='ocr_line' id='line_1_4' title="bbox 165 549 2019 628; baseline -0.004 -14"><span class='ocrx_word' id='word_1_20' title='bbox 165 555 390 619; x_wconf 85' lang='lat' dir='ltr'><strong>amissis</strong></span> <span class='ocrx_word' id='word_1_21' title='bbox 422 574 527 628; x_wconf 87' lang='lat' dir='ltr'><strong>per</strong></span> <span class='ocrx_word' id='word_1_22' title='bbox 563 552 856 617; x_wconf 87' lang='lat' dir='ltr'><strong>inscitiam</strong></span> <span class='ocrx_word' id='word_1_23' title='bbox 885 550 1131 623; x_wconf 86' lang='lat' dir='ltr'><strong>regendi</strong></span> <span class='ocrx_word' id='word_1_24' title='bbox 1152 551 1430 618; x_wconf 78' lang='lat' dir='ltr'><strong>navibUS,</strong></span> <span class='ocrx_word' id='word_1_25' title='bbox 1473 571 1582 625; x_wconf 92' lang='lat' dir='ltr'><strong>pro</strong></span> <span class='ocrx_word' id='word_1_26' title='bbox 1619 549 2019 624; x_wconf 85' lang='lat' dir='ltr'><strong>praedonibus</strong></span> 
     </span>
     <span class='ocr_line' id='line_1_5' title="bbox 163 633 2019 713; baseline -0.004 -15"><span class='ocrx_word' id='word_1_27' title='bbox 163 637 380 709; x_wconf 88' lang='lat' dir='ltr'><strong>habiti,</strong></span> <span class='ocrx_word' id='word_1_28' title='bbox 425 638 684 713; x_wconf 86' lang='lat' dir='ltr'><strong>primum</strong></span> <span class='ocrx_word' id='word_1_29' title='bbox 714 657 743 692; x_wconf 90' lang='lat' dir='ltr'><strong>a</strong></span> <span class='ocrx_word' id='word_1_30' title='bbox 772 635 1009 704; x_wconf 79' lang='lat' dir='ltr'><strong>SueviS,</strong></span> <span class='ocrx_word' id='word_1_31' title='bbox 1052 656 1190 705; x_wconf 84' lang='lat' dir='ltr'><strong>mox</strong></span> <span class='ocrx_word' id='word_1_32' title='bbox 1221 655 1254 690; x_wconf 92' lang='lat' dir='ltr'><strong>a</strong></span> <span class='ocrx_word' id='word_1_33' title='bbox 1282 633 1489 691; x_wconf 83' lang='lat' dir='ltr'>Frisiis</span> <span class='ocrx_word' id='word_1_34' title='bbox 1518 635 1827 709; x_wconf 85' lang='lat' dir='ltr'><strong>intercepti</strong></span> <span class='ocrx_word' id='word_1_35' title='bbox 1862 646 2019 695; x_wconf 89' lang='lat' dir='ltr'><strong>sunt.</strong></span> 
     </span>
     <span class='ocr_line' id='line_1_6' title="bbox 103 720 2018 799; baseline -0.004 -16"><span class='ocrx_word' id='word_1_36' title='bbox 103 732 105 735; x_wconf 76' lang='grc'>’</span> <span class='ocrx_word' id='word_1_37' title='bbox 163 745 229 783; x_wconf 88' lang='lat' dir='ltr'><strong>ac</strong></span> <span class='ocrx_word' id='word_1_38' title='bbox 254 726 417 781; x_wconf 88' lang='lat' dir='ltr'><strong>fuere</strong></span> <span class='ocrx_word' id='word_1_39' title='bbox 434 769 451 792; x_wconf 95' lang='lat'>,</span> <span class='ocrx_word' id='word_1_40' title='bbox 490 742 637 799; x_wconf 91' lang='lat' dir='ltr'><strong>quos</strong></span> <span class='ocrx_word' id='word_1_41' title='bbox 663 742 768 797; x_wconf 91' lang='lat' dir='ltr'><strong>per</strong></span> <span class='ocrx_word' id='word_1_42' title='bbox 793 720 1139 777; x_wconf 87' lang='lat' dir='ltr'><strong>commercia</strong></span> <span class='ocrx_word' id='word_1_43' title='bbox 1167 722 1554 777; x_wconf 80' lang='lat' dir='ltr'><strong>venumdatos</strong></span> <span class='ocrx_word' id='word_1_44' title='bbox 1581 731 1637 777; x_wconf 88' lang='lat' dir='ltr'><strong>et</strong></span> <span class='ocrx_word' id='word_1_45' title='bbox 1663 720 1726 776; x_wconf 91' lang='lat' dir='ltr'><strong>in</strong></span> <span class='ocrx_word' id='word_1_46' title='bbox 1755 731 2018 776; x_wconf 87' lang='lat' dir='ltr'><strong>nostram</strong></span> 
     </span>
     <span class='ocr_line' id='line_1_7' title="bbox 161 805 2018 886; baseline -0.004 -18"><span class='ocrx_word' id='word_1_47' title='bbox 161 830 346 886; x_wconf 86' lang='lat' dir='ltr'><strong>usque</strong></span> <span class='ocrx_word' id='word_1_48' title='bbox 393 809 584 883; x_wconf 82' lang='lat' dir='ltr'>ripam</span> <span class='ocrx_word' id='word_1_49' title='bbox 632 807 958 863; x_wconf 83' lang='lat' dir='ltr'><strong>mutatione</strong></span> <span class='ocrx_word' id='word_1_50' title='bbox 1003 806 1322 873; x_wconf 87' lang='lat' dir='ltr'><strong>ementium</strong></span> <span class='ocrx_word' id='word_1_51' title='bbox 1359 806 1672 874; x_wconf 77' lang='lat' dir='ltr'><strong>adduct05‚</strong></span> <span class='ocrx_word' id='word_1_52' title='bbox 1730 805 2018 862; x_wconf 87' lang='lat' dir='ltr'><strong>indicium</strong></span> 
     </span>
     <span class='ocr_line' id='line_1_8' title="bbox 195 892 900 952; baseline -0.006 0"><span class='ocrx_word' id='word_1_53' title='bbox 195 895 321 952; x_wconf 86' lang='lat' dir='ltr'><strong>anti</strong></span> <span class='ocrx_word' id='word_1_54' title='bbox 348 914 512 951; x_wconf 85' lang='lat' dir='ltr'><strong>casus</strong></span> <span class='ocrx_word' id='word_1_55' title='bbox 546 892 900 950; x_wconf 83' lang='lat' dir='ltr'><strong>inlustravit.</strong></span> 
     </span>
    </p>

    <p class='ocr_par' dir='ltr' id='par_1_3' title="bbox 162 963 2020 1228">
     <span class='ocr_line' id='line_1_9' title="bbox 329 963 2020 1048; baseline -0.002 -13"><span class='ocrx_word' id='word_1_56' title='bbox 329 972 552 1038; x_wconf 89' lang='lat' dir='ltr'><strong>XXIX.</strong></span> <span class='ocrx_word' id='word_1_57' title='bbox 642 963 822 1034; x_wconf 88' lang='lat' dir='ltr'><strong>Initio</strong></span> <span class='ocrx_word' id='word_1_58' title='bbox 855 975 1085 1033; x_wconf 87' lang='lat' dir='ltr'><strong>aestatis</strong></span> <span class='ocrx_word' id='word_1_59' title='bbox 1116 970 1394 1048; x_wconf 82' lang='lat' dir='ltr'><strong>Agricola</strong></span> <span class='ocrx_word' id='word_1_60' title='bbox 1430 974 1747 1030; x_wconf 88' lang='lat' dir='ltr'><strong>domestico</strong></span> <span class='ocrx_word' id='word_1_61' title='bbox 1773 975 2020 1038; x_wconf 83' lang='lat' dir='ltr'><strong>vulnere</strong></span> 
     </span>
     <span class='ocr_line' id='line_1_10' title="bbox 162 1059 2019 1135; baseline -0.003 -14"><span class='ocrx_word' id='word_1_62' title='bbox 162 1065 311 1123; x_wconf 88' lang='lat' dir='ltr'><strong>ictus</strong></span> <span class='ocrx_word' id='word_1_63' title='bbox 337 1085 494 1120; x_wconf 89' lang='lat' dir='ltr'><strong>anno</strong></span> <span class='ocrx_word' id='word_1_64' title='bbox 524 1074 658 1120; x_wconf 85' lang='lat' dir='ltr'><strong>ante</strong></span> <span class='ocrx_word' id='word_1_65' title='bbox 696 1074 901 1119; x_wconf 88' lang='lat' dir='ltr'><strong>natum</strong></span> <span class='ocrx_word' id='word_1_66' title='bbox 941 1061 1128 1118; x_wconf 89' lang='lat' dir='ltr'><strong>filium</strong></span> <span class='ocrx_word' id='word_1_67' title='bbox 1157 1059 1370 1121; x_wconf 85' lang='lat' dir='ltr'><strong>amisit.</strong></span> <span class='ocrx_word' id='word_1_68' title='bbox 1459 1079 1632 1135; x_wconf 87' lang='lat' dir='ltr'><strong>quem</strong></span> <span class='ocrx_word' id='word_1_69' title='bbox 1676 1079 1873 1116; x_wconf 89' lang='lat' dir='ltr'><strong>casum</strong></span> <span class='ocrx_word' id='word_1_70' title='bbox 1910 1081 2019 1121; x_wconf 44' lang='lat' dir='ltr'><strong>ne-</strong></span> 
     </span>
     <span class='ocr_line' id='line_1_11' title="bbox 162 1144 2015 1228; baseline -0.002 -21"><span class='ocrx_word' id='word_1_71' title='bbox 162 1171 307 1228; x_wconf 89' lang='lat' dir='ltr'><strong>que,</strong></span> <span class='ocrx_word' id='word_1_72' title='bbox 361 1161 427 1206; x_wconf 89' lang='lat' dir='ltr'><strong>ut</strong></span> <span class='ocrx_word' id='word_1_73' title='bbox 477 1149 743 1225; x_wconf 87' lang='lat' dir='ltr'><strong>plerique</strong></span> <span class='ocrx_word' id='word_1_74' title='bbox 792 1146 1035 1204; x_wconf 88' lang='lat' dir='ltr'><strong>sortium</strong></span> <span class='ocrx_word' id='word_1_75' title='bbox 1075 1145 1371 1215; x_wconf 90' lang='lat' dir='ltr'><strong>virorum,</strong></span> <span class='ocrx_word' id='word_1_76' title='bbox 1424 1144 1770 1215; x_wconf 83' lang='lat' dir='ltr'><strong>ambitiose,</strong></span> <span class='ocrx_word' id='word_1_77' title='bbox 1821 1163 2015 1223; x_wconf 84' lang='lat' dir='ltr'><strong>neque</strong></span> 
     </span>
    </p>
   </div>
   <div class='ocr_carea' id='block_1_3' title="bbox 1125 1383 2018 1499">
    <p class='ocr_par' dir='ltr' id='par_1_4' title="bbox 1125 1383 2018 1499">
     <span class='ocr_line' id='line_1_12' title="bbox 1125 1383 2018 1438; baseline 0.002 -11"><span class='ocrx_word' id='word_1_78' title='bbox 1125 1383 1391 1428; x_wconf 84' lang='lat' dir='ltr'><strong>narrationis</strong></span> <span class='ocrx_word' id='word_1_79' title='bbox 1441 1384 1618 1429; x_wconf 87' lang='lat' dir='ltr'><strong>ordine.</strong></span> <span class='ocrx_word' id='word_1_80' title='bbox 1708 1384 1822 1428; x_wconf 82' lang='lat' dir='ltr'><strong>Nam</strong></span> <span class='ocrx_word' id='word_1_81' title='bbox 1866 1386 2018 1438; x_wconf 84' lang='lat' dir='ltr'><strong>verba,</strong></span> 
     </span>
     <span class='ocr_line' id='line_1_13' title="bbox 1126 1442 2017 1499; baseline 0.002 -15"><span class='ocrx_word' id='word_1_82' title='bbox 1126 1457 1237 1499; x_wconf 89' lang='lat' dir='ltr'><strong>quae</strong></span> <span class='ocrx_word' id='word_1_83' title='bbox 1260 1458 1300 1485; x_wconf 92' lang='lat' dir='ltr'><strong>c.</strong></span> <span class='ocrx_word' id='word_1_84' title='bbox 1325 1443 1394 1483; x_wconf 75' lang='lat'><strong>27.</strong></span> <span class='ocrx_word' id='word_1_85' title='bbox 1427 1450 1538 1484; x_wconf 89' lang='lat' dir='ltr'><strong>extr.</strong></span> <span class='ocrx_word' id='word_1_86' title='bbox 1578 1442 1811 1498; x_wconf 83' lang='lat' dir='ltr'><strong>leguntur:</strong></span> <span class='ocrx_word' id='word_1_87' title='bbox 1844 1445 1913 1486; x_wconf 83' lang='lat' dir='ltr'><strong>ita</strong></span> <span class='ocrx_word' id='word_1_88' title='bbox 1942 1446 2017 1486; x_wconf 83' lang='lat' dir='ltr'><strong>in·</strong></span> 
     </span>
    </p>
   </div>
   <div class='ocr_carea' id='block_1_4' title="bbox 1123 1499 2014 1554">
    <p class='ocr_par' dir='ltr' id='par_1_5' title="bbox 1123 1499 2014 1554">
     <span class='ocr_line' id='line_1_14' title="bbox 1123 1499 2014 1554; baseline 0.002 -14"><span class='ocrx_word' id='word_1_89' title='bbox 1123 1499 1282 1541; x_wconf 81' lang='lat' dir='ltr'><strong>ritatis</strong></span> <span class='ocrx_word' id='word_1_90' title='bbox 1305 1501 1518 1554; x_wconf 80' lang='lat' dir='ltr'><strong>utrinque</strong></span> <span class='ocrx_word' id='word_1_91' title='bbox 1541 1501 1722 1542; x_wconf 82' lang='lat' dir='ltr'><strong>animis</strong></span> <span class='ocrx_word' id='word_1_92' title='bbox 1745 1503 2014 1550; x_wconf 66' lang='lat' dir='ltr'><strong>dissessum,</strong></span> 
     </span>
    </p>
   </div>
   <div class='ocr_carea' id='block_1_5' title="bbox 159 1376 1053 1493">
    <p class='ocr_par' dir='ltr' id='par_1_6' title="bbox 159 1376 1053 1493">
     <span class='ocr_line' id='line_1_15' title="bbox 215 1376 1051 1445; baseline -0.007 -13"><span class='ocrx_word' id='word_1_93' title='bbox 215 1376 355 1445; x_wconf 65' lang='lat' dir='ltr'><strong>atoue</strong></span> <span class='ocrx_word' id='word_1_94' title='bbox 375 1389 443 1429; x_wconf 83' lang='lat' dir='ltr'><strong>ita</strong></span> <span class='ocrx_word' id='word_1_95' title='bbox 465 1384 770 1430; x_wconf 81' lang='lat' dir='ltr'><strong>circumvecti.</strong></span> <span class='ocrx_word' id='word_1_96' title='bbox 822 1385 904 1436; x_wconf 79' lang='lat' dir='ltr'><strong>ita,</strong></span> <span class='ocrx_word' id='word_1_97' title='bbox 929 1385 1051 1444; x_wconf 87' lang='lat' dir='ltr'><strong>quod</strong></span> 
     </span>
     <span class='ocr_line' id='line_1_16' title="bbox 159 1443 1053 1493; baseline -0.003 -5"><span class='ocrx_word' id='word_1_98' title='bbox 159 1445 206 1489; x_wconf 92' lang='lat' dir='ltr'><strong>in</strong></span> <span class='ocrx_word' id='word_1_99' title='bbox 230 1444 450 1490; x_wconf 74' lang='lat' dir='ltr'><strong>MS.Vat.</strong></span> <span class='ocrx_word' id='word_1_100' title='bbox 467 1444 593 1488; x_wconf 70' lang='lat'><strong>3429.</strong></span> <span class='ocrx_word' id='word_1_101' title='bbox 621 1445 768 1493; x_wconf 84' lang='lat' dir='ltr'><strong>deest,</strong></span> <span class='ocrx_word' id='word_1_102' title='bbox 799 1443 1053 1485; x_wconf 85' lang='lat' dir='ltr'><strong>omiserunt</strong></span> 
     </span>
    </p>
   </div>
   <div class='ocr_carea' id='block_1_6' title="bbox 159 1499 1051 1553">
    <p class='ocr_par' dir='ltr' id='par_1_7' title="bbox 159 1499 1051 1553">
     <span class='ocr_line' id='line_1_17' title="bbox 159 1499 1051 1553; baseline -0.007 -6"><span class='ocrx_word' id='word_1_103' title='bbox 159 1503 344 1549; x_wconf 84' lang='lat' dir='ltr'><strong>Becker.</strong></span> <span class='ocrx_word' id='word_1_104' title='bbox 373 1512 416 1545; x_wconf 91' lang='lat' dir='ltr'><strong>et</strong></span> <span class='ocrx_word' id='word_1_105' title='bbox 437 1501 683 1553; x_wconf 71' lang='lat' dir='ltr'><strong>Hei-telius,</strong></span> <span class='ocrx_word' id='word_1_106' title='bbox 730 1518 775 1544; x_wconf 93' lang='lat' dir='ltr'><strong>se</strong></span> <span class='ocrx_word' id='word_1_107' title='bbox 810 1516 903 1542; x_wconf 93' lang='lat' dir='ltr'><strong>non</strong></span> <span class='ocrx_word' id='word_1_108' title='bbox 939 1499 1051 1542; x_wconf 86' lang='lat' dir='ltr'><strong>desi·</strong></span> 
     </span>
    </p>
   </div>
   <div class='ocr_carea' id='block_1_7' title="bbox 159 1556 1048 1844">
    <p class='ocr_par' dir='ltr' id='par_1_8' title="bbox 159 1556 1048 1844">
     <span class='ocr_line' id='line_1_18' title="bbox 160 1556 934 1619; baseline -0.005 -14"><span class='ocrx_word' id='word_1_109' title='bbox 160 1562 416 1605; x_wconf 87' lang='lat' dir='ltr'><strong>deraturum</strong></span> <span class='ocrx_word' id='word_1_110' title='bbox 439 1559 673 1619; x_wconf 84' lang='lat' dir='ltr'><strong>profitetur</strong></span> <span class='ocrx_word' id='word_1_111' title='bbox 688 1556 934 1601; x_wconf 85' lang='lat' dir='ltr'><strong>Dronkius.</strong></span> 
     </span>
     <span class='ocr_line' id='line_1_19' title="bbox 213 1615 1048 1674; baseline -0.006 -13"><span class='ocrx_word' id='word_1_112' title='bbox 213 1619 425 1674; x_wconf 84' lang='lat' dir='ltr'><strong>primum</strong></span> <span class='ocrx_word' id='word_1_113' title='bbox 449 1634 480 1659; x_wconf 82' lang='lat' dir='ltr'><strong><em>a</em></strong></span> <span class='ocrx_word' id='word_1_114' title='bbox 502 1617 692 1669; x_wconf 83' lang='lat' dir='ltr'><strong>Suevis,</strong></span> <span class='ocrx_word' id='word_1_115' title='bbox 734 1630 854 1657; x_wconf 81' lang='lat' dir='ltr'><strong>mox</strong></span> <span class='ocrx_word' id='word_1_116' title='bbox 885 1632 915 1656; x_wconf 82' lang='lat' dir='ltr'><em>a</em></span> <span class='ocrx_word' id='word_1_117' title='bbox 943 1615 1048 1657; x_wconf 85' lang='lat' dir='ltr'><strong>Fri-</strong></span> 
     </span>
     <span class='ocr_line' id='line_1_20' title="bbox 159 1672 1048 1730; baseline -0.007 -11"><span class='ocrx_word' id='word_1_118' title='bbox 159 1676 257 1720; x_wconf 78' lang='lat' dir='ltr'><strong>siis.</strong></span> <span class='ocrx_word' id='word_1_119' title='bbox 337 1674 512 1718; x_wconf 85' lang='lat' dir='ltr'><strong>Suevos</strong></span> <span class='ocrx_word' id='word_1_120' title='bbox 555 1672 755 1728; x_wconf 74' lang='lat' dir='ltr'><strong>intellige</strong></span> <span class='ocrx_word' id='word_1_121' title='bbox 790 1672 964 1730; x_wconf 85' lang='lat' dir='ltr'><strong>Anglos</strong></span> <span class='ocrx_word' id='word_1_122' title='bbox 1005 1679 1048 1714; x_wconf 87' lang='lat' dir='ltr'><strong>et</strong></span> 
     </span>
     <span class='ocr_line' id='line_1_21' title="bbox 161 1728 1047 1788; baseline -0.007 -11"><span class='ocrx_word' id='word_1_123' title='bbox 161 1733 389 1783; x_wconf 80' lang='lat' dir='ltr'><strong>Aviones,</strong></span> <span class='ocrx_word' id='word_1_124' title='bbox 431 1730 508 1788; x_wconf 91' lang='lat' dir='ltr'><strong>qui</strong></span> <span class='ocrx_word' id='word_1_125' title='bbox 540 1740 660 1773; x_wconf 88' lang='lat' dir='ltr'><strong>trans</strong></span> <span class='ocrx_word' id='word_1_126' title='bbox 692 1728 846 1774; x_wconf 85' lang='lat' dir='ltr'><strong>Albim</strong></span> <span class='ocrx_word' id='word_1_127' title='bbox 884 1728 954 1771; x_wconf 87' lang='lat' dir='ltr'><strong>siti</strong></span> <span class='ocrx_word' id='word_1_128' title='bbox 992 1728 1047 1771; x_wconf 89' lang='lat' dir='ltr'><strong>ad</strong></span> 
     </span>
     <span class='ocr_line' id='line_1_22' title="bbox 160 1786 1047 1844; baseline -0.009 -9"><span class='ocrx_word' id='word_1_129' title='bbox 160 1806 283 1835; x_wconf 88' lang='lat' dir='ltr'><strong>mare</strong></span> <span class='ocrx_word' id='word_1_130' title='bbox 307 1788 582 1833; x_wconf 88' lang='lat' dir='ltr'><strong>occidentale</strong></span> <span class='ocrx_word' id='word_1_131' title='bbox 608 1787 871 1844; x_wconf 78' lang='lat' dir='ltr'><strong>pertinuisse</strong></span> <span class='ocrx_word' id='word_1_132' title='bbox 899 1786 1047 1828; x_wconf 81' lang='lat' dir='ltr'><strong>viden-</strong></span> 
     </span>
    </p>
   </div>
   <div class='ocr_carea' id='block_1_8' title="bbox 158 1842 1048 2012">
    <p class='ocr_par' dir='ltr' id='par_1_9' title="bbox 158 1842 1048 2012">
     <span class='ocr_line' id='line_1_23' title="bbox 158 1842 1048 1893; baseline -0.009 -1"><span class='ocrx_word' id='word_1_133' title='bbox 158 1857 250 1893; x_wconf 89' lang='lat' dir='ltr'><strong>tur.</strong></span> <span class='ocrx_word' id='word_1_134' title='bbox 310 1847 368 1890; x_wconf 85' lang='lat' dir='ltr'><strong>cf.</strong></span> <span class='ocrx_word' id='word_1_135' title='bbox 406 1845 565 1888; x_wconf 86' lang='lat' dir='ltr'><strong>Germ.</strong></span> <span class='ocrx_word' id='word_1_136' title='bbox 601 1861 640 1888; x_wconf 90' lang='lat' dir='ltr'><strong>c.</strong></span> <span class='ocrx_word' id='word_1_137' title='bbox 675 1846 746 1887; x_wconf 84' lang='lat'><strong>40.</strong></span> <span class='ocrx_word' id='word_1_138' title='bbox 784 1851 826 1887; x_wconf 87' lang='lat' dir='ltr'><strong>et</strong></span> <span class='ocrx_word' id='word_1_139' title='bbox 851 1842 1048 1885; x_wconf 82' lang='lat' dir='ltr'><strong>Waleb.</strong></span> 
     </span>
     <span class='ocr_line' id='line_1_24' title="bbox 158 1902 1044 1959; baseline -0.011 -8"><span class='ocrx_word' id='word_1_140' title='bbox 158 1907 214 1952; x_wconf 83' lang='lat' dir='ltr'><strong>ad</strong></span> <span class='ocrx_word' id='word_1_141' title='bbox 263 1904 307 1948; x_wconf 89' lang='lat' dir='ltr'><strong>h.</strong></span> <span class='ocrx_word' id='word_1_142' title='bbox 354 1903 384 1946; x_wconf 91' lang='lat' dir='ltr'><strong>l.</strong></span> <span class='ocrx_word' id='word_1_143' title='bbox 483 1902 571 1944; x_wconf 86' lang='lat' dir='ltr'><strong>Eos</strong></span> <span class='ocrx_word' id='word_1_144' title='bbox 634 1910 782 1944; x_wconf 80' lang='lat' dir='ltr'><strong>autern</strong></span> <span class='ocrx_word' id='word_1_145' title='bbox 847 1903 1044 1959; x_wconf 87' lang='lat' dir='ltr'><strong>primum</strong></span> 
     </span>
     <span class='ocr_line' id='line_1_25' title="bbox 158 1958 1048 2012; baseline -0.013 -3"><span class='ocrx_word' id='word_1_146' title='bbox 158 1983 181 2009; x_wconf 74' lang='lat' dir='ltr'><strong>a</strong></span> <span class='ocrx_word' id='word_1_147' title='bbox 231 1962 416 2012; x_wconf 83' lang='lat' dir='ltr'><strong>suevis,</strong></span> <span class='ocrx_word' id='word_1_148' title='bbox 473 1975 576 2001; x_wconf 79' lang='lat' dir='ltr'><strong>mox</strong></span> <span class='ocrx_word' id='word_1_149' title='bbox 627 1975 650 2001; x_wconf 91' lang='lat' dir='ltr'><strong>a</strong></span> <span class='ocrx_word' id='word_1_150' title='bbox 698 1958 849 2000; x_wconf 85' lang='lat' dir='ltr'><strong>Frisiis</strong></span> <span class='ocrx_word' id='word_1_151' title='bbox 910 1958 1048 1999; x_wconf 81' lang='lat' dir='ltr'><strong>inter-</strong></span> 
     </span>
    </p>
   </div>
   <div class='ocr_carea' id='block_1_9' title="bbox 154 2015 1047 2474">
    <p class='ocr_par' dir='ltr' id='par_1_10' title="bbox 154 2015 1047 2474">
     <span class='ocr_line' id='line_1_26' title="bbox 158 2015 1047 2079; baseline -0.01 -15"><span class='ocrx_word' id='word_1_152' title='bbox 158 2028 311 2079; x_wconf 80' lang='lat' dir='ltr'><strong>ceptos</strong></span> <span class='ocrx_word' id='word_1_153' title='bbox 351 2034 468 2067; x_wconf 91' lang='lat' dir='ltr'><strong>e-sse,</strong></span> <span class='ocrx_word' id='word_1_154' title='bbox 512 2016 572 2059; x_wconf 85' lang='lat' dir='ltr'><strong>ita</strong></span> <span class='ocrx_word' id='word_1_155' title='bbox 605 2015 826 2072; x_wconf 81' lang='lat' dir='ltr'><strong>intellige,</strong></span> <span class='ocrx_word' id='word_1_156' title='bbox 870 2024 919 2057; x_wconf 84' lang='lat' dir='ltr'><strong>ut</strong></span> <span class='ocrx_word' id='word_1_157' title='bbox 956 2030 1047 2056; x_wconf 90' lang='lat' dir='ltr'><strong>non</strong></span> 
     </span>
     <span class='ocr_line' id='line_1_27' title="bbox 158 2072 1046 2128; baseline -0.012 -5"><span class='ocrx_word' id='word_1_158' title='bbox 158 2093 314 2124; x_wconf 88' lang='lat' dir='ltr'><strong>omues</strong></span> <span class='ocrx_word' id='word_1_159' title='bbox 339 2077 494 2124; x_wconf 88' lang='lat' dir='ltr'><strong>simul,</strong></span> <span class='ocrx_word' id='word_1_160' title='bbox 535 2074 609 2116; x_wconf 88' lang='lat' dir='ltr'><strong>sed</strong></span> <span class='ocrx_word' id='word_1_161' title='bbox 644 2073 755 2116; x_wconf 91' lang='lat' dir='ltr'><strong>alios</strong></span> <span class='ocrx_word' id='word_1_162' title='bbox 788 2072 984 2128; x_wconf 86' lang='lat' dir='ltr'><strong>primum</strong></span> <span class='ocrx_word' id='word_1_163' title='bbox 1025 2086 1046 2112; x_wconf 91' lang='lat' dir='ltr'><strong>a</strong></span> 
     </span>
     <span class='ocr_line' id='line_1_28' title="bbox 157 2130 1046 2186; baseline -0.012 -5"><span class='ocrx_word' id='word_1_164' title='bbox 157 2134 333 2183; x_wconf 84' lang='lat' dir='ltr'><strong>Suevis,</strong></span> <span class='ocrx_word' id='word_1_165' title='bbox 364 2134 472 2181; x_wconf 86' lang='lat' dir='ltr'><strong>alios</strong></span> <span class='ocrx_word' id='word_1_166' title='bbox 497 2130 657 2173; x_wconf 86' lang='lat' dir='ltr'><strong>deinde</strong></span> <span class='ocrx_word' id='word_1_167' title='bbox 678 2147 699 2172; x_wconf 90' lang='lat' dir='ltr'><strong>a</strong></span> <span class='ocrx_word' id='word_1_168' title='bbox 716 2130 870 2173; x_wconf 82' lang='lat' dir='ltr'><strong>Frisiis</strong></span> <span class='ocrx_word' id='word_1_169' title='bbox 894 2137 1046 2186; x_wconf 90' lang='lat' dir='ltr'><strong>captos</strong></span> 
     </span>
     <span class='ocr_line' id='line_1_29' title="bbox 155 2185 1047 2250; baseline -0.01 -13"><span class='ocrx_word' id='word_1_170' title='bbox 155 2211 248 2240; x_wconf 83' lang='lat' dir='ltr'><strong>esse</strong></span> <span class='ocrx_word' id='word_1_171' title='bbox 282 2199 428 2250; x_wconf 88' lang='lat' dir='ltr'><strong>putes.</strong></span> <span class='ocrx_word' id='word_1_172' title='bbox 488 2188 590 2231; x_wconf 85' lang='lat' dir='ltr'><strong>Non</strong></span> <span class='ocrx_word' id='word_1_173' title='bbox 625 2188 744 2229; x_wconf 91' lang='lat' dir='ltr'><strong>enim</strong></span> <span class='ocrx_word' id='word_1_174' title='bbox 777 2185 1047 2230; x_wconf 85' lang='lat' dir='ltr'><strong>crediderim</strong></span> 
     </span>
     <span class='ocr_line' id='line_1_30' title="bbox 155 2245 1041 2302; baseline -0.015 -6"><span class='ocrx_word' id='word_1_175' title='bbox 155 2261 245 2296; x_wconf 81' lang='lat' dir='ltr'><strong>tres</strong></span> <span class='ocrx_word' id='word_1_176' title='bbox 289 2264 426 2293; x_wconf 83' lang='lat' dir='ltr'><strong>naves</strong></span> <span class='ocrx_word' id='word_1_177' title='bbox 474 2246 631 2289; x_wconf 92' lang='lat' dir='ltr'><strong>eodem</strong></span> <span class='ocrx_word' id='word_1_178' title='bbox 675 2245 893 2302; x_wconf 88' lang='lat' dir='ltr'><strong>temporis</strong></span> <span class='ocrx_word' id='word_1_179' title='bbox 941 2258 1041 2285; x_wconf 89' lang='lat' dir='ltr'><strong>mo-</strong></span> 
     </span>
     <span class='ocr_line' id='line_1_31' title="bbox 156 2301 1046 2359; baseline -0.009 -9"><span class='ocrx_word' id='word_1_180' title='bbox 156 2315 310 2359; x_wconf 75' lang='lat' dir='ltr'><strong>mento</strong></span> <span class='ocrx_word' id='word_1_181' title='bbox 349 2306 528 2348; x_wconf 88' lang='lat' dir='ltr'><strong>amissas</strong></span> <span class='ocrx_word' id='word_1_182' title='bbox 561 2318 677 2349; x_wconf 89' lang='lat' dir='ltr'><strong>esse,</strong></span> <span class='ocrx_word' id='word_1_183' title='bbox 719 2317 857 2344; x_wconf 89' lang='lat' dir='ltr'><strong>unam</strong></span> <span class='ocrx_word' id='word_1_184' title='bbox 898 2301 1046 2358; x_wconf 91' lang='lat' dir='ltr'><strong>potius</strong></span> 
     </span>
     <span class='ocr_line' id='line_1_32' title="bbox 154 2356 1047 2427; baseline -0.012 -18"><span class='ocrx_word' id='word_1_185' title='bbox 154 2373 256 2427; x_wconf 78' lang='lat' dir='ltr'><strong>post</strong></span> <span class='ocrx_word' id='word_1_186' title='bbox 277 2363 486 2408; x_wconf 86' lang='lat' dir='ltr'><strong>alteram,</strong></span> <span class='ocrx_word' id='word_1_187' title='bbox 518 2367 565 2401; x_wconf 88' lang='lat' dir='ltr'><strong>ut</strong></span> <span class='ocrx_word' id='word_1_188' title='bbox 591 2359 655 2402; x_wconf 85' lang='lat' dir='ltr'><strong>sic</strong></span> <span class='ocrx_word' id='word_1_189' title='bbox 675 2357 940 2416; x_wconf 88' lang='lat' dir='ltr'><strong>Usipiorum</strong></span> <span class='ocrx_word' id='word_1_190' title='bbox 971 2356 1047 2400; x_wconf 87' lang='lat' dir='ltr'><strong>alii</strong></span> 
     </span>
     <span class='ocr_line' id='line_1_33' title="bbox 156 2414 1047 2474; baseline -0.013 -6"><span class='ocrx_word' id='word_1_191' title='bbox 156 2425 210 2468; x_wconf 85' lang='lat' dir='ltr'><strong>ad</strong></span> <span class='ocrx_word' id='word_1_192' title='bbox 243 2430 405 2464; x_wconf 84' lang='lat' dir='ltr'><strong>terram</strong></span> <span class='ocrx_word' id='word_1_193' title='bbox 439 2414 792 2474; x_wconf 85' lang='lat' dir='ltr'><strong>adpellerentur,</strong></span> <span class='ocrx_word' id='word_1_194' title='bbox 831 2416 939 2457; x_wconf 87' lang='lat' dir='ltr'><strong>dum</strong></span> <span class='ocrx_word' id='word_1_195' title='bbox 976 2415 1047 2457; x_wconf 91' lang='lat' dir='ltr'><strong>alii</strong></span> 
     </span>
    </p>
   </div>
   <div class='ocr_carea' id='block_1_10' title="bbox 155 2470 1046 2540">
    <p class='ocr_par' dir='ltr' id='par_1_11' title="bbox 155 2470 1046 2540">
     <span class='ocr_line' id='line_1_34' title="bbox 155 2470 1046 2540; baseline -0.012 -17"><span class='ocrx_word' id='word_1_196' title='bbox 155 2477 519 2540; x_wconf 81' lang='lat' dir='ltr'><strong>proveherentur.</strong></span> <span class='ocrx_word' id='word_1_197' title='bbox 580 2472 720 2523; x_wconf 87' lang='lat' dir='ltr'><strong>Nam,</strong></span> <span class='ocrx_word' id='word_1_198' title='bbox 749 2472 871 2530; x_wconf 93' lang='lat' dir='ltr'><strong>quod</strong></span> <span class='ocrx_word' id='word_1_199' title='bbox 894 2470 1046 2514; x_wconf 78' lang='lat' dir='ltr'><strong>Wal-</strong></span> 
     </span>
    </p>
   </div>
   <div class='ocr_carea' id='block_1_11' title="bbox 157 2529 1081 2594">
    <p class='ocr_par' dir='ltr' id='par_1_12' title="bbox 157 2529 1081 2594">
     <span class='ocr_line' id='line_1_35' title="bbox 157 2529 1081 2594; baseline -0.013 -13"><span class='ocrx_word' id='word_1_200' title='bbox 157 2537 282 2585; x_wconf 81' lang='lat' dir='ltr'><strong>ehius</strong></span> <span class='ocrx_word' id='word_1_201' title='bbox 306 2532 509 2591; x_wconf 80' lang='lat' dir='ltr'><strong>opinatus</strong></span> <span class='ocrx_word' id='word_1_202' title='bbox 536 2537 613 2581; x_wconf 88' lang='lat' dir='ltr'><strong>est,</strong></span> <span class='ocrx_word' id='word_1_203' title='bbox 645 2529 826 2588; x_wconf 89' lang='lat' dir='ltr'><strong>Usipios</strong></span> <span class='ocrx_word' id='word_1_204' title='bbox 848 2529 1045 2594; x_wconf 73' lang='lat' dir='ltr'><strong>primum</strong></span> <span class='ocrx_word' id='word_1_205' title='bbox 1078 2574 1081 2577; x_wconf 51' lang='grc'><em>,</em></span> 
     </span>
    </p>
   </div>
   <div class='ocr_carea' id='block_1_12' title="bbox 153 2586 1045 2875">
    <p class='ocr_par' dir='ltr' id='par_1_13' title="bbox 153 2586 1045 2875">
     <span class='ocr_line' id='line_1_36' title="bbox 155 2586 1045 2646; baseline -0.012 -9"><span class='ocrx_word' id='word_1_206' title='bbox 155 2593 195 2640; x_wconf 79' lang='lat' dir='ltr'><strong>a</strong></span> <span class='ocrx_word' id='word_1_207' title='bbox 223 2592 409 2638; x_wconf 83' lang='lat' dir='ltr'><strong>suevis,</strong></span> <span class='ocrx_word' id='word_1_208' title='bbox 457 2587 756 2646; x_wconf 87' lang='lat' dir='ltr'><strong>praedonibus</strong></span> <span class='ocrx_word' id='word_1_209' title='bbox 797 2586 1045 2636; x_wconf 71' lang='lat' dir='ltr'><strong>maritimis,</strong></span> 
     </span>
     <span class='ocr_line' id='line_1_37' title="bbox 155 2643 1042 2697; baseline -0.017 0"><span class='ocrx_word' id='word_1_210' title='bbox 155 2661 198 2697; x_wconf 87' lang='lat' dir='ltr'><strong>et</strong></span> <span class='ocrx_word' id='word_1_211' title='bbox 220 2648 380 2694; x_wconf 89' lang='lat' dir='ltr'><strong>deinde</strong></span> <span class='ocrx_word' id='word_1_212' title='bbox 405 2663 491 2689; x_wconf 90' lang='lat' dir='ltr'><strong>una</strong></span> <span class='ocrx_word' id='word_1_213' title='bbox 516 2661 619 2689; x_wconf 86' lang='lat' dir='ltr'><strong>cum</strong></span> <span class='ocrx_word' id='word_1_214' title='bbox 645 2643 710 2687; x_wconf 88' lang='lat' dir='ltr'><strong>his</strong></span> <span class='ocrx_word' id='word_1_215' title='bbox 737 2660 761 2687; x_wconf 85' lang='lat' dir='ltr'><strong>a</strong></span> <span class='ocrx_word' id='word_1_216' title='bbox 788 2643 938 2687; x_wconf 85' lang='lat' dir='ltr'><strong>Frisiis</strong></span> <span class='ocrx_word' id='word_1_217' title='bbox 970 2643 1042 2684; x_wconf 87' lang='lat' dir='ltr'><strong>in-</strong></span> 
     </span>
     <span class='ocr_line' id='line_1_38' title="bbox 154 2701 1043 2765; baseline -0.011 -12"><span class='ocrx_word' id='word_1_218' title='bbox 154 2716 379 2765; x_wconf 86' lang='lat' dir='ltr'><strong>terceptos</strong></span> <span class='ocrx_word' id='word_1_219' title='bbox 408 2720 526 2754; x_wconf 88' lang='lat' dir='ltr'><strong>esse,</strong></span> <span class='ocrx_word' id='word_1_220' title='bbox 556 2719 578 2744; x_wconf 95' lang='lat' dir='ltr'><strong>e</strong></span> <span class='ocrx_word' id='word_1_221' title='bbox 601 2701 743 2744; x_wconf 84' lang='lat' dir='ltr'><strong>Taciti</strong></span> <span class='ocrx_word' id='word_1_222' title='bbox 779 2701 923 2743; x_wconf 76' lang='lat' dir='ltr'><strong>verbis</strong></span> <span class='ocrx_word' id='word_1_223' title='bbox 953 2701 1043 2743; x_wconf 92' lang='lat' dir='ltr'><strong>col·</strong></span> 
     </span>
     <span class='ocr_line' id='line_1_39' title="bbox 153 2758 1042 2816; baseline -0.006 -12"><span class='ocrx_word' id='word_1_224' title='bbox 153 2768 229 2812; x_wconf 79' lang='grc' dir='ltr'><strong>Ιίσὶ</strong></span> <span class='ocrx_word' id='word_1_225' title='bbox 257 2762 446 2806; x_wconf 82' lang='lat' dir='ltr'><strong>omnino</strong></span> <span class='ocrx_word' id='word_1_226' title='bbox 476 2758 650 2816; x_wconf 88' lang='lat' dir='ltr'><strong>nequit.</strong></span> <span class='ocrx_word' id='word_1_227' title='bbox 720 2758 932 2803; x_wconf 85' lang='lat' dir='ltr'><strong>Ceterum</strong></span> <span class='ocrx_word' id='word_1_228' title='bbox 960 2773 1042 2814; x_wconf 89' lang='lat' dir='ltr'><strong>pro</strong></span> 
     </span>
     <span class='ocr_line' id='line_1_40' title="bbox 153 2805 1040 2875; baseline -0.014 -7"><span class='ocrx_word' id='word_1_229' title='bbox 153 2805 318 2872; x_wconf 57' lang='lat' dir='ltr'><strong>Si’tevis</strong></span> <span class='ocrx_word' id='word_1_230' title='bbox 363 2817 611 2863; x_wconf 87' lang='lat' dir='ltr'><strong>Seebodius</strong></span> <span class='ocrx_word' id='word_1_231' title='bbox 648 2816 825 2875; x_wconf 85' lang='lat' dir='ltr'><strong>scripsit</strong></span> <span class='ocrx_word' id='word_1_232' title='bbox 863 2815 1040 2870; x_wconf 73' lang='lat' dir='ltr'><strong>suecis,</strong></span> 
     </span>
    </p>
   </div>
   <div class='ocr_carea' id='block_1_13' title="bbox 154 2893 1045 2988">
    <p class='ocr_par' dir='ltr' id='par_1_14' title="bbox 154 2893 1045 2988">
     <span class='ocr_line' id='line_1_41' title="bbox 154 2893 1045 2988; baseline -0.01 -6"><span class='ocrx_word' id='word_1_233' title='bbox 154 2893 498 2981; x_wconf 46' lang='lat' dir='ltr'><strong>mi&#39;rrlzlitfsilriiwit.</strong></span> <span class='ocrx_word' id='word_1_234' title='bbox 531 2932 591 2976; x_wconf 88' lang='lat' dir='ltr'><strong>cf.</strong></span> <span class='ocrx_word' id='word_1_235' title='bbox 604 2929 874 2974; x_wconf 89' lang='lat' dir='ltr'><strong>Ramshorn.</strong></span> <span class='ocrx_word' id='word_1_236' title='bbox 891 2945 934 2988; x_wconf 90' lang='lat' dir='ltr'><strong>p.</strong></span> <span class='ocrx_word' id='word_1_237' title='bbox 947 2931 1045 2973; x_wconf 80' lang='lat'><strong>551.</strong></span> 
     </span>
    </p>
   </div>
   <div class='ocr_carea' id='block_1_14' title="bbox 154 2991 1043 3615">
    <p class='ocr_par' dir='ltr' id='par_1_15' title="bbox 154 2991 585 3051">
     <span class='ocr_line' id='line_1_42' title="bbox 154 2991 585 3051; baseline -0.019 -12"><span class='ocrx_word' id='word_1_238' title='bbox 154 2998 182 3051; x_wconf 84' lang='lat'>§</span> <span class='ocrx_word' id='word_1_239' title='bbox 204 2992 317 3041; x_wconf 66' lang='lat'><strong>184„</strong></span> <span class='ocrx_word' id='word_1_240' title='bbox 345 2993 387 3036; x_wconf 72' lang='lat'><strong>2.</strong></span> <span class='ocrx_word' id='word_1_241' title='bbox 423 2998 518 3033; x_wconf 89' lang='lat' dir='ltr'><strong>not.</strong></span> <span class='ocrx_word' id='word_1_242' title='bbox 543 2991 585 3032; x_wconf 79' lang='lat'><strong>2.</strong></span> 
     </span>
    </p>

    <p class='ocr_par' dir='ltr' id='par_1_16' title="bbox 155 3043 1043 3615">
     <span class='ocr_line' id='line_1_43' title="bbox 214 3043 1041 3095; baseline -0.008 -1"><span class='ocrx_word' id='word_1_243' title='bbox 214 3051 325 3095; x_wconf 76' lang='lat' dir='ltr'><strong>CAP.</strong></span> <span class='ocrx_word' id='word_1_244' title='bbox 355 3049 427 3092; x_wconf 74' lang='lat'><strong>29.</strong></span> <span class='ocrx_word' id='word_1_245' title='bbox 488 3048 630 3090; x_wconf 83' lang='lat' dir='ltr'><strong>Initio</strong></span> <span class='ocrx_word' id='word_1_246' title='bbox 659 3047 868 3089; x_wconf 82' lang='lat' dir='ltr'><strong>aestatis.</strong></span> <span class='ocrx_word' id='word_1_247' title='bbox 942 3043 1041 3087; x_wconf 90' lang='lat' dir='ltr'><strong>No-</strong></span> 
     </span>
     <span class='ocr_line' id='line_1_44' title="bbox 155 3104 1043 3165; baseline -0.01 -13"><span class='ocrx_word' id='word_1_248' title='bbox 155 3125 259 3152; x_wconf 86' lang='lat' dir='ltr'><strong>vum</strong></span> <span class='ocrx_word' id='word_1_249' title='bbox 285 3114 418 3165; x_wconf 86' lang='lat' dir='ltr'><strong>caput</strong></span> <span class='ocrx_word' id='word_1_250' title='bbox 445 3104 744 3161; x_wconf 85' lang='lat' dir='ltr'><strong>incipiebatur</strong></span> <span class='ocrx_word' id='word_1_251' title='bbox 776 3104 1043 3162; x_wconf 89' lang='lat' dir='ltr'><strong>plerumque</strong></span> 
     </span>
     <span class='ocr_line' id='line_1_45' title="bbox 156 3163 1040 3215; baseline -0.011 -5"><span class='ocrx_word' id='word_1_252' title='bbox 156 3182 180 3210; x_wconf 87' lang='lat' dir='ltr'><strong>a</strong></span> <span class='ocrx_word' id='word_1_253' title='bbox 208 3163 379 3209; x_wconf 75' lang='lat' dir='ltr'><strong>verbist</strong></span> <span class='ocrx_word' id='word_1_254' title='bbox 419 3164 561 3215; x_wconf 76' lang='lat' dir='ltr'><strong>igitur</strong></span> <span class='ocrx_word' id='word_1_255' title='bbox 581 3163 854 3215; x_wconf 78' lang='lat' dir='ltr'><strong>praemissa</strong></span> <span class='ocrx_word' id='word_1_256' title='bbox 876 3163 1040 3206; x_wconf 81' lang='lat' dir='ltr'><strong>classe,</strong></span> 
     </span>
     <span class='ocr_line' id='line_1_46' title="bbox 155 3219 1041 3267; baseline -0.012 0"><span class='ocrx_word' id='word_1_257' title='bbox 155 3230 212 3267; x_wconf 60' lang='lat' dir='ltr'><strong>ut*</strong></span> <span class='ocrx_word' id='word_1_258' title='bbox 239 3221 390 3266; x_wconf 82' lang='lat' dir='ltr'><strong>verba:</strong></span> <span class='ocrx_word' id='word_1_259' title='bbox 445 3219 573 3260; x_wconf 82' lang='lat' dir='ltr'><strong>initio</strong></span> <span class='ocrx_word' id='word_1_260' title='bbox 604 3241 659 3251; x_wconf 91' lang='lat'>—</span> <span class='ocrx_word' id='word_1_261' title='bbox 689 3219 897 3261; x_wconf 82' lang='lat' dir='ltr'><strong>remedia</strong></span> <span class='ocrx_word' id='word_1_262' title='bbox 937 3223 1041 3258; x_wconf 79' lang='lat' dir='ltr'><strong>erat</strong></span> 
     </span>
     <span class='ocr_line' id='line_1_47' title="bbox 155 3275 1039 3338; baseline -0.011 -14"><span class='ocrx_word' id='word_1_263' title='bbox 155 3281 211 3325; x_wconf 87' lang='lat' dir='ltr'><strong>ad</strong></span> <span class='ocrx_word' id='word_1_264' title='bbox 256 3277 527 3338; x_wconf 87' lang='lat' dir='ltr'><strong>praecedens</strong></span> <span class='ocrx_word' id='word_1_265' title='bbox 574 3284 706 3333; x_wconf 86' lang='lat' dir='ltr'><strong>caput</strong></span> <span class='ocrx_word' id='word_1_266' title='bbox 746 3275 1039 3320; x_wconf 80' lang='lat' dir='ltr'><strong>referrentur.</strong></span> 
     </span>
     <span class='ocr_line' id='line_1_48' title="bbox 156 3330 1039 3381; baseline -0.01 0"><span class='ocrx_word' id='word_1_267' title='bbox 156 3340 217 3381; x_wconf 77' lang='lat' dir='ltr'><strong>At</strong></span> <span class='ocrx_word' id='word_1_268' title='bbox 241 3351 344 3379; x_wconf 77' lang='lat' dir='ltr'><strong>vero</strong></span> <span class='ocrx_word' id='word_1_269' title='bbox 378 3341 586 3377; x_wconf 81' lang='lat' dir='ltr'><strong>aestatem</strong></span> <span class='ocrx_word' id='word_1_270' title='bbox 611 3333 740 3376; x_wconf 90' lang='lat' dir='ltr'><strong>aliam</strong></span> <span class='ocrx_word' id='word_1_271' title='bbox 765 3331 839 3375; x_wconf 89' lang='lat' dir='ltr'><strong>hic</strong></span> <span class='ocrx_word' id='word_1_272' title='bbox 864 3330 1039 3374; x_wconf 88' lang='lat' dir='ltr'><strong>inchoa-</strong></span> 
     </span>
     <span class='ocr_line' id='line_1_49' title="bbox 156 3388 1037 3450; baseline -0.009 -13"><span class='ocrx_word' id='word_1_273' title='bbox 156 3394 221 3443; x_wconf 83' lang='lat' dir='ltr'><strong>ri,</strong></span> <span class='ocrx_word' id='word_1_274' title='bbox 266 3400 447 3450; x_wconf 84' lang='lat' dir='ltr'><strong>apparet</strong></span> <span class='ocrx_word' id='word_1_275' title='bbox 482 3390 585 3434; x_wconf 88' lang='lat' dir='ltr'><strong>satis</strong></span> <span class='ocrx_word' id='word_1_276' title='bbox 620 3405 723 3432; x_wconf 89' lang='lat' dir='ltr'><strong>cum</strong></span> <span class='ocrx_word' id='word_1_277' title='bbox 760 3405 782 3432; x_wconf 92' lang='lat' dir='ltr'><strong>e</strong></span> <span class='ocrx_word' id='word_1_278' title='bbox 822 3405 919 3446; x_wconf 86' lang='lat' dir='ltr'><strong>cap.</strong></span> <span class='ocrx_word' id='word_1_279' title='bbox 942 3388 1037 3431; x_wconf 80' lang='lat'><strong>34.:</strong></span> 
     </span>
     <span class='ocr_line' id='line_1_50' title="bbox 158 3449 1038 3504; baseline -0.007 -12"><span class='ocrx_word' id='word_1_280' title='bbox 158 3451 194 3492; x_wconf 81' lang='lat' dir='ltr'><strong>ii</strong></span> <span class='ocrx_word' id='word_1_281' title='bbox 217 3457 329 3492; x_wconf 82' lang='lat' dir='ltr'><strong>sunt</strong></span> <span class='ocrx_word' id='word_1_282' title='bbox 353 3462 468 3504; x_wconf 84' lang='lat' dir='ltr'><strong>quos</strong></span> <span class='ocrx_word' id='word_1_283' title='bbox 494 3449 714 3501; x_wconf 76' lang='lat' dir='ltr'><strong>proximo</strong></span> <span class='ocrx_word' id='word_1_284' title='bbox 733 3461 859 3488; x_wconf 86' lang='lat' dir='ltr'><strong>anno</strong></span> <span class='ocrx_word' id='word_1_285' title='bbox 886 3459 1038 3487; x_wconf 81' lang='lat' dir='ltr'><strong>unam</strong></span> 
     </span>
     <span class='ocr_line' id='line_1_51' title="bbox 155 3505 1040 3561; baseline -0.008 -11"><span class='ocrx_word' id='word_1_286' title='bbox 155 3509 382 3561; x_wconf 79' lang='lat' dir='ltr'><strong>legionem</strong></span> <span class='ocrx_word' id='word_1_287' title='bbox 417 3505 554 3561; x_wconf 81' lang='lat' dir='ltr'><strong>furto</strong></span> <span class='ocrx_word' id='word_1_288' title='bbox 592 3506 742 3547; x_wconf 72' lang='lat' dir='ltr'><strong>noctis</strong></span> <span class='ocrx_word' id='word_1_289' title='bbox 790 3506 1040 3556; x_wconf 78' lang='lat' dir='ltr'><strong>adgressos</strong></span> 
     </span>
     <span class='ocr_line' id='line_1_52' title="bbox 157 3560 1040 3615; baseline -0.01 -5"><span class='ocrx_word' id='word_1_290' title='bbox 157 3568 360 3610; x_wconf 83' lang='lat' dir='ltr'><strong>clamore</strong></span> <span class='ocrx_word' id='word_1_291' title='bbox 387 3563 672 3613; x_wconf 59' lang='lat' dir='ltr'><strong>debellantis,</strong></span> <span class='ocrx_word' id='word_1_292' title='bbox 714 3569 811 3615; x_wconf 83' lang='lat' dir='ltr'><strong>tum</strong></span> <span class='ocrx_word' id='word_1_293' title='bbox 846 3576 870 3604; x_wconf 88' lang='lat' dir='ltr'><strong>e</strong></span> <span class='ocrx_word' id='word_1_294' title='bbox 905 3560 1040 3605; x_wconf 83' lang='lat' dir='ltr'><strong>totius</strong></span> 
     </span>
    </p>
   </div>
   <div class='ocr_carea' id='block_1_15' title="bbox 1114 1555 2019 2992">
    <p class='ocr_par' dir='ltr' id='par_1_17' title="bbox 1119 1555 2019 2285">
     <span class='ocr_line' id='line_1_53' title="bbox 1123 1555 2019 1614; baseline 0.003 -15"><span class='ocrx_word' id='word_1_295' title='bbox 1123 1555 1242 1599; x_wconf 86' lang='lat' dir='ltr'><strong>illius</strong></span> <span class='ocrx_word' id='word_1_296' title='bbox 1289 1555 1583 1614; x_wconf 85' lang='lat' dir='ltr'><strong>expeditionis</strong></span> <span class='ocrx_word' id='word_1_297' title='bbox 1627 1557 1761 1599; x_wconf 84' lang='lat' dir='ltr'><strong>finem</strong></span> <span class='ocrx_word' id='word_1_298' title='bbox 1814 1558 2019 1603; x_wconf 82' lang='lat' dir='ltr'><strong>indicant</strong></span> 
     </span>
     <span class='ocr_line' id='line_1_54' title="bbox 1123 1613 2018 1672; baseline 0.006 -18"><span class='ocrx_word' id='word_1_299' title='bbox 1123 1622 1300 1670; x_wconf 80' lang='lat' dir='ltr'><strong>aperte3</strong></span> <span class='ocrx_word' id='word_1_300' title='bbox 1343 1629 1441 1671; x_wconf 84' lang='lat' dir='ltr'><strong>cap.</strong></span> <span class='ocrx_word' id='word_1_301' title='bbox 1463 1614 1534 1656; x_wconf 72' lang='grc'><strong>29.</strong></span> <span class='ocrx_word' id='word_1_302' title='bbox 1564 1613 1618 1655; x_wconf 89' lang='lat' dir='ltr'><strong>de</strong></span> <span class='ocrx_word' id='word_1_303' title='bbox 1645 1613 1814 1672; x_wconf 87' lang='lat' dir='ltr'><strong>Usipiis</strong></span> <span class='ocrx_word' id='word_1_304' title='bbox 1838 1615 2018 1659; x_wconf 81' lang='lat' dir='ltr'><strong>additur</strong></span> 
     </span>
     <span class='ocr_line' id='line_1_55' title="bbox 1120 1670 2017 1725; baseline 0.002 -12"><span class='ocrx_word' id='word_1_305' title='bbox 1120 1670 1455 1714; x_wconf 85' lang='lat' dir='ltr'><strong>narratiuncula</strong></span> <span class='ocrx_word' id='word_1_306' title='bbox 1493 1671 1547 1714; x_wconf 91' lang='lat' dir='ltr'><strong>ad</strong></span> <span class='ocrx_word' id='word_1_307' title='bbox 1585 1672 1776 1714; x_wconf 88' lang='lat' dir='ltr'><strong>eandem</strong></span> <span class='ocrx_word' id='word_1_308' title='bbox 1807 1681 2017 1725; x_wconf 82' lang='lat' dir='ltr'><strong>aestatem</strong></span> 
     </span>
     <span class='ocr_line' id='line_1_56' title="bbox 1120 1726 2017 1786; baseline 0.002 -16"><span class='ocrx_word' id='word_1_309' title='bbox 1120 1727 1364 1786; x_wconf 89' lang='lat' dir='ltr'><strong>pertinens.</strong></span> <span class='ocrx_word' id='word_1_310' title='bbox 1404 1726 1550 1771; x_wconf 88' lang='lat' dir='ltr'><strong>Verba</strong></span> <span class='ocrx_word' id='word_1_311' title='bbox 1567 1726 1702 1784; x_wconf 85' lang='lat' dir='ltr'><strong>igitur</strong></span> <span class='ocrx_word' id='word_1_312' title='bbox 1712 1729 1839 1771; x_wconf 78' lang='lat' dir='ltr'><strong>int&#39;tio</strong></span> <span class='ocrx_word' id='word_1_313' title='bbox 1861 1738 2017 1772; x_wconf 80' lang='lat' dir='ltr'><strong>aesta·</strong></span> 
     </span>
     <span class='ocr_line' id='line_1_57' title="bbox 1120 1785 2016 1845; baseline 0.004 -18"><span class='ocrx_word' id='word_1_314' title='bbox 1120 1787 1180 1827; x_wconf 86' lang='lat' dir='ltr'><strong>tis</strong></span> <span class='ocrx_word' id='word_1_315' title='bbox 1213 1794 1304 1826; x_wconf 75' lang='lat' dir='ltr'><strong>etc.</strong></span> <span class='ocrx_word' id='word_1_316' title='bbox 1331 1801 1425 1827; x_wconf 90' lang='lat' dir='ltr'><strong>non</strong></span> <span class='ocrx_word' id='word_1_317' title='bbox 1469 1793 1658 1843; x_wconf 88' lang='lat' dir='ltr'><strong>possunt</strong></span> <span class='ocrx_word' id='word_1_318' title='bbox 1702 1785 1890 1845; x_wconf 81' lang='lat' dir='ltr'><strong>intelligi</strong></span> <span class='ocrx_word' id='word_1_319' title='bbox 1927 1787 2016 1831; x_wconf 87' lang='lat' dir='ltr'><strong>nisi</strong></span> 
     </span>
     <span class='ocr_line' id='line_1_58' title="bbox 1121 1842 2015 1902; baseline 0.004 -18"><span class='ocrx_word' id='word_1_320' title='bbox 1121 1842 1175 1884; x_wconf 89' lang='lat' dir='ltr'><strong>de</strong></span> <span class='ocrx_word' id='word_1_321' title='bbox 1201 1842 1389 1898; x_wconf 85' lang='lat' dir='ltr'><strong>septima</strong></span> <span class='ocrx_word' id='word_1_322' title='bbox 1415 1851 1602 1885; x_wconf 85' lang='lat' dir='ltr'><strong>aestate:</strong></span> <span class='ocrx_word' id='word_1_323' title='bbox 1635 1858 1771 1900; x_wconf 87' lang='lat' dir='ltr'><strong>quare</strong></span> <span class='ocrx_word' id='word_1_324' title='bbox 1790 1859 1882 1886; x_wconf 91' lang='lat' dir='ltr'><strong>non</strong></span> <span class='ocrx_word' id='word_1_325' title='bbox 1902 1861 2015 1902; x_wconf 85' lang='lat' dir='ltr'><strong>opus</strong></span> 
     </span>
     <span class='ocr_line' id='line_1_59' title="bbox 1121 1899 2015 1955; baseline 0.006 -15"><span class='ocrx_word' id='word_1_326' title='bbox 1121 1914 1215 1940; x_wconf 85' lang='lat' dir='ltr'><strong>esse</strong></span> <span class='ocrx_word' id='word_1_327' title='bbox 1239 1907 1354 1955; x_wconf 84' lang='lat' dir='ltr'><strong>patet</strong></span> <span class='ocrx_word' id='word_1_328' title='bbox 1378 1899 1570 1942; x_wconf 88' lang='lat' dir='ltr'><strong>Broterii</strong></span> <span class='ocrx_word' id='word_1_329' title='bbox 1594 1908 1635 1942; x_wconf 89' lang='lat' dir='ltr'><strong>et</strong></span> <span class='ocrx_word' id='word_1_330' title='bbox 1648 1900 1842 1943; x_wconf 86' lang='lat' dir='ltr'><strong>Ernestii</strong></span> <span class='ocrx_word' id='word_1_331' title='bbox 1865 1917 2015 1945; x_wconf 89' lang='lat' dir='ltr'><strong>emen-</strong></span> 
     </span>
     <span class='ocr_line' id='line_1_60' title="bbox 1120 1954 2013 2013; baseline 0.008 -17"><span class='ocrx_word' id='word_1_332' title='bbox 1120 1954 1402 2008; x_wconf 87' lang='lat' dir='ltr'><strong>dationibus,</strong></span> <span class='ocrx_word' id='word_1_333' title='bbox 1443 1959 1679 2012; x_wconf 80' lang='lat' dir='ltr'><strong>sequentis</strong></span> <span class='ocrx_word' id='word_1_334' title='bbox 1728 1958 1800 2002; x_wconf 88' lang='lat' dir='ltr'><strong>vel</strong></span> <span class='ocrx_word' id='word_1_335' title='bbox 1841 1962 2013 2013; x_wconf 78' lang='lat' dir='ltr'><strong>proxi-</strong></span> 
     </span>
     <span class='ocr_line' id='line_1_61' title="bbox 1120 2012 2012 2067; baseline 0.008 -14"><span class='ocrx_word' id='word_1_336' title='bbox 1120 2027 1226 2054; x_wconf 84' lang='lat' dir='ltr'><strong>mae</strong></span> <span class='ocrx_word' id='word_1_337' title='bbox 1262 2012 1334 2058; x_wconf 86' lang='lat' dir='ltr'><strong>vel</strong></span> <span class='ocrx_word' id='word_1_338' title='bbox 1368 2015 1599 2067; x_wconf 81' lang='lat' dir='ltr'><strong>septimae</strong></span> <span class='ocrx_word' id='word_1_339' title='bbox 1632 2015 1767 2058; x_wconf 84' lang='lat' dir='ltr'><strong>initio</strong></span> <span class='ocrx_word' id='word_1_340' title='bbox 1798 2018 2012 2060; x_wconf 76' lang='lat' dir='ltr'><strong>aestatis.</strong></span> 
     </span>
     <span class='ocr_line' id='line_1_62' title="bbox 1119 2070 2014 2118; baseline 0.008 -7"><span class='ocrx_word' id='word_1_341' title='bbox 1119 2070 1231 2111; x_wconf 74' lang='lat' dir='ltr'><strong>&#39;l&#39;am</strong></span> <span class='ocrx_word' id='word_1_342' title='bbox 1250 2081 1507 2114; x_wconf 81' lang='lat' dir='ltr'><strong>accuratam</strong></span> <span class='ocrx_word' id='word_1_343' title='bbox 1531 2073 1707 2114; x_wconf 86' lang='lat' dir='ltr'><strong>numeri</strong></span> <span class='ocrx_word' id='word_1_344' title='bbox 1730 2075 2014 2118; x_wconf 86' lang='lat' dir='ltr'><strong>notationem</strong></span> 
     </span>
     <span class='ocr_line' id='line_1_63' title="bbox 1119 2128 2013 2183; baseline 0.009 -15"><span class='ocrx_word' id='word_1_345' title='bbox 1119 2128 1218 2183; x_wconf 89' lang='lat' dir='ltr'><strong>quis</strong></span> <span class='ocrx_word' id='word_1_346' title='bbox 1252 2129 1463 2171; x_wconf 89' lang='lat' dir='ltr'><strong>obtrudat</strong></span> <span class='ocrx_word' id='word_1_347' title='bbox 1498 2128 1678 2178; x_wconf 88' lang='lat' dir='ltr'><strong>Tacito,</strong></span> <span class='ocrx_word' id='word_1_348' title='bbox 1724 2130 1800 2172; x_wconf 91' lang='lat' dir='ltr'><strong>ubi</strong></span> <span class='ocrx_word' id='word_1_349' title='bbox 1833 2140 2013 2176; x_wconf 86' lang='lat' dir='ltr'><strong>senten·</strong></span> 
     </span>
     <span class='ocr_line' id='line_1_64' title="bbox 1119 2185 2015 2234; baseline 0.007 -6"><span class='ocrx_word' id='word_1_350' title='bbox 1119 2185 1282 2228; x_wconf 84' lang='lat' dir='ltr'><strong>tiarum</strong></span> <span class='ocrx_word' id='word_1_351' title='bbox 1305 2201 1443 2228; x_wconf 87' lang='lat' dir='ltr'><strong>nexus</strong></span> <span class='ocrx_word' id='word_1_352' title='bbox 1466 2202 1563 2229; x_wconf 89' lang='lat' dir='ltr'><strong>eam</strong></span> <span class='ocrx_word' id='word_1_353' title='bbox 1586 2188 1779 2230; x_wconf 90' lang='lat' dir='ltr'><strong>ostendit</strong></span> <span class='ocrx_word' id='word_1_354' title='bbox 1802 2189 1903 2233; x_wconf 91' lang='lat' dir='ltr'><strong>luce</strong></span> <span class='ocrx_word' id='word_1_355' title='bbox 1926 2191 2015 2234; x_wconf 88' lang='lat' dir='ltr'><strong>cla-</strong></span> 
     </span>
     <span class='ocr_line' id='line_1_65' title="bbox 1119 2259 1227 2285; baseline 0 -1"><span class='ocrx_word' id='word_1_356' title='bbox 1119 2259 1227 2285; x_wconf 77' lang='lat' dir='ltr'><strong>rius.</strong></span> 
     </span>
    </p>

    <p class='ocr_par' dir='ltr' id='par_1_18' title="bbox 1114 2301 2013 2992">
     <span class='ocr_line' id='line_1_66' title="bbox 1176 2301 2013 2348; baseline 0.008 -7"><span class='ocrx_word' id='word_1_357' title='bbox 1176 2301 1291 2342; x_wconf 77' lang='lat' dir='ltr'><strong>ictus</strong></span> <span class='ocrx_word' id='word_1_358' title='bbox 1316 2325 1368 2333; x_wconf 87' lang='lat'><strong>—-</strong></span> <span class='ocrx_word' id='word_1_359' title='bbox 1395 2301 1571 2343; x_wconf 62' lang='lat' dir='ltr'><strong>annsic.</strong></span> <span class='ocrx_word' id='word_1_360' title='bbox 1643 2302 1764 2345; x_wconf 81' lang='lat' dir='ltr'><strong>Male</strong></span> <span class='ocrx_word' id='word_1_361' title='bbox 1789 2303 2013 2348; x_wconf 76' lang='lat' dir='ltr'><strong>Beckerus</strong></span> 
     </span>
     <span class='ocr_line' id='line_1_67' title="bbox 1119 2357 2013 2418; baseline 0.008 -19"><span class='ocrx_word' id='word_1_362' title='bbox 1119 2366 1162 2400; x_wconf 88' lang='lat' dir='ltr'><strong>et</strong></span> <span class='ocrx_word' id='word_1_363' title='bbox 1186 2357 1411 2400; x_wconf 71' lang='lat' dir='ltr'><strong>Hei-telius</strong></span> <span class='ocrx_word' id='word_1_364' title='bbox 1433 2374 1533 2401; x_wconf 89' lang='lat' dir='ltr'><strong>cum</strong></span> <span class='ocrx_word' id='word_1_365' title='bbox 1559 2358 1828 2403; x_wconf 87' lang='lat' dir='ltr'><strong>Ramshorn.</strong></span> <span class='ocrx_word' id='word_1_366' title='bbox 1856 2363 2013 2418; x_wconf 75' lang='lat' dir='ltr'><strong>p.696.</strong></span> 
     </span>
     <span class='ocr_line' id='line_1_68' title="bbox 1118 2415 2011 2473; baseline 0.008 -17"><span class='ocrx_word' id='word_1_367' title='bbox 1118 2430 1200 2470; x_wconf 87' lang='lat' dir='ltr'><strong>per</strong></span> <span class='ocrx_word' id='word_1_368' title='bbox 1242 2415 1505 2473; x_wconf 80' lang='lat' dir='ltr'><strong>hypallagen</strong></span> <span class='ocrx_word' id='word_1_369' title='bbox 1555 2415 1798 2472; x_wconf 83' lang='lat' dir='ltr'><strong>explicant:</strong></span> <span class='ocrx_word' id='word_1_370' title='bbox 1847 2419 2011 2464; x_wconf 75' lang='lat' dir='ltr'><strong>amisso</strong></span> 
     </span>
     <span class='ocr_line' id='line_1_69' title="bbox 1118 2471 2013 2531; baseline 0.008 -18"><span class='ocrx_word' id='word_1_371' title='bbox 1118 2472 1209 2513; x_wconf 90' lang='lat' dir='ltr'><strong>filio</strong></span> <span class='ocrx_word' id='word_1_372' title='bbox 1236 2471 1350 2514; x_wconf 85' lang='lat' dir='ltr'><strong>ictus</strong></span> <span class='ocrx_word' id='word_1_373' title='bbox 1373 2481 1455 2515; x_wconf 88' lang='lat' dir='ltr'><strong>est.</strong></span> <span class='ocrx_word' id='word_1_374' title='bbox 1515 2474 1660 2514; x_wconf 80' lang='lat' dir='ltr'><strong>{mmo</strong></span> <span class='ocrx_word' id='word_1_375' title='bbox 1685 2475 1883 2531; x_wconf 88' lang='lat' dir='ltr'><strong>primum</strong></span> <span class='ocrx_word' id='word_1_376' title='bbox 1905 2480 2013 2525; x_wconf 83' lang='lat' dir='ltr'><strong>scri-</strong></span> 
     </span>
     <span class='ocr_line' id='line_1_70' title="bbox 1117 2527 2011 2586; baseline 0.01 -17"><span class='ocrx_word' id='word_1_377' title='bbox 1117 2537 1220 2586; x_wconf 89' lang='lat' dir='ltr'><strong>ptor</strong></span> <span class='ocrx_word' id='word_1_378' title='bbox 1243 2527 1351 2570; x_wconf 85' lang='lat' dir='ltr'><strong>dicit</strong></span> <span class='ocrx_word' id='word_1_379' title='bbox 1364 2528 1624 2586; x_wconf 82' lang='lat' dir='ltr'><strong>Agricolam</strong></span> <span class='ocrx_word' id='word_1_380' title='bbox 1650 2530 1896 2576; x_wconf 84' lang='lat' dir='ltr'><strong>domestico</strong></span> <span class='ocrx_word' id='word_1_381' title='bbox 1908 2529 2011 2578; x_wconf 82' lang='lat' dir='ltr'><strong>‘vul-</strong></span> 
     </span>
     <span class='ocr_line' id='line_1_71' title="bbox 1118 2586 2009 2635; baseline 0.007 -8"><span class='ocrx_word' id='word_1_382' title='bbox 1118 2601 1225 2628; x_wconf 88' lang='lat' dir='ltr'><strong>nere</strong></span> <span class='ocrx_word' id='word_1_383' title='bbox 1259 2586 1400 2628; x_wconf 88' lang='lat' dir='ltr'><strong>ictum</strong></span> <span class='ocrx_word' id='word_1_384' title='bbox 1434 2602 1549 2633; x_wconf 89' lang='lat' dir='ltr'><strong>esse,</strong></span> <span class='ocrx_word' id='word_1_385' title='bbox 1586 2587 1747 2631; x_wconf 86' lang='lat' dir='ltr'><strong>deinde</strong></span> <span class='ocrx_word' id='word_1_386' title='bbox 1781 2599 1886 2633; x_wconf 82' lang='lat' dir='ltr'><strong>vero</strong></span> <span class='ocrx_word' id='word_1_387' title='bbox 1924 2593 2009 2635; x_wconf 87' lang='lat' dir='ltr'><strong>ad-</strong></span> 
     </span>
     <span class='ocr_line' id='line_1_72' title="bbox 1118 2642 2011 2700; baseline 0.012 -17"><span class='ocrx_word' id='word_1_388' title='bbox 1118 2642 1204 2693; x_wconf 87' lang='lat' dir='ltr'><strong>dit,</strong></span> <span class='ocrx_word' id='word_1_389' title='bbox 1262 2642 1391 2700; x_wconf 89' lang='lat' dir='ltr'><strong>quale</strong></span> <span class='ocrx_word' id='word_1_390' title='bbox 1442 2645 1604 2687; x_wconf 87' lang='lat' dir='ltr'><strong>vulnus</strong></span> <span class='ocrx_word' id='word_1_391' title='bbox 1655 2643 1806 2690; x_wconf 85' lang='lat' dir='ltr'><strong>fuerit.</strong></span> <span class='ocrx_word' id='word_1_392' title='bbox 1894 2648 2011 2693; x_wconf 84' lang='lat' dir='ltr'><strong>Par·-</strong></span> 
     </span>
     <span class='ocr_line' id='line_1_73' title="bbox 1115 2699 2009 2761; baseline 0.012 -21"><span class='ocrx_word' id='word_1_393' title='bbox 1115 2699 1252 2757; x_wconf 88' lang='lat' dir='ltr'><strong>ticipii</strong></span> <span class='ocrx_word' id='word_1_394' title='bbox 1278 2701 1397 2742; x_wconf 81' lang='lat' dir='ltr'><strong>ictus</strong></span> <span class='ocrx_word' id='word_1_395' title='bbox 1422 2702 1640 2744; x_wconf 85' lang='lat' dir='ltr'><strong>rationem</strong></span> <span class='ocrx_word' id='word_1_396' title='bbox 1669 2707 2009 2761; x_wconf 81' lang='lat' dir='ltr'><strong>grammaticam</strong></span> 
     </span>
     <span class='ocr_line' id='line_1_74' title="bbox 1116 2756 2009 2808; baseline 0.008 -10"><span class='ocrx_word' id='word_1_397' title='bbox 1116 2756 1447 2800; x_wconf 77' lang='lat' dir='ltr'><strong>demonstravit</strong></span> <span class='ocrx_word' id='word_1_398' title='bbox 1471 2758 1663 2802; x_wconf 85' lang='lat' dir='ltr'><strong>Walcb.</strong></span> <span class='ocrx_word' id='word_1_399' title='bbox 1684 2761 1737 2804; x_wconf 85' lang='lat' dir='ltr'><strong>ad</strong></span> <span class='ocrx_word' id='word_1_400' title='bbox 1767 2761 1890 2807; x_wconf 63' lang='grc' dir='ltr'><strong>αδδ.</strong></span> <span class='ocrx_word' id='word_1_401' title='bbox 1920 2770 2009 2808; x_wconf 77' lang='lat' dir='ltr'><strong>od-</strong></span> 
     </span>
     <span class='ocr_line' id='line_1_75' title="bbox 1114 2815 2008 2879; baseline 0.012 -24"><span class='ocrx_word' id='word_1_402' title='bbox 1114 2815 1329 2857; x_wconf 77' lang='lat' dir='ltr'><strong>hortatus</strong></span> <span class='ocrx_word' id='word_1_403' title='bbox 1355 2815 1598 2866; x_wconf 82' lang='lat' dir='ltr'><strong>disseruit,</strong></span> <span class='ocrx_word' id='word_1_404' title='bbox 1640 2818 1767 2860; x_wconf 89' lang='lat' dir='ltr'><strong>cuius</strong></span> <span class='ocrx_word' id='word_1_405' title='bbox 1798 2815 2008 2879; x_wconf 84' lang='lat' dir='ltr'><strong>exemplis</strong></span> 
     </span>
     <span class='ocr_line' id='line_1_76' title="bbox 1116 2871 2007 2934; baseline 0.01 -21"><span class='ocrx_word' id='word_1_406' title='bbox 1116 2871 1218 2913; x_wconf 90' lang='lat' dir='ltr'><strong>add.</strong></span> <span class='ocrx_word' id='word_1_407' title='bbox 1258 2873 1346 2913; x_wconf 83' lang='lat' dir='ltr'><strong>An.</strong></span> <span class='ocrx_word' id='word_1_408' title='bbox 1378 2871 1419 2920; x_wconf 78' lang='lat'><strong>3,</strong></span> <span class='ocrx_word' id='word_1_409' title='bbox 1449 2873 1516 2916; x_wconf 87' lang='lat'><strong>19.</strong></span> <span class='ocrx_word' id='word_1_410' title='bbox 1548 2877 1778 2928; x_wconf 80' lang='lat' dir='ltr'><strong>pollicitus</strong></span> <span class='ocrx_word' id='word_1_411' title='bbox 1807 2881 2007 2934; x_wconf 46' lang='lat' dir='ltr'><strong>monui&amp;</strong></span> 
     </span>
     <span class='ocr_line' id='line_1_77' title="bbox 1114 2928 2007 2992; baseline 0.011 -22"><span class='ocrx_word' id='word_1_412' title='bbox 1114 2929 1223 2971; x_wconf 88' lang='lat' dir='ltr'><strong>ibid.</strong></span> <span class='ocrx_word' id='word_1_413' title='bbox 1246 2928 1286 2977; x_wconf 79' lang='lat'><strong>3,</strong></span> <span class='ocrx_word' id='word_1_414' title='bbox 1309 2930 1377 2973; x_wconf 74' lang='lat'><strong>42.</strong></span> <span class='ocrx_word' id='word_1_415' title='bbox 1398 2931 1572 2973; x_wconf 82' lang='lat' dir='ltr'><strong>&#39;Florus</strong></span> <span class='ocrx_word' id='word_1_416' title='bbox 1587 2962 1599 2975; x_wconf 88' lang='lat'><strong>.</strong></span> <span class='ocrx_word' id='word_1_417' title='bbox 1617 2963 1629 2975; x_wconf 91' lang='lat'><strong>.</strong></span> <span class='ocrx_word' id='word_1_418' title='bbox 1651 2962 1661 2974; x_wconf 90' lang='lat'><strong>.</strong></span> <span class='ocrx_word' id='word_1_419' title='bbox 1687 2935 2007 2992; x_wconf 65' lang='lat' dir='ltr'><strong>vietor-esfas—</strong></span> 
     </span>
    </p>
   </div>
   <div class='ocr_carea' id='block_1_16' title="bbox 1045 2993 1851 3038">
    <p class='ocr_par' dir='ltr' id='par_1_19' title="bbox 1045 2993 1851 3038">
     <span class='ocr_line' id='line_1_78' title="bbox 1045 2993 1851 3038; baseline 0.009 -11"><span class='ocrx_word' id='word_1_420' title='bbox 1045 3009 1047 3011; x_wconf 96' lang='lat'>·</span> <span class='ocrx_word' id='word_1_421' title='bbox 1113 2993 1291 3029; x_wconf 81' lang='lat' dir='ltr'><strong>stratus</strong></span> <span class='ocrx_word' id='word_1_422' title='bbox 1392 3001 1480 3030; x_wconf 80' lang='lat' dir='ltr'><strong>sua</strong></span> <span class='ocrx_word' id='word_1_423' title='bbox 1502 3003 1655 3031; x_wconf 81' lang='lat' dir='ltr'><strong>manu</strong></span> <span class='ocrx_word' id='word_1_424' title='bbox 1679 2993 1851 3038; x_wconf 77' lang='lat' dir='ltr'><strong>cecidit.</strong></span> 
     </span>
    </p>
   </div>
   <div class='ocr_carea' id='block_1_17' title="bbox 1109 3045 2006 3555">
    <p class='ocr_par' dir='ltr' id='par_1_20' title="bbox 1109 3045 2006 3555">
     <span class='ocr_line' id='line_1_79' title="bbox 1171 3045 2004 3107; baseline 0.013 -22"><span class='ocrx_word' id='word_1_425' title='bbox 1171 3045 1432 3086; x_wconf 81' lang='lat' dir='ltr'><strong>ambitiose.</strong></span> <span class='ocrx_word' id='word_1_426' title='bbox 1530 3045 1694 3103; x_wconf 90' lang='lat' dir='ltr'><strong>Nequit</strong></span> <span class='ocrx_word' id='word_1_427' title='bbox 1751 3053 2004 3107; x_wconf 89' lang='lat' dir='ltr'><strong>comparari</strong></span> 
     </span>
     <span class='ocr_line' id='line_1_80' title="bbox 1114 3101 2006 3161; baseline 0.006 -18"><span class='ocrx_word' id='word_1_428' title='bbox 1114 3116 1218 3143; x_wconf 91' lang='lat' dir='ltr'><strong>cum</strong></span> <span class='ocrx_word' id='word_1_429' title='bbox 1258 3103 1400 3143; x_wconf 82' lang='lat' dir='ltr'><strong>verbis</strong></span> <span class='ocrx_word' id='word_1_430' title='bbox 1434 3102 1487 3144; x_wconf 92' lang='lat' dir='ltr'><strong>de</strong></span> <span class='ocrx_word' id='word_1_431' title='bbox 1512 3101 1667 3148; x_wconf 84' lang='lat' dir='ltr'><strong>Germ.</strong></span> <span class='ocrx_word' id='word_1_432' title='bbox 1703 3120 1740 3152; x_wconf 87' lang='lat' dir='ltr'><strong>c.</strong></span> <span class='ocrx_word' id='word_1_433' title='bbox 1763 3107 1835 3148; x_wconf 71' lang='lat'><strong>27.</strong></span> <span class='ocrx_word' id='word_1_434' title='bbox 1858 3109 2006 3161; x_wconf 79' lang='lat' dir='ltr'><strong>fune-</strong></span> 
     </span>
     <span class='ocr_line' id='line_1_81' title="bbox 1112 3161 2004 3221; baseline 0.012 -23"><span class='ocrx_word' id='word_1_435' title='bbox 1112 3173 1218 3199; x_wconf 84' lang='lat' dir='ltr'><strong>rum</strong></span> <span class='ocrx_word' id='word_1_436' title='bbox 1241 3161 1376 3200; x_wconf 77' lang='lat' dir='ltr'><strong>nulla</strong></span> <span class='ocrx_word' id='word_1_437' title='bbox 1410 3161 1629 3215; x_wconf 79' lang='lat' dir='ltr'><strong>ambitio,</strong></span> <span class='ocrx_word' id='word_1_438' title='bbox 1666 3170 1712 3203; x_wconf 85' lang='lat' dir='ltr'><strong>ut</strong></span> <span class='ocrx_word' id='word_1_439' title='bbox 1744 3174 2004 3221; x_wconf 87' lang='lat' dir='ltr'><strong>sumptuosa</strong></span> 
     </span>
     <span class='ocr_line' id='line_1_82' title="bbox 1112 3214 2002 3278; baseline 0.011 -22"><span class='ocrx_word' id='word_1_440' title='bbox 1112 3214 1382 3271; x_wconf 85' lang='lat' dir='ltr'><strong>intelligatur</strong></span> <span class='ocrx_word' id='word_1_441' title='bbox 1437 3232 1619 3275; x_wconf 87' lang='lat' dir='ltr'><strong>pompa.</strong></span> <span class='ocrx_word' id='word_1_442' title='bbox 1715 3218 1794 3262; x_wconf 81' lang='lat' dir='ltr'><strong>Est</strong></span> <span class='ocrx_word' id='word_1_443' title='bbox 1852 3224 2002 3278; x_wconf 88' lang='lat' dir='ltr'><strong>potius</strong></span> 
     </span>
     <span class='ocr_line' id='line_1_83' title="bbox 1112 3272 2002 3324; baseline 0.012 -11"><span class='ocrx_word' id='word_1_444' title='bbox 1112 3273 1368 3315; x_wconf 87' lang='lat' dir='ltr'><strong>Stoicorum</strong></span> <span class='ocrx_word' id='word_1_445' title='bbox 1393 3272 1646 3318; x_wconf 88' lang='lat' dir='ltr'><strong>firmitatem</strong></span> <span class='ocrx_word' id='word_1_446' title='bbox 1672 3275 1887 3321; x_wconf 81' lang='lat' dir='ltr'><strong>aemulata</strong></span> <span class='ocrx_word' id='word_1_447' title='bbox 1909 3281 2002 3324; x_wconf 88' lang='lat' dir='ltr'><strong>ani-</strong></span> 
     </span>
     <span class='ocr_line' id='line_1_84' title="bbox 1112 3330 2002 3382; baseline 0.004 -12"><span class='ocrx_word' id='word_1_448' title='bbox 1112 3330 1173 3370; x_wconf 90' lang='lat' dir='ltr'><strong>mi</strong></span> <span class='ocrx_word' id='word_1_449' title='bbox 1219 3330 1469 3373; x_wconf 86' lang='lat' dir='ltr'><strong>constantia</strong></span> <span class='ocrx_word' id='word_1_450' title='bbox 1525 3339 1567 3373; x_wconf 85' lang='lat' dir='ltr'><strong>et</strong></span> <span class='ocrx_word' id='word_1_451' title='bbox 1614 3332 1834 3376; x_wconf 87' lang='lat' dir='ltr'><strong>fortitudo</strong></span> <span class='ocrx_word' id='word_1_452' title='bbox 1877 3352 1901 3379; x_wconf 84' lang='lat' dir='ltr'><strong>a</strong></span> <span class='ocrx_word' id='word_1_453' title='bbox 1942 3339 2002 3382; x_wconf 75' lang='lat' dir='ltr'><strong>la.</strong></span> 
     </span>
     <span class='ocr_line' id='line_1_85' title="bbox 1111 3387 2001 3451; baseline 0.012 -24"><span class='ocrx_word' id='word_1_454' title='bbox 1111 3387 1271 3428; x_wconf 88' lang='lat' dir='ltr'><strong>mentis</strong></span> <span class='ocrx_word' id='word_1_455' title='bbox 1304 3395 1347 3429; x_wconf 86' lang='lat' dir='ltr'><strong>et</strong></span> <span class='ocrx_word' id='word_1_456' title='bbox 1380 3388 1572 3431; x_wconf 87' lang='lat' dir='ltr'><strong>lacrimis</strong></span> <span class='ocrx_word' id='word_1_457' title='bbox 1602 3389 1770 3438; x_wconf 84' lang='lat' dir='ltr'><strong>aliena,</strong></span> <span class='ocrx_word' id='word_1_458' title='bbox 1802 3391 1846 3434; x_wconf 88' lang='lat' dir='ltr'><strong>id</strong></span> <span class='ocrx_word' id='word_1_459' title='bbox 1876 3396 2001 3451; x_wconf 89' lang='lat' dir='ltr'><strong>quod</strong></span> 
     </span>
     <span class='ocr_line' id='line_1_86' title="bbox 1109 3443 2000 3500; baseline 0.011 -15"><span class='ocrx_word' id='word_1_460' title='bbox 1109 3458 1206 3500; x_wconf 84' lang='lat' dir='ltr'><strong>sqq.</strong></span> <span class='ocrx_word' id='word_1_461' title='bbox 1240 3443 1418 3487; x_wconf 91' lang='lat' dir='ltr'><strong>docent.</strong></span> <span class='ocrx_word' id='word_1_462' title='bbox 1492 3445 1622 3488; x_wconf 91' lang='lat' dir='ltr'><strong>Varia</strong></span> <span class='ocrx_word' id='word_1_463' title='bbox 1663 3445 1783 3490; x_wconf 86' lang='lat' dir='ltr'><strong>enim</strong></span> <span class='ocrx_word' id='word_1_464' title='bbox 1815 3458 1878 3492; x_wconf 87' lang='lat' dir='ltr'><strong>est</strong></span> <span class='ocrx_word' id='word_1_465' title='bbox 1910 3467 2000 3495; x_wconf 89' lang='lat' dir='ltr'><strong>am·</strong></span> 
     </span>
     <span class='ocr_line' id='line_1_87' title="bbox 1110 3501 1999 3555; baseline 0.011 -13"><span class='ocrx_word' id='word_1_466' title='bbox 1110 3501 1246 3551; x_wconf 86' lang='lat' dir='ltr'><strong>bitio,</strong></span> <span class='ocrx_word' id='word_1_467' title='bbox 1283 3503 1507 3544; x_wconf 79' lang='lat' dir='ltr'><strong>&#39;militaris</strong></span> <span class='ocrx_word' id='word_1_468' title='bbox 1530 3503 1620 3546; x_wconf 85' lang='lat' dir='ltr'><strong>An.</strong></span> <span class='ocrx_word' id='word_1_469' title='bbox 1645 3501 1685 3555; x_wconf 84' lang='grc'><strong>3,</strong></span> <span class='ocrx_word' id='word_1_470' title='bbox 1712 3504 1801 3555; x_wconf 76' lang='grc'><strong>13.,</strong></span> <span class='ocrx_word' id='word_1_471' title='bbox 1848 3512 1999 3552; x_wconf 84' lang='lat' dir='ltr'><strong>mum‘-</strong></span> 
     </span>
    </p>
   </div>
   <div class='ocr_carea' id='block_1_18' title="bbox 1111 3557 1532 3614">
    <p class='ocr_par' dir='ltr' id='par_1_21' title="bbox 1111 3557 1532 3614">
     <span class='ocr_line' id='line_1_88' title="bbox 1111 3557 1532 3614; baseline 0.005 -13"><span class='ocrx_word' id='word_1_472' title='bbox 1111 3560 1268 3614; x_wconf 81' lang='lat' dir='ltr'><strong>cipalis</strong></span> <span class='ocrx_word' id='word_1_473' title='bbox 1290 3559 1376 3603; x_wconf 90' lang='lat' dir='ltr'><strong>An.</strong></span> <span class='ocrx_word' id='word_1_474' title='bbox 1403 3557 1444 3611; x_wconf 88' lang='lat'><strong>4,</strong></span> <span class='ocrx_word' id='word_1_475' title='bbox 1464 3559 1532 3603; x_wconf 72' lang='lat'><strong>62.</strong></span> 
     </span>
    </p>
   </div>
  </div>
 </body>
</html>
