2150 4022
368 315 642 379 «mim
688 272 1012 377 Aeffr‘c.
1061 309 1299 375 VITA
1359 269 1555 375 cip.
1593 314 1665 375 3.·

1331 139 1362 146 Α

1829 318 1947 407 115

95 450 271 510 'multi
294 446 567 507 'fortuitis
586 442 862 517 casibus,
920 445 1393 522 promptissimus
1429 446 1677 524 quisque
1710 447 1951 505 saevitia

95 526 380 614 principis
406 532 874 590 interciderunt?
926 529 1109 589 Pauci
1146 540 1200 586 et
1216 536 1239 598 ‚⁸
1272 542 1339 587 ut
1375 533 1457 588 ita
1501 532 1789 612 dixerim,¹
1823 553 1950 589 non

95 623 273 678 modo
335 619 617 687 aliorum,
690 619 792 674 sed
847 617 1024 692 etiam
1076 615 1266 672 nostri
1323 619 1659 690 superstites
1717 626 1946 674 sumus:

92 703 376 780 exemptis
407 725 438 760 e
464 703 660 759 media
699 703 828 771 vita
854 713 943 759 tot
979 701 1183 769 annis,
1225 701 1440 775 quibus
1479 702 1720 759 iuvenes
1751 704 1826 759 ad
1861 723 1953 759 se—

91 802 423 860 nectutem,
465 806 839 863 senes'prope
868 788 942 844 ad
971 785 1135 865 ipsos
1167 792 1395 846 exactae
1432 789 1634 844 aetatis
1657 786 1953 845 terminos

94 897 203 951 -per
242 875 544 932 silentium
571 874 859 933 venimus-

945 892 1069 928 non
1103 883 1302 927 tamen
1342 871 1567 945 pigebit
1603 873 1699 928 vel
1743 873 1954 930 incon-

96 961 217 1019 dita
243 981 308 1018 ac
331 960 471 1018 rudi
491 979 635 1015 voce
659 957 1003 1034 memoriam
1029 955 1246 1032 prioris
1273 956 1571 1013 servitutis
1601 967 1668 1013 ac
1689 958 1953 1016 testimo-

155 1228 296 1270 multi
301 1227 522 1283 fortuitis
542 1227 736 1270 casibus.
794 1223 859 1268 Ita
885 1224 989 1283 legi-

97 1302 198 1330 mus
260 1301 310 1328 ex
369 1284 684 1328 emendatione
730 1281 882 1338 Lipsii.
931 1307 986 1316 -

98 1343 258 1386 multis
289 1342 511 1398 fortuitis
552 1342 735 1384 casibus
765 1339 902 1384 MSS.
945 1346 988 1382 et

96 1401 199 1444 edd.
250 1409 352 1442 aute
386 1398 601 1456 Lipsium.
685 1396 828 1441 Huius
880 1412 988 1441 cor-

94 1456 346 1500 rectionem
400 1455 564 1510 deinde
628 1470 788 1510 omnes
848 1453 988 1498 secuti

95 1522 202 1559 sunt
233 1521 409 1570 praeter
435 1512 709 1556 Dronkium.
783 1512 826 1554 Is
857 1511 990 1554 resti-

94 1573 185 1615 tuit
207 1579 399 1627 veterem
424 1570 696 1627 scripturam
721 1569 781 1611 im
818 1570 989 1611 roban-

95 1630 214 1681 tibus
233 1627 462 1677 Beckero,
491 1626 720 1677 Hertelio,
745 1585 990 1669 Vesalehio.

95 1686 275 1729 Etenim
309 1683 543 1729 Dronkius
585 1684 798 1726 idoneam
834 1683 989 1726 defen-

97 1745 271 1790 sionem
305 1758 398 1785 non
431 1741 685 1792 addiderat3
716 1749 760 1783 et
783 1748 992 1795 contorta

96 1816 204 1845 sane
239 1805 304 1843 est
329 1799 571 1849 sententia,
603 1798 640 1841 si
667 1797 767 1856 quis
803 1797 992 1841 coniun-

98 1858 187 1917 git:
224 1855 450 1912 fortuitis
484 1857 660 1898 casibus
687 1855 989 1910 promptissi-

98 1927 209 1958 mus
233 1914 424 1970 quisque
445 1913 648 1956 saevitia
669 1913 892 1967 prinmpzs
915 1915 991 1954 in·-

97 1973 395 2016 ter-ciderunt.
457 1969 549 2012 Iam
576 1985 688 2014 vero
711 1969 847 2014 verba
874 1971 992 2010 mul·

98 2033 157 2074 tis
183 2029 404 2085 fortuiti-s
445 2028 626 2070 casibus
673 2023 898 2084 pertinent
934 2025 991 2069 ad

96 2085 374 2149 praecedens
443 2085 702 2127 membrum
725 2099 739 2126 :
806 2087 992 2137 grande

53 2163 58 2165 -
96 2145 313 2188 mortalis
327 2143 441 2185 aevi
455 2143 682 2196 spatium,
710 2142 793 2185 hac
816 2150 990 2184 senten-

95 2202 185 2252 tia:
217 2201 435 2259 spatium,
472 2200 521 2242 in
553 2215 644 2256 quo
672 2208 777 2242 sunt
798 2197 873 2242 vel
895 2213 990 2240 esse

96 2259 248 2304 solent
268 2257 404 2305 multi
436 2255 612 2300 fortuiti
647 2273 775 2300 casus
810 2255 992 2298 inter-ei⁴

97 2314 251 2361 dendi.
328 2313 449 2358 Nihil
486 2314 604 2372 apud
635 2313 843 2358 Tacitum
878 2312 992 2355 eius·

98 2372 225 2417 modi
249 2372 448 2415 ablativis
460 2381 529 2414 est
544 2371 833 2428 frequentius.
868 2369 988 2411 Tum

99 2431 319 2474 sententia
369 2429 504 2472 totius
559 2429 649 2472 loci
693 2427 991 2471 constituetur

98 2489 230 2532 haec:
261 2485 394 2543 quid,
424 2485 459 2527 si
481 2495 658 2545 praeter
682 2484 896 2527 fortuitos
919 2499 990 2526 ca·

100 2561 200 2596 sus,
240 2542 318 2601 qui
354 2558 435 2602 per
468 2543 728 2602 quindecim
763 2557 990 2596 annorum

31 2626 34 2629 ·
99 2601 290 2660 spatium
341 2608 446 2643 sunt
503 2600 658 2652 multi,
718 2597 993 2641 fortissimus

3 2686 32 2712 g
131 2660 289 2722 uisque
316 2657 512 2701 ‘saevitia
548 2655 765 2714 principis
805 2655 991 2699 interci-

90 2675 280 2759 derunt.
341 2713 464 2771 Quid
494 2715 550 2758 sit
583 2713 760 2756 molesti
783 2713 829 2756 in
859 2727 993 2757 voca·

99 2773 210 2816 bulo
237 2774 398 2815 multis
430 2781 534 2815 ante
557 2772 777 2827 fortuitis
809 2771 992 2812 casibus

133 2830 276 2877 osito,
317 2845 422 2885 :non
461 2829 563 2873 satis
595 2828 831 2887 perspicio.
904 2827 991 2870 Sed

99 2846 353 2931 §Nalchius
404 2902 501 2928 non
542 2885 683 2929 semel
729 2884 831 2929 talia
872 2884 991 2933 iacit,

102 2945 180 2987 ubi
203 2945 364 2987 desun't
386 2943 499 2986 iusta
523 2952 802 3002 argumenta.
859 2940 992 2984 Redit

104 3016 213 3046 vero
245 3000 406 3043 eodem
431 3000 568 3059 Lipsii
597 2999 875 3051 emendatio,
903 3015 994 3044 nec

104 3057 317 3119 queritur,
342 3058 558 3116 scriptor,
589 3058 709 3115 quod
744 3057 872 3100 multi
898 3056 992 3099 for·

104 3114 228 3158 tuitis
261 3114 436 3159 casibus
468 3115 803 3166 interciderint,
840 3123 890 3157 ut
926 3115 992 3159 vi·
1038 3148 1049 3155 .

105 3174 234 3216 detur
256 3171 487 3221 Dronkio,
517 3173 593 3216 sed
621 3179 857 3231 propterea
884 3171 993 3215 haec

103 3229 270 3279 adfert,
308 3237 359 3272 ut
387 3229 638 3272 tarditatem
672 3237 873 3280 excuset,
904 3244 993 3285 qua

104 3301 277 3331 novum
317 3285 545 3329 saeculum
579 3287 752 3329 laboret
786 3287 847 3339 in,
869 3302 994 3329 revo-

105 3343 257 3399 candis
287 3343 478 3399 ingeniis
500 3342 759 3401 studiisque.
820 3344 890 3386 De
917 3360 994 3387 vo·

106 3398 266 3498 ‹1:³2qu
289 3400 528 3456 fortuitus
563 3399 620 3444 cf.
656 3407 753 3444 not.
789 3401 845 3444 ad
878 3401 992 3443 Hist.

136 3486 149 3504 2
203 3488 214 3500 Ω

160 3587 529 3639 promptissimus
556 3586 762 3670 yuisque.
823 3585 881 3629 es.
907 3586 994 3629 An.

108 3641 149 3689 9,
175 3641 244 3685 81.
269 3641 399 3692 4,17.
426 3643 495 3686 51.
531 3644 597 3690 14,
625 3642 666 3684 7.
707 3642 773 3692 15,
792 3642 864 3686 49.

1734 1224 1810 1268 Sic
1852 1227 1953 1269 edd.

1119 1232 1189 1280 ct,
1237 1231 1288 1266 ut
1318 1225 1385 1266 ita
1423 1225 1644 1266 dixerim.

1052 1270 1265 1331 Rhenan.
1285 1281 1506 1339 Ald..,sqq.
1550 1280 1687 1327 {Dein
1709 1282 1955 1340 Bipoutini,

1061 1339 1269 1390 Oberlin.
1309 1337 1710 1398 sqq.‚·d„eleverunt
1754 1347 1799 1382 et
1841 1341 1955 1395 (non

1060 1396 1322 1447 Broterius,
1367 1405 1418 1440 ut
1448 1395 1636 1445 ,tradidit
1669 1395 1958 1453 Walchim),

1060 1452 1957 1512 idemqueRhenanusinCastigationibus

1063 1519 1276 1555 suaserat.
1345 1512 1481 1559 MSS,
1505 1519 1548 1562 et
1582 1511 1683 1554 edd.
1716 1520 1817 1554 ante
1840 1511 1957 1555 Rhe-

1062 1585 1256 1611 nanum:
1323 1575 1368 1609 et
1418 1568 1490 1609 uti
1534 1569 1774 1624 dixerim,
1833 1570 1958 1626 quod

1062 1625 1298 1675 revocavit
1337 1624 1570 1675 Dronkius
1624 1626 1958 1673 adversantibus

1062 1682 1283 1733 Beckero,
1306 1681 1522 1732 Hertelio‚
1548 1681 1793 1733 Walchio.
1834 1682 1958 1728 Usus

1066 1739 1281 1807 loquendi
1309 1738 1428 1792 baud
1450 1738 1584 1789 dubie
1618 1741 1763 1797 poscit
1785 1739 1960 1784 Rhena-

1043 1815 1111 1841 ·m
1137 1797 1526 1848 emendationem,
1563 1805 1606 1839 et
1641 1796 1713 1838 uti
1744 1797 1959 1840 facillime

1064 1854 1347 1913 potuitsoriri
1378 1871 1427 1896 ex
1451 1862 1503 1895 ut
1523 1858 1566 1907 ἴ,
1614 1868 1704 1910 quo
1737 1869 1960 1913 compen-

1063 1912 1138 1954 dio
1170 1914 1239 1953 ita
1262 1926 1592 1968 nonnunquam
1625 1911 1843 1969 scriptum
1878 1921 1960 1956 est.

1060 1970 1137 2014 An
1154 1969 1226 2011 uti
1244 1970 1451 2011 dixerim
1469 1967 1649 2011 defendi
1672 1969 1813 2024 possit
1829 1986 1852 2013 e
1867 1969 1958 2012 for-

1062 2026 1186 2068 mula
1217 2025 1500 2069 Graecorum
1536 2021 1597 2073 ὠς
1631 2028 1800 2081 εἰπεῖν,
1857 2043 1960 2070 am-

1061 2084 1185 2141 bigo.
1225 2084 1437 2127 Ceterum
1458 2083 1550 2125 duo
1564 2091 1791 2126 momenta
1805 2083 1959 2127 distin-

1063 2149 1288 2199 guuntur:
1332 2148 1376 2182 et
1402 2141 1522 2197 quod
1547 2141 1675 2197 p'auci
1701 2141 1959 2196 superstites

1063 2209 1181 2250 sunt,
1196 2208 1237 2242 et
1254 2199 1373 2256 quod
1400 2214 1493 2240 non
1515 2198 1653 2239 modo
1671 2197 1867 2240 aliorum
1881 2199 1960 2243 sed

1063 2257 1130 2311 sui
1148 2256 1407 2314 superstites
1430 2264 1548 2298 sunt.
1586 2253 1740 2309 Quare
1755 2256 1870 2298 male
1885 2256 1958 2299 de-

1063 2314 1156 2357 lent
1185 2322 1256 2368 et,
1304 2329 1418 2371 quae
1455 2312 1674 2370 particula
1705 2313 1961 2369 saepissime

1063 2387 1396 2429 supervacanea
1421 2379 1484 2412 est
1509 2369 1600 2415 visa
1624 2368 1960 2425 interpretibus.

1062 2429 1121 2472 cf.
1151 2437 1247 2471 not.
1280 2429 1337 2470 'ad
1367 2428 1453 2470 An.
1491 2429 1528 2477 l,
1551 2425 1650 2475 55.;
1686 2426 1798 2469 Hist.
1828 2429 1867 2477 1,
1889 2428 1964 2472 79.

1059 2486 1196 2532 221.
1233 2494 1276 2528 et
1309 2484 1431 2528 alibi.
1474 2512 1533 2520 --
1604 2483 1734 2526 Addo
1790 2483 1839 2526 in
1890 2485 1962 2530 ed.

1061 2543 1166 2586 Put.
1198 2542 1272 2586 Μ.
1305 2542 1392 2598 legi
1425 2549 1470 2583 et
1501 2540 1594 2594 uti,
1648 2556 1742 2582 non
1777 2556 1842 2583 ex
1874 2543 1957 2598 uti,

1064 2599 1186 2658 quod
1207 2599 1318 2655 inde*
1334 2598 1534 2655 prodidit
1556 2596 1827 2642 Walchius.

1103 2700 1276 2743 *nostri
1306 2699 1595 2754 superstites.
1657 2696 1779 2741 Haec
1809 2697 1958 2742 lucem

1063 2757 1293 2815 accipiunt
1316 2772 1338 2799 e
1365 2756 1671 2813 sequentibus.
1745 2755 1860 2798 Nam
1886 2757 1966 2798 sui

1062 2822 1298 2870 superstes
1339 2813 1429 2856 dici
1473 2820 1641 2870 potest,
1686 2814 1784 2869 -qui
1824 2813 1959 2855 morti

1063 2881 1165 2916 ante
1197 2869 1417 2914 obnoxius
1442 2869 1604 2912 deinde
1634 2870 1682 2912 in
1721 2871 1850 2913 vitam
1888 2887 1960 2913 re—

1064 2931 1159 2974 diit.
1221 2929 1434 2970 Mortuus
1459 2935 1605 2970 autem
1628 2927 1851 2978 videtur,
1885 2928 1959 2984 qui

1063 3003 1144 3046 per
1166 2985 1390 3028 silentium
1416 2984 1635 3046 vivitsnec
1666 2985 1809 3027 ullum
1841 2985 1957 3027 vitae

1063 3043 1376 3087 testimonium
1412 3041 1516 3094 edit.
1586 3041 1661 3084 Sic
1696 3042 1779 3084 illi.
1839 3041 1960 3083 Nihil

1063 3102 1199 3159 igitur
1233 3100 1281 3142 in
1312 3099 1434 3155 hisce
1471 3099 1616 3142 Taciti
1650 3100 1800 3142 verbis
1833 3114 1958 3141 excu-

1065 3159 1252 3202 sandum
1288 3165 1377 3208 est,
1420 3164 1462 3199 et
1498 3157 1592 3214 ipse
1630 3156 1861 3199 audaciam
1895 3156 1957 3197 di-

1066 3215 1229 3259 ctionis
1255 3214 1474 3257 excusavit
1496 3213 1642 3256 verbis
1665 3220 1716 3255 ut
1736 3214 1805 3255 ita
1831 3214 1958 3255 dixe-

1066 3275 1172 3315 rim.

1120 3341 1313 3395 prioris.
1375 3341 1455 3386 Ed.
1486 3340 1661 3397 Gryph.
1690 3339 1857 3396 (1542.)
1892 3338 1959 3381 vi-

1067 3398 1130 3440 tio
1159 3414 1394 3456 operarum
1413 3400 1670 3457 prioribus.

1125 3470 1373 3513 servantis.
1457 3468 1533 3511 Sic
1570 3467 1672 3510 edd.
1709 3467 1826 3525 Lips.
1861 3482 1959 3524 sqq.

1070 3543 1092 3569 e
1128 3527 1205 3574 viri
1243 3526 1444 3584 ingenio.
1515 3525 1616 3566 MS.
1654 3523 1797 3567 Vatie.
1832 3523 1962 3567 3429.

1071 3592 1113 3624 et
1156 3584 1267 3641 edd.
1308 3593 1410 3627 ante
1450 3583 1648 3639 Lipsium
1703 3583 1960 3635 senectutis,

1071 3639 1192 3697 qnod
1248 3640 1302 3683 ab
1356 3640 1442 3684 hoe
1495 3641 1597 3681 loco
1649 3638 1840 3681 alienum
1888 3646 1963 3689 ost,

1228 3702 1371 3756 HQ
