2150 4022
532 213 654 317 'mi
713 220 1244 318 GERMANIA
1295 245 1591 325 mne.

132 405 195 451 ‚et
245 361 444 447 filium·
502 387 834 455 Mannum,
907 379 1198 460 originem
1266 383 1479 458 gentis,
1517 380 1987 458 conditoresque.

136 475 365 535 Manno
427 475 536 532 tris
596 474 750 531 filios
809 473 1150 546 adsignant,

135 561 395 638 proximi
418 557 660 618 Oceano
695 557 1084 632 IngaevoneS,

139 646 472 705 Istaevones
510 656 812 703 vocentur.

197 892 426 948 etfilium.
484 888 884 989 Edd.Norimb.tet
895 888 1028 932 Rom.

791 962 815 989 e

139 1006 833 1120 {isilsssshdeliffiufstaeiffibf‘
844 1004 1031 1105 &¹33¹ss

140 1121 219 1164 ris.
240 1122 433 1167 editum.
470 1122 554 1166 Cui
573 1130 660 1167 etc.

115 1211 117 1215 ¹
198 1190 443 1236 Mannum.
502 1193 580 1238 Sic
601 1192 706 1236 cod.
729 1190 959 1236 Hummel.
984 1189 1033 1233 in

142 1249 369 1308 margine,
401 1251 449 1293 in
477 1259 593 1294 textu
616 1250 859 1292 Marnum.

199 1323 561 1376 conditoresque.
639 1320 716 1364 Sic
752 1320 856 1365 edd.
885 1319 1032 1364 Rhen.

143 1375 309 1432 (1533.)
333 1376 441 1422 Ald.
465 1394 565 1437 sqq.
594 1406 653 1414 --
692 1381 1034 1435 conditorisque

143 1433 243 1477 MS.
277 1434 388 1481 Tur.
431 1436 532 1478 edd.
569 1436 684 1494 Spir.
719 1437 851 1480 Kath.
895 1436 1032 1479 Rom.

143 1490 249 1534 Put.
269 1491 336 1535 M.
364 1501 408 1537 et
429 1491 485 1534 V.
515 1493 725 1537 Beroald.
753 1493 857 1538 Ale.
892 1494 1032 1550 Pogg-

145 1547 356 1594 Norimb.
386 1575 444 1585 —
495 1552 872 1608 conditoremque
900 1551 1038 1595 MSS.

920 1622 1023 1650 rem

146 1663 366 1709 Arundel.
386 1665 617 1709 Hummel.
637 1690 692 1700 --
739 1667 1038 1709 conditor-ios-

151 1735 240 1775 que
258 1720 361 1766 MS.
381 1722 614 1781 Stuttgart.
748 1739 773 1770 ἢ

151 1809 816 1913 ...ἵεοῖιῖοῗῗιη’ζῖἒΐῖἻέῗῗε.
860 1807 1039 1909 Βᾶεἷζίἶ

150 1919 268 1964 Lael.
299 1937 341 1965 c.
363 1921 406 1964 8.
465 1920 649 1965 Sallust.
675 1924 771 1980 lug.
792 1937 832 1967 c.
851 1923 923 1967 78.

94 2048 98 2064 ·
207 2003 514 2059 Ingaevones.
580 2006 699 2051 MS.
741 2007 908 2064 Stuttg.
952 2007 1042 2051 In-

150 2076 399 2116 gaevones,
471 2063 554 2109 Ed.
586 2062 765 2122 Micyll.
803 2067 1040 2118 Vigoeuo-

153 2127 267 2171 nes,
295 2119 345 2162 in
367 2121 569 2178 margine
595 2125 625 2178 †
647 2122 954 2177 Ingaevones.
984 2147 1042 2156 —-

151 2175 414 2230 Ingevones
434 2180 535 2223 edd.
557 2179 700 2224 Paris.
723 2189 767 2223 et
787 2179 939 2225 Viteb.

195 2260 516 2307 Herminones.
535 2263 614 2308 Sic
624 2263 1046 2324 MSS.Tur.Stuttg.

154 2317 382 2363 Hummel.
401 2321 501 2364 edd.
516 2322 637 2381 Spir.
651 2323 784 2367 Kath.
801 2323 905 2367 Put.
920 2323 990 2366 M.
1005 2331 1048 2366 et

156 2374 213 2419 V.
233 2375 371 2420 Paris.
393 2378 872 2425 Beroald.Alc.Rben.
898 2381 1047 2436 (1519.

159 2441 202 2476 et
230 2433 369 2490 1533.)
402 2435 507 2479 Ald.
542 2437 661 2496 Lips.
687 2453 788 2496 sqq.
822 2447 865 2481 et
898 2454 1047 2496 nuper

158 2490 344 2536 Passov.
360 2491 484 2536 Hess.
496 2493 697 2539 Waleh.
739 2496 946 2553 Pugnant
964 2512 1047 2554 pro

157 2547 242 2592 hac
259 2549 478 2607 scriptura
494 2566 581 2594 von
596 2553 677 2596 der
689 2552 860 2611 Hagen.
875 2553 1048 2596 Irmin.

193 2641 206 2653 .
239 2607 311 2650 27.
365 2615 410 2649 et
445 2605 715 2654 Grotefend.
758 2609 876 2668 apud
923 2610 1050 2654 Hess.

205 2680 265 2707 ar.
290 2663 427 2708 Lectt.
459 2666 489 2711 Ι.
521 2683 567 2724 p.
592 2667 635 2711 5.
665 2695 724 2703 -
772 2668 1054 2711 Hermiones

160 2722 295 2765 MSS.
327 2720 499 2768 Vaticc.
534 2724 637 2768 edd.
670 2725 807 2767 Rom.
839 2724 1051 2769 Norimb.

161 2778 302 2845 Rhag.
329 2778 504 2824 Ernest.
539 2780 747 2826 Oberlin.
771 2781 961 2826 Bekker.
995 2783 1052 2825 al.

162 2836 352 2880 Falhtur
380 2836 518 2894 igitur
539 2839 744 2894 Hessius,
775 2841 851 2896 qui
880 2839 928 2883 in
950 2839 1056 2883 Var.

164 2894 305 2938 Lectt.
325 2894 359 2936 1.
392 2911 436 2952 p.
462 2897 504 2940 4.
532 2896 738 2940 adfirmat
768 2898 1056 2941 Hermiones

165 2958 340 3011 praeter
382 2952 480 2996 edd.
511 2953 642 2999 Rom.
686 2965 728 2999 et
755 2956 963 2999 Norimb.
1008 2956 1055 2998 in

165 3008 385 3053 veteribus
398 3008 524 3054 libris
539 3028 631 3055 non
650 3021 828 3058 exstare.
865 3013 1058 3057 Ernestii

168 3066 326 3110 oeulos
365 3065 525 3111 fefellit
570 3070 791 3128 scriptura
835 3071 909 3114 ed.
953 3071 1056 3113 Put.

168 3124 478 3177 Hermiones,
532 3135 579 3169 ut
619 3128 816 3171 traderet
861 3127 923 3172 ibi
964 3144 1058 3171 esse

168 3182 475 3225 Hermiones:
505 3186 658 3227 verum
681 3185 792 3229 illud
817 3185 1057 3243 legendum

169 3247 235 3282 est
257 3238 575 3286 Herminones.
643 3243 876 3286 Broterius
909 3243 1057 3286 conie-

172 3297 234 3340 cit
284 3295 534 3363 ⁸legendum
591 3315 683 3343 esse
732 3301 1061 3352 Herminones,

172 3369 295 3454 ἓιιεει
348 3356 604 3400 terminatio
653 3358 708 3400 sit
760 3373 786 3400 a
839 3361 1057 3400 wohnen.

213 3411 407 3454 ousentit
428 3413 676 3459 ssredovius
695 3415 748 3459 ad
772 3415 816 3458 h.
839 3414 870 3458 l.
930 3416 1062 3474 Apud

172 3467 294 3513 Plin.
313 3467 368 3511 N.
390 3469 446 3512 H.
465 3472 506 3522 4,
529 3472 594 3516 14.
621 3473 831 3528 leguntur
846 3472 1064 3521 Hermio-

175 3539 283 3628 ’1ξὲςί
314 3541 571 3628 ἒυεὸιηέἷῐῐι
593 3538 637 3573 et
655 3530 717 3574 ibi
749 3530 852 3573 libri
864 3531 1067 3632 tvariant.

233 3598 296 3628 ea
351 3615 364 3635 ‚
421 3616 432 3628 .
514 3601 730 3632 ermones
751 3602 861 3631 voca
884 3619 895 3631 .

1051 1147 1065 1175 1

1243 491 1273 526 e
1330 487 1585 545 quorum
1627 466 1987 531 rnominibus

1126 555 1309 612 medii
1341 553 1766 621 HerminoneS,
1810 553 1989 611 ceteri

913 643 1156 720 quidam
1189 652 1256 698 ut
1292 640 1357 695 in
1395 638 1633 695 licentia
1668 638 1986 708 vetustatiS,

1156 886 1441 930 Istaevones.
1511 881 1622 942 MS.
1650 880 1814 941 stuttg.
1847 883 1993 926 istae-

1101 962 1129 988 υ

1101 1015 1270 1047 nones.
1342 999 1429 1043 Ed.
1463 997 1609 1041 Paris.
1643 997 1905 1042 Istevones.
1936 1023 1994 1033 -

1103 1060 1196 1103 Iam
1229 1058 1318 1103 hoc
1347 1056 1452 1102 satis
1486 1063 1660 1099 certum
1697 1063 1762 1097 est
1804 1072 1853 1098 ex
1894 1056 1992 1114 ipso

1102 1116 1248 1161 Taciti
1273 1116 1378 1159 loeo
1403 1114 1600 1156 filiorum
1623 1112 1785 1156 Manui
1808 1115 1996 1157 nomina

1104 1173 1225 1219 hisce
1257 1171 1494 1219 vocabulis
1527 1170 1727 1220 subesse,
1775 1186 1889 1228 quae
1920 1188 1996 1214 se-

1106 1232 1308 1276 cundum
1377 1227 1613 1284 Conringii
1687 1228 1995 1272 coniecturam

1104 1290 1230 1332 fuere
1250 1286 1442 1343 Iugaef,
1473 1284 1636 1340 Istaef
1658 1284 1870 1339 (Iustaef,
1905 1284 1996 1328 Gu-

1106 1346 1219 1403 staf)
1247 1355 1291 1389 et
1313 1345 1538 1394 Her-min,
1566 1343 1815 1386 secundum
1843 1343 2001 1395 Mone,

1109 1404 1270 1448 Gesch.
1295 1406 1342 1446 d.
1365 1404 1497 1444 nord.
1510 1400 1765 1444 Heidenth.
1794 1400 1849 1444 11.
1880 1417 1924 1459 p.
1941 1401 2012 1454 5.'‚-

1104 1463 1258 1516 Inga,
1289 1461 1515 1507 Hermia,
1547 1459 1672 1501 Ista.
1759 1455 2000 1501 Grotefen-

1109 1519 1167 1562 do
1201 1520 1318 1578 apud
1347 1518 1472 1560 Hess.
1499 1515 1605 1559 Var.
1629 1515 1771 1560 Leett.
1802 1515 1857 1559 ΙΙ.
1888 1528 1931 1574 p.
1958 1515 2001 1560 3.

1106 1578 1404 1631 Ingaevones
1426 1581 1530 1617 sunt
1552 1573 1762 1626 Ingaaer
1782 1572 1829 1616 h.
1853 1575 2001 1617 e..Au·²-

1107 1635 1380 1678 tocbthones
1415 1633 1458 1687 (a
1490 1645 1594 1676 voc.
1632 1644 1797 1685 gawa,
1831 1634 2004 1687 gewe)‚·

1107 1692 1383 1734 Istaevones
1416 1705 1440 1731 a
1469 1695 1653 1736 stawa,
1702 1696 1848 1731 stewe
1892 1693 2004 1743 (no-

1109 1758 1252 1792 strum
1277 1748 1444 1802 Staab)
1474 1760 1557 1804 pro
1587 1745 1900 1789 Idstaevones
1937 1748 2004 1801 (ut

1109 1805 1366 1862 Sygambri
1389 1819 1473 1865 pro
1494 1803 1802 1859 Sildgambri)
1817 1835 1831 1852 ,
1864 1805 2006 1846 Ban-

1111 1864 1500 1911 desverwandte5
1543 1860 1860 1904 Herminones
1878 1862 2020 1917 freie'

1112 1925 1208 1975 und
1223 1935 1309 1964 von
1326 1920 1550 1961 einander
1562 1920 1886 1974 unabhiz'ngige
1896 1920 1945 1962 V
1941 1922 2006 1961 ‹¹51-

1112 1980 1211 2023 her.
1270 1977 1374 2021 Alio
1408 1975 1548 2018 modo
1585 1975 1705 2018 idem
1741 1975 1813 2022 vir
1846 1976 2006 2020 doctus

1110 2036 1221 2080 haec
1240 2034 1424 2078 nomina
1445 2032 1715 2091 explicuerat
1739 2034 1853 2091 apud
1878 2035 2006 2078 Hess.

1114 2093 1365 2137 Van'Leet.
1404 2090 1435 2134 Ι.
1468 2106 1513 2148 p.
1539 2093 1581 2134 5.
1653 2090 1925 2135 Ricklefsius
1949 2091 2008 2134 ad

1114 2152 1157 2196 h.
1183 2152 1212 2196 l.
1235 2151 1561 2204 „Ingaevonen
1573 2149 2010 2201 Kiistenbewohner,

1118 2226 1206 2252 von
1216 2209 1370 2261 Aigen
1383 2206 1513 2248 Meer
1534 2206 1627 2248 und
1651 2209 1871 2258 wolmen3
1892 2207 2011 2250 Her-

1117 2269 1305 2310 mionen
1339 2263 1627 2308 Hochl'zinder
1657 2279 1750 2310 von
1773 2267 1847 2307 Ar
1876 2265 2010 2324 Berg,

1119 2325 1244 2370 Stein
1275 2322 1386 2366 oder
1416 2324 1501 2364 her
1534 2320 1678 2370 hoch,
1727 2322 1822 2365 und
1857 2322 2012 2365 Istae-

1118 2397 1272 2425 vonen
1307 2377 1634 2423 Niederl'ander
1676 2394 1771 2424 von
1813 2380 1872 2423 ist
1910 2378 2011 2423 nie-

1119 2440 1186 2483 dri
1220 2443 1271 2482 .”

1177 2455 1370 2553 qguidam
1402 2502 1451 2537 ut
1485 2495 1531 2535 in
1564 2494 1747 2535 licentia
1781 2501 1870 2539 vet.
1939 2495 2014 2540 Sic

1118 2554 1258 2598 MSS.
1282 2553 1455 2596 Vaticc.
1485 2550 1610 2594 1862.
1639 2559 1681 2593 et
1708 2551 1834 2601 2964,
1862 2554 2015 2595 Arun-

1123 2611 1211 2654 del.
1235 2611 1401 2667 Stuug.
1426 2610 1552 2663 (teste
1564 2608 1740 2664 Hessio)
1767 2610 2015 2654 edd.R0m.
2060 2617 2062 2619 ’
2121 2605 2138 2614 ‘

1121 2668 1331 2711 Norimh.
1379 2665 1523 2709 Paris.
1572 2674 1614 2708 et
1657 2681 1802 2724 nuper
1839 2668 2015 2711 Passov.

1122 2725 1251 2769 Hess.
1278 2723 1465 2781 Dilthej.
1496 2750 1554 2759 -
1629 2724 1825 2779 quidam
1854 2733 2018 2768 ”autem

1125 2784 1311 2826 licentia
1333 2780 1435 2827 MS.
1460 2780 1571 2823 Tur.
1608 2781 1708 2824 edd.
1735 2782 1852 2840 Spir.
1881 2782 2018 2825 Kath.

1125 2841 1230 2884 Put.
1255 2840 1326 2883 M.
1351 2848 1394 2882 et
1411 2837 1469 2882 V.
1494 2837 1707 2882 Beroald.
1733 2855 1831 2898 sqq.
1868 2849 1909 2882 et
1942 2856 2019 2882 nu-

1161 2915 1208 2942 er
1232 2898 1410 2940 Ernest.
1441 2896 1618 2939 Broter.
1660 2895 1867 2940 oberlin.
1902 2897 2021 2940 Bek-

1127 2914 1222 2999 izer.
1247 2956 1333 2998 alii.
1395 2954 1483 2997 Sed
1501 2952 1684 2996 Tacitus
1709 2955 1852 2997 rarius
1882 2955 2022 2997 utitur

1129 3013 1348 3071 particula
1409 3019 1570 3054 autem
1630 3020 1674 3054 et
1736 3026 1912 3069 semper
1975 3012 2022 3055 in

1131 3070 1354 3115 strictiore
1374 3069 1658 3128 oppositione
1679 3067 1757 3124 (cf.
1779 3069 1867 3112 An.
1891 3069 1931 3118 3,
1954 3069 2023 3112 53.

1129 3128 1201 3171 73.
1239 3127 1280 3180 4,
1303 3128 1374 3171 28,
1415 3128 1456 3175 6,
1482 3126 1523 3169 5.
1558 3126 1659 3182 aL),
1702 3142 1935 3183 nunquam
1973 3127 2022 3169 in

1129 3185 1418 3229 recensendis
1461 3184 1594 3227 variis
1633 3183 1864 3226 sententiis
1909 3185 2025 3227 iuxta

1165 3243 1316 3292 osius,
1347 3242 1413 3285 uti
1438 3242 1526 3284 hic.
1587 3241 1646 3283 At
1678 3241 1939 3298 particulam
1974 3247 2025 3282 ut

1130 3259 1236 3344 Euic
1259 3300 1362 3343 loco
1389 3298 1545 3342 eximie
1581 3299 1825 3342 convenire
1858 3300 2026 3342 docent

1133 3359 1343 3417 exempla.
1399 3356 1508 3399 Hist.
1535 3355 1623 3406 1‚4.
1649 3364 1698 3398 ut
1719 3370 1831 3410 erga
1850 3356 2025 3410 princi·

1128 3430 1238 3471 pem
1252 3430 1425 3458 novum
1439 3421 1483 3456 et
1496 3415 1747 3456 absentem.
1781 3413 1891 3470 Agr.
1905 3429 1945 3457 c.
1961 3416 2026 3456 11.

1135 3481 1186 3516 ut
1223 3473 1348 3516 inter
1379 3473 1621 3514 barbaros.
1691 3470 1847 3528 Neque
1876 3479 2026 3513 tamen

1137 3538 1188 3574 ut
1217 3531 1276 3573 ita
1305 3530 1501 3588 positum
1527 3536 1695 3571 coartat
1730 3535 1805 3572 aut
1833 3527 2027 3571 circum-

1140 3588 1294 3632 scribit
1326 3584 1613 3636 senteutiam,
1645 3585 2026 3642 quemadmodum
