2150 4022
19 206 39 259 j

127 1475 139 1482 ⁸
203 1467 286 1508 sed
307 1463 467 1504 etiam.
531 1459 603 1501 Tu
629 1458 793 1524 accipe·
808 1475 889 1515 pro
916 1473 1012 1501 non
1036 1493 1045 1502 .
1062 1491 1072 1501 .
1090 1490 1102 1501 .

207 264 295 337 *92
564 260 631 321 C.
672 223 1235 352 comminus
1280 251 1701 326 TAfflTUs

208 404 382 469 atque
448 392 513 445 in
579 386 1052 463 splendidissima
1106 386 1353 448 Raetiae
1406 392 1749 467 provinciae
1814 394 2066 458 colonia.
2137 418 2145 425 ¹

207 476 426 554 passim
473 486 529 532 et
566 475 694 530 sine
731 473 969 530 custode
1012 484 1343 532 transeunt:
1415 488 1475 534 et
1510 497 1648 534 cum
1683 480 1887 537 ceteris
1921 500 2067 557 gen.-

207 564 369 621 tibus
415 580 577 618 arma
625 559 805 616 modo
863 569 1194 636 castraque,
1229 572 1433 618 nostra
1487 564 1895 635 ostendamus·‚
1972 563 2067 628 his

207 650 417 707 domos
452 646 740 721 villasque
777 644 1155 719 patefecimus
1187 665 1314 704 non
1339 647 1907 723 concupiscentibus,
1993 650 2069 709 In

204 730 649 794 Hermunduris
684 730 878 787 Albis.
905 730 1128 800 oritur,
1173 731 1396 789 flumen
1438 733 1727 792 inclutum
1768 746 1826 794 et
1857 747 2067 795 notum

207 820 386 879 olim:
431 836 594 874 nunc
616 826 847 875 tantum
868 816 1127 876 auditur.

374 953 565 1013 XLII.

206 1041 581 1101 Marcomani
627 1051 686 1096 ct
725 1038 926 1112 Quadi
979 1051 1178 1112 agunt.
1284 1037 1609 1117 Praecipua
1647 1039 2068 1103 Marcomano-

203 1123 340 1190 rum
364 1127 551 1203 gloria
579 1125 851 1202 viresque
890 1135 1063 1201 atque
1093 1125 1219 1202 ipsa
1258 1125 1435 1183 etiam
1468 1128 1660 1199 sedeS,
1701 1129 1889 1205 pulsis
1919 1131 2066 1188 olim

1173 1409 1215 1445 et
1235 1402 1325 1445 iam
1347 1403 1442 1445 fieri
1470 1382 1662 1447 solitam.
1719 1405 1778 1449 cf.
1793 1405 2062 1452 Ramshorn.

1172 1459 1258 1504 Gr.
1296 1464 1339 1515 §.
1364 1461 1459 1504 164.
1493 1479 1538 1520 p.
1561 1462 1662 1505 401.
1693 1463 1735 1507 6.
1758 1464 1805 1506 b.

205 1408 327 1457 tius,-
353 1399 596 1446 Passovius
622 1417 708 1459 pro
737 1415 834 1443 non
860 1403 1014 1444 solum
1038 1434 1047 1444 .
1063 1432 1073 1445 .
1089 1433 1100 1444 .

202 1524 301 1566 sed.
390 1516 621 1560 Nimirum
660 1525 819 1559 ceteris
860 1514 1100 1558 Germanis

203 1576 532 1627 commercium
562 1590 666 1617 cum
694 1572 912 1615 Romanis
937 1574 1101 1616 substi·
1230 1564 1279 1604 in
1299 1574 1301 1577 ’
1320 1563 1421 1604 Her
1423 1565 1629 1605 mundffl’
1630 1563 1670 1604 1⁰8
1712 1564 1844 1610 Albi-5·
1895 1568 2062 1613 oritur.

662 952 830 1011 quta
886 951 1345 1011 Hermunduros
1391 952 1654 1028 Narisci‚
1733 968 1800 1015 ac
1853 958 2067 1018 deinde
2144 1015 2150 1022 ,

203 1637 258 1679 tit
286 1635 334 1678 in
366 1632 487 1691 ripa:
533 1647 625 1674 non
657 1629 717 1673 ita
750 1629 1101 1683 Hermunduris,

202 1693 279 1752 qui
300 1707 395 1735 non
419 1688 670 1734 subsistunt
700 1686 748 1729 in
771 1687 896 1744 ripa,
928 1688 1002 1731 scd
1028 1704 1101 1755 pe·

203 1750 323 1795 nitus
379 1747 667 1807 provinciam
718 1745 978 1793 Romanam
1027 1762 1099 1789 ln-

202 1815 338 1854 trant.

259 1901 404 1949 atque
425 1892 490 1935 in.
550 1888 654 1932 MS.
677 1887 790 1930 Tur.
816 1903 871 1930 ac
891 1887 956 1931 in.
999 1879 1014 1889 ⁶

259 1970 455 2037 colonio.
517 1990 670 2034 Intell.
699 1988 900 2055 Augusta
924 1986 1095 2055 Vinde-

198 2054 408 2099 lieorum.
469 2049 526 2093 cf.
543 2047 744 2092 Orellius
762 2062 809 2088 in
823 2045 980 2106 Symb.
996 2053 1099 2089 crit.

200 2128 244 2170 p.
274 2109 344 2153 32.
425 2107 569 2165 Negat
605 2105 676 2152 vir
714 2104 874 2147 doctus
906 2103 954 2146 in
983 2101 1096 2147 See-

198 2166 462 2292 3322221222
482 2160 1096 2277 aaz-..seffgffzffiffqzzz

199 2285 412 2328 idoneam
474 2279 665 2323 habeant
729 2276 822 2321 vim
885 2276 1092 2334 negandi.

198 2339 550 2385 Hermunduros
576 2344 620 2379 et
646 2334 764 2381 ultra
786 2334 1009 2377 coloniam
1034 2333 1095 2378 il-

199 2401 288 2444 lam
333 2409 598 2456 progressos
635 2392 709 2439 hic
739 2392 866 2437 locus
906 2392 1092 2435 minime

125 2454 142 2462 ”
199 2455 375 2502 abnuit.

257 2565 301 2600 et
333 2557 435 2600 sinc
466 2556 667 2598 custode.
702 2543 704 2547 ¹
738 2549 852 2595 Edd.
885 2549 1093 2596 Norimb.

199 2615 340 2659 Paris.
373 2613 510 2656 Rom.
552 2612 653 2655 Alc.
692 2608 898 2652 Rhenan.
929 2608 1092 2666 (1533.)

156 2688 298 2731 ·sqq.
355 2670 410 2713 ad
462 2670 708 2713 Pichenam
765 2667 983 2711 omittunt
1031 2674 1093 2712 et.

199 2726 412 2774 Restituit
444 2727 667 2778 Pichena,
708 2725 1093 2769 consentientibus

198 2786 303 2831 MS.
328 2786 444 2828 Tur.
473 2785 577 2827 edd.
599 2784 717 2841 Spir.
744 2781 876 2825 Kath.
902 2781 1004 2826 Put.
1029 2782 1094 2828 Μ.

199 2854 243 2889 et
261 2842 319 2887 V.
341 2843 528 2885 Monac.
556 2841 720 2884 Vienn.
746 2839 955 2883 Beroald.
979 2839 1093 2883 Rhe-

198 2917 308 2946 nan.
333 2899 516 2955 (1519.).
576 2898 647 2940 De
668 2914 717 2940 re
741 2897 802 2943 cf.
825 2896 936 2941 Hist.
957 2900 999 2950 4,
1022 2897 1092 2943 64.

123 2974 128 2990 ·
198 2962 277 3003 vel
308 2960 432 3015 quod
465 2956 840 2999 contumeliosius
873 2963 944 2998 est
980 2955 1095 2998 viris

200 3020 265 3061 ad
285 3031 429 3060 arma
454 3014 604 3068 natis,
640 3013 838 3056 inermes
867 3027 921 3055 ac
947 3027 1093 3068 prope

199 3076 317 3119 nudi
341 3075 446 3116 sub
474 3074 726 3116 custode
758 3078 802 3113 et
826 3073 978 3126 pretio
1009 3072 1093 3114 coi-

200 3145 376 3177 remus.

259 3222 304 3259 ct
326 3229 448 3258 cum.
509 3211 593 3256 Ed.
614 3211 801 3255 Monac.
824 3220 875 3253 ut
897 3228 1017 3255 cum.

665 3312 767 3356 MS.
812 3311 923 3355 Tur.
965 3329 1096 3358 com-

261 3317 580 3359 ostendamus.

204 3378 501 3418 mendarum.

164 3495 169 3501 ·
241 3472 580 3542 patefecimus.
639 3469 723 3514 Ed.
742 3469 885 3515 Paris.
904 3474 1094 3530 patefa-

206 3546 369 3576 czrnuS.
428 3528 518 3575 Sed
543 3529 793 3593 perfectum
817 3526 891 3573 hic
917 3538 982 3572 cst
1013 3547 1096 3588 pro

209 3606 263 3636 eo
288 3588 482 3639 antisti),
514 3586 593 3649 qui
614 3585 781 3635 indicat
812 3601 907 3650 rem
933 3587 1097 3638 factam

542 3824 553 3850 3

1171 1619 1343 1662 Utrum
1377 1618 1686 1662 Hermunduri
1719 1637 1861 1680 usque
1892 1623 1947 1666 ad
1981 1640 2063 1669 ve-

1172 1693 1276 1719 rum
1299 1675 1429 1720 Albis
1455 1676 1630 1720 fontem
1654 1677 1974 1735 pertinuerint,
2005 1699 2062 1727 an

1173 1734 1354 1778 Tacitus
1394 1733 1603 1778 Mhldam
1649 1733 1723 1779 vel
1763 1735 1956 1794 Egeram
1988 1740 2063 1786 vel

1171 1792 1451 1837 Moldaviam
1473 1807 1559 1850 pro
1590 1791 1720 1835 initio
1740 1785 1869 1838 'Albis
1898 1794 2061 1841 habue-

1170 1850 1253 1900 rit,
1281 1849 1505 1893 incertum
1541 1857 1606 1892 est
1636 1849 1746 1894 viris
1784 1849 1946 1896 doctis.
2003 1854 2064 1900 cf.

1170 1906 1424 1950 Wilhelm.
1449 1907 1759 1952 Germanic-n.
1822 1910 1919 1954 .76.
1935 1911 2060 1965 205&

1169 1964 1360 2008 Seebod.
1399 1964 1518 2007 Bibl.
1555 1965 1655 2008 crit.
1699 1965 1782 2010 182
1813 1997 1829 2011 .
1875 1984 1922 2026 p.
1954 1969 2058 2014 214.

1168 2022 1282 2066 Satis
1313 2031 1463 2065 tamen
1494 2021 1594 2064 fidei
1623 2021 1782 2067 Tacito
1811 2025 1983 2070 accedit
2011 2034 2061 2073 ex

1168 2080 1261 2123 An.
1285 2080 1328 2130 2,
1349 2080 1421 2124 63.
1453 2087 1496 2122 et
1520 2080 1585 2132 12,
1605 2079 1677 2123 29.
1699 2080 1771 2126 30.
1793 2118 1796 2122 .
1856 2081 1919 2128 cf.
1948 2082 2058 2128 Dil—

1168 2136 1275 2194 thej.
1312 2138 1366 2180 ad
1403 2137 1448 2180 h.
1486 2137 1519 2180 l.
1612 2137 1842 2187 Mannert.
1885 2139 2055 2202 Geogr.

1167 2194 1222 2238 Τ.
1250 2195 1328 2239 111.
1364 2211 1409 2253 p.
1434 2194 1529 2238 197.
1548 2194 1652 2238 419.
2039 2201 2041 2206 ’

1225 2293 1339 2339 CAP.
1363 2293 1434 2338 42.
1483 2295 1688 2341 Narisci.
1749 2296 1826 2349 Sic
1847 2300 2057 2346 cumTa-

1166 2353 1257 2398 cito
1288 2352 1570 2413 Capitolinus
1611 2352 1661 2396 in
1703 2355 1854 2402 Marc.
1897 2358 2056 2405 Aurei.

1166 2428 1209 2455 c.
1244 2411 1317 2455 22.
1397 2410 1568 2454 Contra
1610 2410 1871 2459 Ptolemaeo
1909 2415 1955 2466 2
1985 2419 2054 2462 11.

1162 2468 1300 2513 iidem
1323 2469 1509 2512 audiunt
1525 2466 1800 2528 Οὐαριστοί;
1824 2472 1965 2518 Dioni
1987 2475 2058 2528 71,

1163 2527 1237 2571 21.
1268 2542 1312 2585 p.
1335 2528 1435 2571 810.
1461 2526 1513 2573 B.
1535 2529 1783 2588 Ναρισταί.

1223 2642 1280 2670 ac
1299 2628 1483 2670 deinde.
1542 2627 1643 2671 MS.
1671 2628 1782 2673 Tur.
1803 2638 1849 2674 et
1867 2633 2054 2680 deinde.

1221 2727 1528 2771 Marcomani.
1587 2727 1664 2772 Sic
1686 2727 1790 2773 MS.
1810 2729 1923 2775 Tur.
1950 2733 2053 2779 edd.

1164 2785 1374 2829 Norimb.
1404 2785 1588 2830 Monac.
1619 2785 1780 2831 Vienn.
1806 2788 1949 2834 Paris.
1973 2791 2056 2835 Be-

1163 2842 1308 2887 roald.
1330 2841 1432 2886 Alc.
1457 2842 1600 2886 Rhen.
1625 2842 1728 2889 Atd.
1751 2861 1847 2904 sqq.
1872 2847 1935 2890 -ad
1967 2847 2055 2892 Er-

1162 2900 1371 2951 uestium,
1394 2909 1436 2943 et
1450 2900 1610 2944 deinde
1628 2901 1728 2945 edd.
1740 2903 1918 2947 Passov.
1931 2905 2055 2952 Hess.

1164 2955 1365 3007 Walch.
1383 2958 1679 3018 aliorumque.
1730 2959 1967 3006 consentit
1989 2963 2056 3008 in-

1164 3015 1348 3070 scriptio
1371 3016 1486 3073 apud
1511 3014 1695 3062 Gruter.
1725 3034 1768 3076 p.
1793 3019 1888 3062 108.
1926 3023 2053 3072 nr.8‚.

1165 3079 1208 3115 et
1243 3072 1546 3118 Ptolemaeus.
1590 3103 1649 3111 —-
1725 3076 2064 3124 Marcomanni

1165 3129 1270 3173 edd.
1296 3129 1472 3174 Ernest.
1498 3122 1675 3175 Broier.
1703 3144 1804 3192 sqq.
1837 3142 1880 3177 et
1913 3151 2057 3195 nuper

1164 3186 1409 3231 Bekkerus.
1425 3212 1477 3221 --
1509 3189 1811 3234 Marcom‘am'
1825 3192 1924 3235 edd.
1937 3192 2055 3252 Spir.

1165 3244 1294 3288 Kath.
1324 3245 1424 3288 Put.
1443 3246 1512 3290 M.
1536 3255 1579 3290 et
1604 3246 1683 3299 V..
1718 3247 1895 3307 vulgari
1925 3251 2055 3296 vitio.

1175 3330 1226 3339 ....
1254 3302 1620 3347 Mzrchomanni
1667 3303 1772 3350 MS.
1822 3308 2054 3367 Stuttgart.

1166 3360 1303 3417 Apud
1335 3360 1534 3404 Dionem
1570 3378 1693 3406 nunc
1725 3371 1830 3408 sunt
1853 3368 2054 3426 Μαρκο-

1166 3414 1335 3476 μάννοι
1351 3451 1364 3473 ,
1420 3435 1547 3463 nunc
1584 3425 1755 3481 Μαρκο
1797 3417 1912 3467 άνοι.
1991 3425 2053 3472 cf.

1167 3485 1262 3519 not.
1298 3476 1351 3519 ad
1384 3477 1473 3521 An.
1507 3478 1552 3526 2,
1577 3477 1650 3523 46.
1729 3438 1890 3536 (ficuum
1930 3482 2058 3526 Ger-

1168 3536 1308 3576 mani
1332 3535 1607 3587 scribantur,
1632 3544 1744 3594 puto
1770 3537 1931 3585 eodem
1955 3539 2053 3585 iure

1169 3591 1302 3637 scribi
1322 3592 1668 3638 Marcomanos.
