2150 4022
252 214 372 275 146

529 205 775 270 IULn
819 203 1147 268 Acme.
1190 201 1428 264 VITA
1482 157 1825 272 CAP.17.·

248 344 475 404 sissima
515 336 858 417 provinciae
886 334 1066 394 totius
1091 328 1464 410 perhibetur,
1500 335 1830 410 adgressus.
1913 335 2103 394 multa

249 429 502 509 proelia,
543 435 600 480 et
637 422 956 498 aliquando
997 440 1123 476 non
1165 420 1500 476 incruenta:
1542 439 1935 497 magnamque
1965 418 2106 478 Bri-

248 527 489 596 gantum
545 519 772 583 partem
820 516 922 562 aut
969 504 1214 561 victoria
1262 505 1564 579 amplexus
1613 517 1699 562 est
1757 517 1861 563 aut
1923 506 2104 568 bello,

247 601 328 660 Et
364 617 499 655 cum
529 592 776 651 Cerialis
824 591 1064 667 quidem
1107 589 1346 645 alterius
1388 590 1732 647 successoris
1774 592 1975 647 curam
2012 591 2104 647 fa-

249 701 520 758 mamque
545 677 882 745 obruisset,
908 674 1188 746 sustinuit
1210 695 1444 750 quoque
1473 674 1687 731 molem
1708 672 1894 732 Iulius
1907 673 2104 732 Fron-

247 773 406 829 tinus
423 813 438 836 ,

517 765 611 821 vir
661 781 907 835 magnus
961 770 1246 836 quantum
1302 759 1549 828 licebat,

1627 759 2000 836 validamque
2046 768 2103 817 e‘t

247 871 571 933 pugnacem
600 847 865 907 Silurum
907 856 1136 919 gentem
1177 845 1356 900 armis
1395 844 1654 918 subegit,
1699 863 1875 920 super
1910 844 2103 902 virtu-

248 956 366 999 tem
396 935 655 995 hostium
686 934 1069 1008 locorumque
1101 929 1471 988 difficultates
1504 930 1806 990 eluctatus-

296 1186 581 1244 perhibetur.
609 1177 1136 1233 Ed.Put..Ven.prob1‘be.

248 1255 352 1298 eur,
384 1244 490 1287 vitio
513 1254 779 1298 operarum:
814 1253 917 1279 nam
943 1236 1011 1278 ed.
1033 1234 1135 1301 Ριιῑς

249 1305 377 1348 Med.
409 1302 542 1345 habet
579 1298 870 1354 perhibetur,
918 1301 966 1335 ut
997 1300 1136 1336 ceteri

248 1363 367 1407 hbn'
753 1409 830 1453 sic
860 1407 960 1450 MS.
987 1404 1136 1449 vatic.

304 1419 556 1473 amplexus
585 1419 673 1455 est.

245 1478 375 1522 3429.
421 1473 523 1517 edd.
560 1467 747 1512 Becker.
792 1474 836 1509 et
870 1463 1038 1507 Hertel.
1079 1486 1137 1495 -

248 1534 398 1591 Vulgo
436 1529 658 1574 omittitur
695 1532 786 1578 est,
819 1522 941 1581 quod
971 1519 1137 1564 rectius

246 1589 510 1641 restituitur.
560 1584 675 1628 Nam
693 1578 968 1636 subintelligi
991 1578 1034 1620 id
1058 1578 1138 1619 du-

247 1665 350 1693 rum
379 1646 579 1694 videtur,
611 1651 652 1685 et
686 1637 1032 1703 participiorum
1067 1651 1137 1702 se-

248 1709 334 1752 ries
371 1701 624 1750 continuari
655 1706 756 1756 apte
788 1702 946 1753 nequit
977 1693 1035 1735 ob
1065 1708 1137 1734 m-

190 1791 195 1793 >
244 1763 482 1822 terposita:
532 1760 685 1801 multa
719 1755 927 1811 proelia,
975 1757 1019 1794 et
1048 1752 1140 1793 ali-

277 1824 437 1865 uando
459 1831 552 1860 non
573 1817 836 1857 incruenta.

305 1888 352 1922 et
401 1891 506 1921 cum
550 1872 763 1917 Cerialis.
850 1867 951 1911 MS.
992 1866 1135 1909 Vatic.

245 1938 374 1983 3429.
402 1931 568 1978 omittit
598 1946 729 1978 cum,
757 1926 881 1984 quod
903 1923 1141 1991 vix-omitti

247 2002 409 2055 potest.
494 1989 611 2032 Nam
658 1995 706 2028 ut
746 2000 849 2027 cum
896 1991 1140 2032 omitteres,

247 2061 348 2112 post
379 2048 605 2091 obruisset
641 2044 829 2087 debebat
861 2039 1009 2097 pergi:
1051 2039 1135 2081 Ιιι-

246 2112 337 2154 lius
355 2110 608 2155 Frontinus
634 2109 796 2144 tamen
825 2100 1002 2140 molem
1029 2110 1138 2139 sus-

245 2169 380 2212 tinuit
407 2174 494 2208 etc.

305 2223 507 2268 alterius
541 2214 829 2262 successoris.
904 2211 1137 2255 Ernestius

247 2287 299 2331 ad
327 2283 370 2326 b.
398 2281 429 2324 l.
472 2274 664 2332 „Friget
688 2273 904 2329 quidem,
939 2269 1026 2312 nisi
1059 2272 1137 2311 al-

247 2355 320 2390 ter
343 2347 577 2384 successor
598 2330 805 2374 diversus
829 2343 853 2371 a
867 2326 981 2370 lulio
999 2327 1137 2370 Fron·

245 2404 359 2447 tino.
421 2394 470 2438 ld
495 2393 542 2435 ni
566 2388 647 2439 sit,
678 2395 833 2445 putem
855 2401 1015 2428 verum
1044 2400 1139 2428 esse

245 2454 446 2504 cuiusvis
470 2449 535 2492 vel
555 2445 747 2490 cuiusvis
767 2444 1014 2485 alterius.''
1062 2441 1138 2484 Est

245 2531 357 2563 vero
398 2511 524 2552 alter
565 2515 799 2547 successor
840 2500 953 2542 haud
1003 2499 1137 2542 dubie

246 2575 276 2618 i.
346 2603 356 2613 .
393 2565 532 2612 alius.
584 2561 788 2605 diversus
830 2575 852 2600 a
896 2558 1135 2601 Frontino.

248 2588 440 2675 cf.tl⁴list.
464 2624 505 2670 2,
533 2622 604 2664 90.
638 2618 888 2671 Tanquam
912 2617 1038 2667 apud
1058 2617 1135 2655 al..

247 2688 391 2730 terius
421 2679 618 2724 civitatis
641 2682 877 2718 senatum.
940 2671 1042 2714 vid.
1071 2669 1135 2713 ibi

247 2751 344 2790 not.
401 2738 547 2793 Supra
569 2751 608 2778 c.
634 2732 676 2776 5.
715 2746 832 2787 quae
862 2736 1023 2772 cuncta
1049 2729 1140 2770 etsi

247 2797 450 2846 consiliis
470 2798 698 2847 ductuque
724 2791 786 2831 al
795 2791 991 2830 terius
1019 2801 1131 2840 age-

247 2863 434 2903 bantur.
494 2846 776 2894 Sueton.1u1.
800 2846 923 2889 c.61.
941 2859 1023 2886 nec
1039 2859 1134 2897 pa-

246 2919 436 2961 tientem
469 2906 667 2950 sessoris
699 2904 986 2947 alterius.
1043 2899 1132 2956 Igi-

244 2983 322 3018 tur
357 2964 574 3015 sententia
616 2961 706 3005 loci
744 2969 830 3003 est:
879 2959 915 3002 si
949 2956 1135 3000 Cerialis

246 3030 386 3077 alium
427 3035 733 3068 successorem
779 3017 901 3072 (scil.
937 3029 1032 3057 non
1074 3013 1135 3056 ita

247 3097 481 3132 strenuum
511 3087 554 3121 et
570 3091 783 3141 inagnum
806 3075 975 3121 virum,
998 3086 1133 3129 quam

245 3145 330 3190 fuit
353 3139 490 3185 Iulius
507 3137 766 3179 Fronunusx
797 3129 1034 3180 habuisset,
1055 3128 1133 3171 ob·

245 3203 408 3247 ruisset
441 3208 594 3240 curam
631 3191 725 3232 eius
762 3188 1044 3245 famamque;
1089 3192 1133 3228 at

247 3258 347 3304 lulii
369 3248 580 3300 Frontini
606 3246 725 3290 sama
749 3261 841 3288 non
864 3254 928 3288 est
958 3245 1131 3290 obruta,

246 3317 349 3376 quia
373 3322 417 3359 et
441 3310 536 3369 ipse
568 3305 644 3348 ille
675 3303 741 3344 vir
773 3317 959 3360 magnus
995 3299 1128 3343 susti-

244 3373 344 3420 nuit
361 3381 541 3430 quoque
564 3360 732 3407 molem
754 3367 838 3402 etc.
878 3357 1130 3401 Walchius

242 3436 473 3476 contorte:
517 3419 759 3467 Wiewohl
789 3415 985 3457 Cerialis
1014 3416 1132 3457 auch

244 3490 371 3532 eines
389 3485 590 3529 andern,
615 3480 660 3519 d.
685 3477 729 3517 h.
751 3471 966 3530 grbssern
980 3473 1130 3515 Nach-

228 3547 414 3605 folgers
456 3539 619 3584 Ruhm
663 3535 796 3576 mue
843 3530 1133 3572 verdunkeln

1208 1176 1399 1220 kesnnen
1414 1210 1425 1231 ‚
1462 1177 1636 1220 leis-lete
1656 1175 1774 1218 doch
1798 1176 1918 1218 auch
1942 1173 2099 1218 Fron-

1207 1239 1337 1277 tinus
1372 1236 1544 1277 seinem
1571 1237 1712 1278 Amce
1738 1232 1947 1287 Gentige.
2009 1230 2102 1275 Mi-

1209 1292 1332 1335 nime
1359 1308 1478 1336 ver0.
1539 1291 1660 1335 Haec
1683 1291 1832 1348 neque
1854 1288 2004 1335 verbis
2025 1288 2103 1332 in-

1208 1358 1336 1400 sunt,
1379 1366 1524 1406 neque
1559 1349 1743 1393 cadebat
1778 1363 1827 1391 ea
1857 1354 2103 1391 contume-

1209 1406 1268 1449 lia
1301 1409 1347 1449 in
1377 1407 1613 1451 Cerialem.
1674 1406 1792 1450 Sunt
1827 1404 1937 1448 aliae
1970 1404 2102 1448 huius

1209 1464 1298 1507 loci
1350 1462 1596 1522 explicandi
1641 1464 1739 1508 viae
1782 1462 2102 1528 contorum-es,

1210 1537 1319 1579 quas
1342 1537 1528 1566 noscere
1554 1536 1649 1564 nou
1673 1529 1738 1565 est
1760 1528 1973 1577 pretium.

1267 1603 1507 1647 obruisset.
1537 1603 1613 1648 Sic
1627 1603 1711 1647 edd
1720 1636 1731 1648 .
1741 1603 1845 1647 Put.
1858 1601 2101 1649 Med.Ven·

1209 1678 1308 1720 sqq.
1342 1687 1398 1697 -
1458 1663 1668 1704 obruisse
1689 1660 1761 1705 ed.
1786 1660 1892 1706 Pul.
1915 1677 1984 1719 pr.

1270 1753 1500 1802 quantum
1536 1747 1716 1789 licebat.
1764 1742 2024 1788 ›Dronkius
2059 1751 2104 1788 et

1212 1803 1436 1847 Hei-telius
1465 1819 1569 1847 cum
1598 1801 1855 1847 Boxhornio
1891 1801 2004 1846 haec
2035 1817 2102 1845 re·

1213 1862 1363 1904 ferunt
1412 1862 1466 1903 ad
1514 1859 1828 1919 praecedentia
1878 1860 2102 1902 sustinuit

1211 1921 1321 1961 belli
1338 1921 1511 1960 molem
1526 1935 1537 1960 ε
1562 1917 1801 1968 „sustinuit
1818 1914 1989 1960 molem
2004 1932 2100 1960 non

1209 1984 1331 2018 tanta
1373 1975 1555 2032 quidem
1601 1989 1707 2018 cum
1746 1971 1912 2031 gloria,
1963 1989 2100 2032 quam

1211 2032 1396 2075 Petilius
1420 2040 1723 2090 consequutus
1736 2038 1846 2087 erat,
1872 2029 1947 2074 sed
2051 2046 2100 2072 n·

1208 2100 1307 2134 tum
1345 2100 1445 2148 post
1469 2089 1587 2132 illius
1617 2088 1736 2132 facta
1763 2087 1859 2133 fieri
1886 2045 2100 2132 liesca-'²

1210 2148 1458 2191 Oberlinus
1494 2147 1545 2189 ad
1581 2154 1910 2190 antecessorem
1941 2145 2098 2191 Ceria-

1208 2207 1323 2249 lem:
1369 2212 1632 2264 „quantum
1675 2202 1836 2247 licebat
1873 2204 1932 2248 ob
1969 2203 2100 2247 huius

1207 2264 1420 2309 virtutem
1447 2271 1490 2306 et
1511 2261 1751 2319 gloriam.”
1807 2261 1901 2305 Sed
1920 2261 1980 2305 ita
2005 2275 2099 2304 ver·
2127 2307 2131 2312 ‚

1207 2322 1293 2364 ba:
1352 2327 1584 2377 quantum
1618 2321 1783 2362 licebat
1825 2318 1972 2362 alieno
2010 2333 2100 2377 po-

1207 2378 1289 2422 sita
1323 2388 1428 2421 sunt
1458 2377 1579 2422 loco.
1651 2375 1745 2420 Ubi
1781 2391 1905 2420 nunc
1934 2376 2099 2444 legun-

1209 2446 1309 2487 tur,
1363 2452 1457 2478 non
1501 2442 1688 2492 possunt
1722 2433 1880 2477 referri
1920 2434 2003 2477 uisu
2041 2432 2097 2476 ad

1208 2496 1280 2536 vit·
1316 2507 1533 2548 magnus.
1609 2490 1834 2534 Nimirum
1865 2491 1950 2535 illis
1976 2499 2098 2534 tem-

1206 2551 1393 2610 poribus
1417 2567 1507 2593 non
1531 2549 1691 2592 licebat
1715 2556 1888 2591 tanturn
1912 2563 2006 2591 esse
2027 2548 2092 2605 vi-

1206 2625 1332 2659 rum,
1364 2616 1556 2665 quantus
1587 2619 1670 2662 pro
1702 2604 1853 2649 indole
1883 2613 1927 2648 et
1956 2604 2095 2648 animi

1206 2665 1377 2710 viribus
1410 2666 1455 2707 in
1491 2663 1628 2705 libera
1661 2677 1709 2704 re
1733 2662 1914 2720 publica
1940 2661 2096 2705 fuisset

1205 2723 1399 2766 futurus.
1489 2720 1605 2762 Nam
1656 2720 1788 2762 etiam
1838 2720 1922 2763 sub
1970 2720 2096 2763 hono

1205 2781 1411 2838 principe
1454 2786 1558 2821 sunt
1597 2777 1707 2820 certi
1745 2776 1879 2830 fines,
1932 2776 2095 2835 quibus

1206 2836 1470 2895 magnitudo
1524 2833 1636 2880 civis
1689 2833 2096 2884 circumscribitur,

1206 2911 1262 2938 ne
1285 2894 1490 2944 excedat,
1533 2901 1576 2935 et
1598 2891 1855 2936 fortissimis
1888 2891 1996 2939 viris
2026 2907 2094 2934 re-

1206 2952 1288 2995 bus
1313 2951 1519 3010 gerendis
1549 2948 1736 3007 gloriam
1771 2965 1988 3008 quaerere
2014 2966 2095 2995 ea-

1205 3018 1334 3076 tenus
1360 3017 1532 3052 tantum
1561 3007 1677 3059 licet,
1704 3015 1924 3065 quatenus
1946 3006 2094 3067 placet

1206 3067 1419 3126 principi.

1260 3150 1469 3192 validam
1504 3164 1578 3192 ue.
1645 3146 1724 3194 Sic
1753 3147 1854 3192 edd.
1885 3146 1992 3194 Put.
2020 3148 2091 3193 Μ.

1203 3208 1305 3253 Riv.
1332 3207 1475 3250 Beroa
1497 3207 1541 3251 d.
1572 3222 1670 3266 sqq.
1705 3229 1759 3239 —
1818 3207 2093 3262 validasque

1202 3266 1274 3309 ed.
1309 3265 1408 3307 Put.
1447 3281 1515 3323 pr.
1552 3287 1608 3297 —
1666 3263 1974 3320 validansque
2017 3262 2090 3308 ed.

1202 3322 1302 3367 Put.
1330 3322 1443 3366 Ven.

1258 3409 1572 3462 locorumque.
1629 3403 1707 3448 Sic
1729 3411 1902 3448 veteres
1928 3403 2090 3449 editio·

1201 3479 1295 3508 nes.
1358 3463 1419 3507 cf.
1442 3472 1537 3506 not.
1554 3461 1607 3505 ad
1622 3461 1852 3510 An.1‚98.
1909 3461 2088 3506 Etenim

1201 3537 1287 3579 que
1318 3519 1392 3565 hic
1414 3519 1598 3579 ponitur
1620 3533 1703 3578 pro
1730 3533 1936 3577 quoque,
1966 3519 2088 3578 quod
