2150 4022
589 220 1111 285 DIALOGUS.
1197 222 1530 286 CAP.·10.
1566 296 1573 312 ι
1847 225 1966 284 261

141 362 302 430 que,¹
337 372 470 410 cum
496 363 570 408 ‘ex
596 349 884 426 Hispania
911 352 1006 407 vel
1031 347 1202 420 Asia,
1258 373 1331 408 ne
1360 353 1501 430 quid
1541 353 1613 408 de
1639 350 1830 410 Gallis
1861 372 1974 409 no-

140 438 274 495 stris
297 436 536 513 loquar,
577 436 641 492 in
669 438 874 493 urbem
899 436 1089 506 venit,
1132 435 1390 496 Saleium
1411 437 1655 495 Bassum
1682 436 1973 513 requirit?

139 534 312 599 atque
345 523 490 578 adeo
525 521 575 575 si
615 521 747 597 quis
781 521 1059 597 requirit,
1113 531 1179 576 ut
1215 523 1392 588 semel
1426 522 1611 593 vidit,
1665 521 1876 578 transit
1918 532 1974 578 et

138 617 446 663 contentus
476 617 585 662 est:
626 617 693 662 ut
720 605 770 661 si
794 606 1082 681 pictura-m
1111 605 1367 680 aliquam
1394 608 1488 662 vel
1511 618 1759 663 statuam
1787 605 1972 662 vidis-

139 702 241 750 set.
325 688 529 767 Neque
549 686 709 746 hunc
735 711 932 746 meum
960 709 1286 745 sermonem
1317 689 1397 746 sic
1420 691 1603 765 accipi
1626 691 1762 747 volo
1781 736 1798 760 ,
1841 701 1973 747 tan-

137 795 314 851 quam
340 794 465 844 eos,
507 775 723 850 quihus
750 787 958 831 natura
982 794 1082 830 sua
1115 773 1436 830 oratorium
1463 775 1766 848 ingenium
1791 776 1973 832 dene-¹

138 860 326 933 gavit,
378 861 698 916 deterream
732 880 761 915 a
798 860 1188 927 carminibUS,
1242 865 1293 914 si
1317 861 1491 914 modo
1523 859 1587 915 in
1610 856 1719 916 hac
1747 860 1973 918 studio-

136 965 269 1001 rum
291 956 454 1020 parte
477 945 768 1001 oblectare
795 946 980 1002 otium
1009 954 1066 1000 et
1092 963 1311 1014 nomen
1338 942 1591 999 inserere
1616 956 1862 1018 possunt
1886 945 1976 1000 fa-

135 1050 292 1085 mae:
340 1048 443 1102 ego
475 1049 614 1086 vero
643 1050 876 1085 omnem
908 1028 1302 1104 eloquentiam
1333 1048 1652 1104 omnesque
1684 1029 1807 1085 eius
1835 1050 1974 1104 par-

134 1125 218 1171 tes
246 1122 435 1177 sacras
459 1125 515 1170 et
541 1115 903 1170 venerabiles
929 1126 1097 1186 puto:
1142 1133 1248 1168 nec
1273 1113 1462 1168 solum
1489 1108 1844 1169 cothurnum
1862 1103 1974 1170 've-

135 1210 322 1256 strum
350 1209 451 1255 aut
480 1195 703 1255 heroici
727 1198 1003 1255 carminis
1037 1217 1280 1266 sonum,
1330 1199 1432 1253 sed
1466 1197 1788 1274 lyricorum
1826 1219 1977 1274 quo-

135 1303 248 1359 que
296 1283 717 1357 iucunditatem
770 1295 824 1339 et
878 1283 1173 1356 elegorum
1224 1282 1491 1339 lascivias
1537 1293 1595 1339 et
1642 1281 1976 1339 iamborum

133 1368 584 1426 amaritudinem
633 1379 690 1424 et
730 1368 1214 1443 epigrammatum
1257 1368 1421 1424 lusus
1464 1377 1521 1424 et
1562 1387 1972 1445 quamcunque

1091 1606 1175 1648 pro
1205 1597 1452 1632 oratorum
1475 1589 1739 1643 ingenium,
1785 1570 1906 1644 quod
1930 1588 1975 1631 in

1091 1648 1192 1690 edd.
1206 1646 1329 1703 Spir.
1348 1647 1450 1690 Put.
1469 1646 1572 1690 Riv.
1590 1647 1693 1689 Ber.
1713 1645 1810 1690 Alc.
1831 1645 1977 1690 Rhen.

1091 1706 1193 1749 Ald.
1217 1705 1335 1763 Lips.
1361 1704 1578 1763 Bernegg.
1605 1704 1662 1747 al.
1689 1710 1839 1746 exstat.

139 1631 142 1634 ,
188 1604 248 1632 ne
267 1589 376 1646 quid
394 1591 452 1632 de
467 1589 620 1632 Gallis
641 1591 818 1633 nostris
838 1593 1019 1645 loquar.

133 1649 306 1702 loquar
338 1647 494 1704 scripsi
529 1663 551 1689 e
581 1646 682 1690 MS.
711 1647 851 1705 Neap.
890 1650 957 1698 [ut
988 1648 1020 1691 l.

135 1703 324 1748 Bekker.
388 1714 434 1746 et
494 1704 762 1747 Boettieher.
828 1721 850 1746 e
917 1706 1019 1748 eod.

133 1761 288 1816 Farn.]
322 1785 378 1793 -
411 1762 456 1804 in
483 1761 667 1818 reliquis
698 1762 818 1804 libris
851 1763 1020 1817 quua-

132 1833 257 1862 mur.
293 1817 526 1861 Praeterea
542 1834 922 1875 supervacaneum
943 1827 1023 1867 est,

133 1875 256 1932 quod
273 1875 575 1934 Schultingius
597 1877 809 1926 correxit,
835 1877 1019 1928 Galliis,

131 1931 427 2034 Rrobantibus
481 1931 624 1976 Orell.
681 1935 744 1982 [et
798 1932 1021 1990 Rupert.].

173 2006 253 2033 ene
309 2006 356 2032 se
411 1989 636 2044 excipiunt
696 1988 878 2031 nomina
927 1998 1019 2031 ter-

131 2063 284 2095 rarum
326 2055 369 2089 et
409 2046 635 2103 gentium,
685 2055 734 2088 ut
775 2048 860 2088 An.
896 2046 938 2101 3,
975 2048 1015 2089 2.

131 2104 293 2148 addito
337 2111 387 2146 ut
428 2105 736 2157 magistratus
775 2105 1020 2151 Calabriae

131 2163 364 2217 Apulique
385 2168 432 2203 et
457 2160 690 2215 Campani
705 2175 923 2213 suprema
938 2193 949 2204 .
959 2194 969 2205 .
984 2192 995 2204 .
1009 2192 1021 2205 .

132 2234 329 2262 munera
340 2219 680 2275 fungerentur,
708 2233 840 2275 quem
865 2218 1019 2261 locum

131 2275 314 2320 Dronk.
340 2275 547 2327 contulit.

193 2365 246 2400 ut
285 2359 432 2399 semel
463 2358 593 2400 vidit.
665 2357 796 2400 Hanc
829 2355 1017 2399 Acidalii

135 2415 445 2458 coniecturam
488 2416 736 2471 probarunt
765 2413 1018 2456 Heumann.

130 2471 316 2518 ⁴Sebulz.
366 2472 575 2515 oberlin.
628 2470 820 2514 Bekker.
873 2469 1016 2512 Orelt.

133 2529 373 2583 [Boettieh.
418 2529 638 2586 Rupert.].
732 2527 899 2574 Recte,
960 2527 1020 2570 cf.

127 2586 255 2630 Plin.
295 2586 434 2644 Epist.
474 2588 514 2635 2,
545 2586 585 2632 3,
616 2587 658 2628 8.
702 2587 1020 2639 Nunquamne

132 2644 306 2695 legisti,
350 2643 639 2686 Gaditanum
674 2647 907 2697 quendam
939 2671 950 2682 .
971 2672 980 2682 .
1002 2674 1013 2685 .

132 2705 196 2743 ad
221 2702 468 2742 visendum
493 2717 596 2743 eum
628 2700 699 2752 (T.
726 2699 922 2752 Livium)
955 2699 1015 2738 ab

134 2761 297 2801 ultimo
319 2767 552 2800 terrarum
575 2761 681 2799 orbe
705 2757 901 2803 venisse,
925 2763 1019 2798 sta-

133 2818 330 2870 umque,
363 2822 422 2858 ut
449 2818 652 2866 viderat,
682 2816 884 2857 abiisse?
911 2812 1019 2854 ibid.

135 2874 177 2922 6,
198 2873 266 2920 20,
292 2874 334 2916 5.
358 2875 535 2915 amicus
555 2874 786 2925 avunculi,
825 2874 908 2926 qui
925 2884 1020 2910 nu-

132 2943 220 2983 per
243 2933 305 2971 ad
329 2945 431 2971 eum
462 2945 524 2971 ex
546 2929 777 2983 Hispania
811 2933 1016 2980 venerat,

140 2993 191 3027 ut
226 3001 300 3027 me
339 2994 383 3028 ct
424 2994 624 3028 matrem
667 2989 899 3038 sedentes,
947 2999 1020 3025 me

138 3057 246 3084 vcro
269 3045 409 3084 etiam
430 3047 653 3097 legentem
686 3045 869 3092 videt,
900 3042 1022 3082 illius

132 3101 411 3154 patientium
435 3132 447 3155 ,
520 3102 815 3142 securitatem
863 3113 1021 3140 meam

139 3158 406 3207 corripit.
502 3156 723 3214 Corrupta
774 3164 837 3198 est
886 3156 1020 3210 igitur

139 3213 270 3257 codd.
298 3213 434 3272 Neap.
470 3217 532 3269 [et
563 3215 714 3268 Fam]
754 3221 794 3255 et
830 3212 1020 3268 reliqua-

139 3287 239 3313 rum
289 3271 385 3315 edd.
434 3271 564 3314 lectio
611 3279 656 3313 et
699 3274 847 3312 semel
895 3271 1020 3319 m'dit,

141 3343 273 3394 quam
309 3328 484 3371 Dronk.
529 3338 571 3371 et
606 3328 776 3372 Osann.
821 3341 1017 3369 servasse

142 3401 298 3429 miror.

198 3468 459 3512 oratorium
503 3469 749 3520 ingenium.
829 3468 873 3510 ld
922 3465 1021 3509 MS.

142 3522 278 3583 Neap.
326 3526 426 3571 edd.
463 3525 632 3571 Pithoe.
674 3540 773 3584 sqq.
822 3525 1022 3569 exhibent

1149 1818 1380 1859 oblectare
1405 1816 1569 1859 otium.
1628 1814 1700 1859 Cf.
1724 1812 1866 1857 Tacit.
1887 1813 1979 1857 An.

1092 1873 1159 1924 12,
1171 1874 1240 1916 19.
1266 1889 1369 1916 cum
1391 1904 1402 1915 .
1417 1904 1428 1915 .
1442 1904 1453 1915 .
1470 1873 1599 1915 iners
1619 1874 1764 1914 otium
1785 1874 1978 1914 oblecta-

1090 1940 1191 1982 ret;
1222 1930 1342 1972 Ptin.
1365 1930 1445 1986 Ep.
1459 1930 1580 1979 1,22‚
1594 1931 1636 1973 6.
1660 1944 1743 1972 nec
1763 1930 1977 1982 disputa-

1091 1989 1291 2030 tionibus
1303 1989 1447 2040 longis
1457 1988 1657 2030 aliorum
1666 1987 1810 2028 otium
1821 2000 1980 2028 suum·

1091 2061 1175 2101 que
1198 2048 1411 2087 delectat.
1437 2067 1494 2077 —-
1542 2044 1725 2087 Poetica
1751 2050 1816 2086 est
1838 2042 1977 2086 dictio

1088 2117 1258 2144 nomen
1281 2103 1488 2144 inserere
1496 2099 1694 2158 famae,
1719 2115 1851 2158 quam
1916 2099 1977 2143 'as
1996 2110 2001 2113 ·

1091 2176 1270 2216 quoque
1304 2159 1465 2202 Noster
1499 2158 1752 2216 usurpavit,
1801 2164 1850 2199 ut
1963 2185 1976 2199 .

1089 2218 1130 2267 6,
1178 2217 1221 2258 2.
1282 2220 1394 2258 dum
1452 2217 1785 2271 ignobilitatem
1838 2228 1977 2256 suam

1089 2275 1275 2329 magnis
1299 2274 1562 2316 nominibus
1588 2273 1771 2323 inserit,·
1799 2270 1912 2317 Hist.
1933 2269 1977 2318 2,

1089 2332 1160 2375 61.
1199 2331 1424 2373 Mariccus
1460 2331 1650 2385 quidam
1687 2362 1698 2372 .
1723 2360 1737 2373 .
1772 2330 1976 2370 inserere

1088 2403 1192 2430 sese
1213 2388 1442 2443 fortunae
1466 2418 1476 2429 .
1491 2418 1502 2429 .
1518 2418 1529 2429 .
1553 2401 1701 2429 ausus
1731 2393 1797 2428 est
1810 2401 1824 2436 ;
1862 2384 1975 2427 adde

1089 2444 1207 2487 Plin.
1243 2444 1383 2500 Epist.
1417 2443 1457 2492 7,
1493 2443 1563 2492 33,
1589 2447 1636 2488 ,1.
1680 2443 1733 2485 ad
1766 2441 1975 2485 Tacitum

1089 2502 1247 2544 missa:
1278 2514 1512 2554 auguror,
1619 2500 1850 2542 historias
1869 2507 1977 2540 tuns

1088 2560 1384 2601 immortales
1417 2557 1641 2612 suturas:
1694 2572 1780 2612 quo
1824 2557 1977 2609 magis

1087 2617 1180 2658 illis
1204 2617 1422 2670 (ingenue
1437 2615 1644 2671 fatebor)
1665 2614 1811 2656 inseri
1825 2615 1975 2666 cupio.

1144 2727 1423 2767 cothurnum
1454 2731 1675 2766 vestrum.
1736 2721 1814 2766 Sic
1841 2723 1978 2767 MSS.

1089 2782 1229 2840 Neap.
1260 2782 1323 2834 (in
1348 2797 1461 2839 quo,
1493 2791 1539 2824 ut
1563 2783 1607 2824 in
1632 2781 1700 2823 ed.
1722 2779 1869 2839 Spin,
1900 2795 1975 2823 oo·

1091 2850 1280 2882 turnum
1333 2839 1551 2895 scripturn
1603 2841 1686 2891 est)
1741 2847 1784 2880 et
1823 2838 1975 2886 Farn„

1092 2915 1141 2940 ex
1182 2913 1272 2954 quo
1308 2896 1480 2953 Lipsius
1518 2895 1758 2939 correxisse
1801 2894 1975 2936 videtur

1091 2954 1189 2996 edd.
1236 2953 1435 3010 priorum
1478 2953 1743 3011 scripturam
1787 2954 1978 2993 cothur-

1090 3027 1203 3053 num
1237 3018 1478 3060 nostrum,
1526 3026 1636 3068 quae
1670 3026 1693 3051 a
1724 3007 1901 3052 Dronk.
1932 3015 1975 3049 et

1091 3069 1261 3111 Osann.
1281 3068 1481 3110 restituta
1500 3077 1575 3110 est.
1637 3065 1775 3121 Quod
1799 3066 1851 3108 ab
1864 3064 1976 3119 Apri

1090 3124 1273 3180 ingenio
1305 3124 1498 3167 alienum
1539 3139 1633 3166 esse
1665 3123 1846 3172 vident,
1900 3121 1975 3176 qui

1091 3197 1186 3224 non
1231 3182 1485 3225 caecutiunt
1526 3195 1734 3239 prorsus;
1784 3179 1819 3222 is
1854 3179 1974 3220 enim

1091 3254 1185 3280 non
1218 3240 1324 3281 tanti
1356 3237 1601 3282 aestimavit
1628 3235 1839 3293 tragicam
1866 3251 1976 3292 poe-

1090 3297 1197 3345 sim,
1249 3295 1402 3352 quanti
1435 3295 1751 3338 aestimabatur
1793 3293 1846 3335 ab
1883 3293 1977 3334 Ma-

1088 3361 1220 3395 terno
1241 3352 1443 3412 aliisque.

1149 3472 1191 3506 et
1214 3467 1603 3520 epigrammatum
1625 3465 1769 3507 lusus.
1828 3461 1975 3528 Copu-

1094 3522 1181 3568 lam
1215 3538 1239 3564 a
1271 3522 1371 3586 MS.
1403 3521 1541 3580 Neap.
1571 3530 1615 3565 et
1648 3519 1747 3565 edd.
1787 3521 1982 3580 antiquis
