2150 4022
540 197 1073 265 DIAL‘OGUS.

1161 203 1208 260 C
1223 201 1278 260 A
1293 201 1359 263 P.
1400 203 1500 262 33.
1814 202 1939 262 359

261 326 546 390 XXXIII.
588 326 671 387 Et
683 328 1020 400 MaternUS,
1042 326 1203 388 Mihi
1228 331 1498 408 quidem,
1541 330 1767 408 inquit,
1804 347 1934 388 sus—

94 425 331 491 ceptum
367 434 399 474 a
436 425 492 472 te
528 435 746 472 munus
771 416 917 472 adeo
955 416 1242 491 peregisse
1267 417 1538 490 nondum
1562 415 1813 485 videris,
1865 428 1933 475 ut

92 495 397 562 inchoasse
434 510 665 559 tantum
713 511 768 556 et
803 501 965 559 velut
999 501 1244 573 vestigia
1279 522 1343 557 ac
1369 492 1724 558 lineamenta
1750 516 1929 578 quae-

91 586 227 641 dam
265 584 585 646 ostendisse
626 584 898 644 videaris,

89 680 349 741 oratores
395 669 555 726 soliti
607 669 756 738 sint,

984 584 1164 653 Nam,
1206 586 1422 660 quibus
1455 586 1670 644 instrui
1703 597 1934 645 veteres·

835 670 1068 740 dixisti,
1136 669 1645 747 differentiamque
1692 682 1926 728 nostrae

87 754 345 817 desidiae
372 765 429 813 et
453 754 794 811 inscientiae
819 757 1097 811 adversus
1122 754 1404 811 acerrima
1433 767 1488 811 et
1510 755 1924 834 fecundissima

86 859 288 898 eorum
316 839 508 900 studia
534 840 972 899 demonstrasti:
1027 851 1212 897 cetera
1242 851 1540 914 exspect0‚
1581 851 1675 909 ut,
1719 843 1926 917 quem—

84 915 406 987 admodum
442 945 508 994 ex
547 936 604 981 te
641 925 850 995 didici,
913 925 1059 1001 quid
1097 935 1196 982 aut
1235 924 1327 979 illi
1376 924 1612 991 scierint
1664 934 1764 982 aut
1815 945 1925 981 nos

83 1009 439 1076 nesciamUS,
495 1009 575 1066 ita
607 1005 720 1066 hoc
752 1029 986 1086 quoque
1022 1029 1397 1084 cognoscam,
1455 1009 1669 1085 quibus
1705 1010 1925 1066 exerci-

139 1228 256 1275 CAP.
286 1228 358 1274 83.
415 1231 675 1274 inchoasse.
754 1228 829 1273 Sic
865 1229 963 1275 MS.

78 1287 221 1346 Neap.
266 1297 310 1331 et
358 1288 462 1331 edd.
509 1295 612 1345 post
653 1284 759 1330 Ald.
804 1302 963 1329 omnes

78 1353 257 1403 praeter
269 1344 449 1388 Dronk.
474 1344 728 1395 etOsann.,
759 1344 835 1399 qui
860 1344 961 1387 edd.

77 1403 196 1460 Spir.
214 1401 319 1446 Put.
341 1402 438 1445 Riv.
454 1402 557 1445 Ber.
575 1402 673 1444 Alc.
694 1402 960 1458 scripturam

74 1461 327 1503 mcokasse-
339 1467 580 1517 praeeunte
591 1457 963 1502 Schurzsseischio

75 1516 392 1560 restituendam
428 1524 658 1574 putarunt.
730 1516 811 1570 [Ea
844 1514 963 1557 enim

74 1574 221 1616 forma
239 1575 293 1617 ab
316 1573 513 1632 antiquis
533 1573 834 1629 grammaticis
858 1573 965 1615 Dio-

75 1631 204 1674 mede
227 1647 274 1689 p.
294 1630 396 1674 316.
426 1621 555 1675 Serti.
577 1631 630 1673 ad
652 1628 776 1686 Virg.
792 1629 960 1687 Georg.

75 1687 118 1736 8,
148 1687 250 1732 223.
284 1689 472 1746 probata
502 1697 593 1735 est,
632 1695 674 1729 et
705 1687 817 1730 haud
858 1703 960 1728 raro

73 1745 298 1802 reperitur
326 1753 369 1788 et
392 1746 441 1788 in
467 1745 600 1788 codd.
627 1743 963 1800 antiquissimis,

75 1802 218 1859 (velut
240 1803 334 1847 Cic.
360 1803 415 1846 de
435 1820 485 1845 re
540 1803 631 1845 ubl.
650 1801 767 1853 1,35.
835 1833 846 1843 .
865 1801 960 1845 145.

73 1860 142 1904 ed.
164 1857 337 1902 Moser.
365 1868 409 1903 et
430 1818 538 1903 ibid).
559 1857 600 1910 3,
622 1860 665 1902 2.
701 1875 743 1918 p.
767 1818 866 1902 359.
890 1859 959 1925 ed.

71 1916 222 1971 Mos.‚
282 1917 358 1960 ubi
404 1934 428 1961 a
473 1918 667 1960 secunda
711 1932 848 1959 manu
894 1931 959 1958 sie

71 1974 355 2017 emendatum
387 1981 452 2018 est
477 1989 560 2031 pro
584 1976 876 2023 inchoatum,
914 1981 957 2015 et

69 2030 292 2074 Fronton.
339 2031 393 2074 ad
434 2030 656 2086 Antonin.
709 2047 779 2088 ep.
827 2032 866 2078 l,
911 2031 954 2072 5.

62 2103 116 2146 p.
144 2087 238 2131 155.
262 2088 376 2147 expl.
396 2087 558 2136 Rom..
584 2088 661 2131 ubi
683 2088 728 2130 in
754 2086 955 2146 margine

67 2153 240 2189 tantum
262 2146 478 2189 inchoato
498 2153 755 2190 correctum
776 2147 886 2197 est),
913 2151 956 2186 et

67 2201 115 2244 in
149 2202 251 2245 edd.
281 2202 492 2260 antiquis.
543 2204 603 2247 cf.
633 2201 868 2246 Walther.
899 2201 954 2244 ad

67 2258 180 2302 Hist.
213 2260 253 2310 4,
281 2261 352 2302 41.
386 2260 444 2302 at.
515 2259 805 2316 Quapropter
838 2275 953 2307 eam,

68 2325 118 2359 ut
143 2316 474 2373 -antiquiorem,
514 2316 819 2372 praetulerunt
852 2317 953 2357 Ma-

67 2373 410 2417 riniFrat.Arv.
436 2390 480 2431 p.
496 2373 591 2416 363.
617 2373 782 2429 aliique
808 2371 954 2415 multi.

69 2431 154 2473 Sed
216 2430 410 2474 formam
472 2432 697 2487 vulgatam
759 2430 949 2472 aliorum

67 2489 482 2588 giarflrii?lffiordlrrlt'
506 2487 952 2587 t·uemrdmiiitoriiea‹ls’

67 2561 96 2586 u
177 2562 250 2588 υιι
345 2561 662 2589 Oeslntau
799 2561 870 2586 om
939 2570 950 2584 .

67 2599 98 2644 l.
123 2601 182 2654 l.,
222 2603 341 2646 Festi
372 2602 417 2645 h.
442 2619 482 2648 v.
510 2611 552 2645 et
576 2561 730 2645 Sidauri
756 2617 798 2657 p.
820 2601 948 2642 2251.

63 2659 272 2712 Putsch.,
318 2677 401 2703 nec
433 2660 721 2703 adversantur
752 2658 948 2716 lapidum

62 2716 411 2776 inscriptiones]

119 2817 425 2861 lineamenta.
506 2816 608 2859 MS.
655 2816 792 2873 Neap.
844 2817 944 2859 edd.

65 2872 182 2929 Spir.
216 2873 319 2916 Ber.
353 2875 455 2917 Alc.
488 2873 632 2916 Rhen.
666 2874 766 2917 Ald.
802 2876 946 2916 linia-

65 2939 226 2972 menta
277 2953 335 2963 —
390 2931 492 2973 ed'd.
538 2931 642 2974 Put.
684 2931 785 2976 Riv.
835 2934 946 2974 lini-

63 2994 237 3030 menta.

119 3070 247 3114 soliti
265 3071 380 3115 sint.
439 3071 554 3115 Edd.
577 3072 697 3129 Spir.
719 3071 821 3114 Put.
846 3071 945 3115 Riv.

64 3128 167 3172 Ber.
216 3127 320 3172 Alc.
376 3129 592 3187 praebent
646 3129 774 3172 soliti
827 3135 948 3180 sunt,

64 3185 183 3243 quod
205 3184 381 3229 Dronk.
406 3194 447 3229 et
470 3185 639 3229 Osann.
661 3193 946 3234 revocarunt,

67 3243 264 3300 Zumptii
304 3259 370 3299 gr.
405 3244 477 3286 lat.
512 3247 538 3297 §
568 3242 666 3286 553.
701 3243 947 3300 praeceptis

64 3300 205 3343 abusi.
265 3300 400 3344 Recte
421 3310 565 3343 autem
587 3316 742 3344 omnes
764 3317 810 3342 ex
834 3300 945 3343 Rhe-

67 3356 171 3398 nani
195 3358 505 3400 emendatione
528 3359 653 3399 soliti
670 3359 762 3399 sint
794 3358 945 3399 edide-

66 3421 197 3463 runt,
226 3415 346 3472 quod
371 3415 418 3456 in
444 3415 542 3458 MS.
564 3414 702 3472 Neap.
725 3423 876 3458 exstat.

493 3514 630 3558 MSS.
688 3515 826 3574 Neap.
883 3520 946 3569 [et

124 3513 403 3559 inscientiae.

1197 1187 1209 1213 ι’

1036 1231 1184 1285 Farn.]
1199 1263 1210 1280 ,
1241 1230 1435 1288 itemque
1457 1228 1559 1273 edd.
1573 1229 1690 1286 Spir.
1706 1227 1806 1270 Put.
1821 1226 1924 1270 Riv.

1035 1288 1139 1330 Ber.
1163 1287 1266 1331 Alc.
1297 1288 1461 1331 habent
1491 1286 1741 1339 scientiae,
1785 1285 1921 1342 quod.

1037 1354 1082 1387 ut
1106 1353 1257 1401 aperto
1283 1345 1470 1394 salsum,
1504 1344 1742 1386 Rhenanus
1769 1358 1919 1385 emen-

1035 1402 1157 1445 davit
1177 1402 1222 1444 in
1246 1402 1513 1460 scripturam
1537 1400 1779 1458 vulgatam.
1811 1398 1922 1441 Hae-

1034 1469 1187 1503 serunt
1208 1459 1253 1501 in
1276 1475 1480 1517 praepos.
1505 1462 1725 1501 adversus
1739 1455 1917 1500 Schulz.

1035 1526 1077 1560 et
1108 1517 1310 1567 Dmnk..
1358 1517 1442 1560 ille.
1469 1517 1636 1560 dictum
1673 1529 1765 1556 esse
1799 1521 1921 1571 putat

1036 1591 1118 1632 pro
1153 1578 1243 1628 ad,
1286 1573 1358 1617 hic
1381 1590 1463 1632 pro
1491 1589 1514 1615 e
1537 1574 1749 1627 regione,
1793 1579 1918 1612 uter-

1034 1648 1119 1688 que
1154 1648 1246 1673 non
1280 1632 1381 1674 satis
1417 1639 1642 1681 accurate,
1694 1644 1795 1670 nam
1829 1631 1918 1669 ad·-

1032 1703 1196 1731 versus
1229 1688 1410 1746 proprie
1440 1687 1657 1745 significat
1687 1685 1755 1733 i‘d,
1795 1684 1919 1742 quod
1969 1743 1971 1745 V

1030 1747 1083 1788 ad
1119 1746 1285 1802 aliquid
1312 1746 1522 1797 vertitur,
1565 1745 1699 1802 idque
1735 1757 1918 1800 compa-

1028 1802 1280 1849 rationibus
1325 1803 1416 1846 ubi.
1445 1802 1702 1851 adhibetur,
1759 1815 1812 1843 eo
1855 1798 1925 1849 fit,'

1030 1861 1153 1916 quod
1183 1876 1335 1902 rerum
1371 1876 1419 1902 ex
1451 1859 1639 1902 adverso
1670 1857 1923 1915 positarum

1030 1917 1271 1960 discrimen
1303 1919 1441 1975 magis
1471 1915 1627 1960 incidit
1657 1915 1703 1957 in
1735 1913 1917 1963 o*eulos;

1028 1973 1072 2016 id
1113 1975 1236 2030 quod
1272 1974 1539 2016 nostratium
1577 1970 1713 2025 efficit
1754 1984 1912 2025 gegen.
1991 2011 1994 2015 ,

1028 2031 1106 2074 Sic
1124 2031 1216 2075 Liv.
1236 2030 1304 2079 24,
1329 2031 1370 2083 8,
1390 2032 1429 2074 8.
1453 2033 1500 2072 in
1523 2031 1706 2073 annum
1730 2027 1919 2071 creatus

1026 2092 1258 2134 adversus
1301 2098 1505 2131 veterem
1547 2103 1602 2130 ac
1638 2094 1916 2141 perpetuum

1027 2147 1361 2201 imperatorem
1386 2146 1745 2201 comparabitur.

1083 2267 1315 2314 exspecto.
1400 2259 1485 2302 Ed.
1534 2259 1658 2315 Spir.v
1707 2263 1915 2312 excepto,

1025 2317 1179 2360 eadem
1206 2318 1337 2375 paulo
1367 2325 1467 2375 post
1491 2319 1581 2359 dici
1601 2331 1684 2374 pro
1707 2316 1858 2358 didici.

1082 2433 1192 2487 quid
1232 2440 1317 2474 aut
1362 2432 1433 2475 illi
1469 2430 1653 2473 scierint
1697 2436 1780 2471 aut
1824 2443 1914 2475 nos

1021 2491 1300 2533 nesciamus.
1362 2487 1641 2542 MSS.Neap.
1669 2488 1732 2542 [et
1752 2486 1913 2539 Farn.]

1022 2548 1122 2590 edd.
1155 2548 1271 2604 Spir.
1318 2546 1383 2599 (in
1452 2561 1504 2588 ua
1543 2545 1617 2600 qd’
1653 2559 1906 2601 expressum

1022 2607 1102 2659 est)
1138 2604 1240 2646 Put.
1277 2605 1379 2647 Riv.
1417 2561 1518 2645 ger.
1552 2600 1654 2644 Alc.
1695 2602 1908 2656 praebent

1022 2665 1166 2717 quod,
1205 2662 1278 2704 sed
1305 2661 1346 2703 id
1374 2660 1446 2703 hic
1466 2660 1616 2702 locum
1640 2657 1799 2701 habere
1824 2674 1904 2700 ne-

1021 2719 1137 2775 quit,
1179 2728 1226 2760 ut
1262 2716 1488 2776 adparebit
1519 2733 1569 2759 ex
1592 2715 1736 2758 Beieri
1760 2714 1904 2759 adno-

1020 2783 1111 2818 tatt.
1153 2776 1204 2817 ad
1232 2777 1326 2821 Cic.
1353 2775 1405 2817 de
1430 2773 1519 2816 Off.
1549 2771 1648 2815 Vol.
1675 2773 1730 2816 ll.
1765 2789 1806 2830 p⁴
1838 2773 1903 2816 17.

1020 2849 1086 2889 sq.
1150 2832 1392 2888 [Goerenz.
1419 2832 1470 2874 ad
1495 2830 1590 2875 Cic.
1614 2830 1751 2873 Acad.
1775 2831 1817 2879 Ξ,
1834 2831 1903 2877 25.

1020 2892 1088 2933 80.
1132 2890 1299 2933 Bremi.
1326 2890 1379 2931 ad
1403 2889 1515 2946 Nep.
1538 2887 1744 2945 Epamin.
1781 2905 1820 2932 c.
1842 2888 1905 2939 8.]

1021 2947 1251 2990 Praeterea
1290 2945 1446 3004 scripsi
1481 2947 1691 2998 scierint,
1746 2955 1905 3003 postu—

1020 3004 1140 3046 lante
1191 3004 1428 3057 latinitate,
1484 3017 1566 3060 pro
1610 3003 1801 3054 scirent,
1854 3018 1903 3045 ex

1020 3061 1331 3105 emendatione
1365 3059 1749 3114 Schurzsseischii,
1793 3075 1906 3115 quae

1018 3119 1270 3161 Heumann.
1307 3117 1482 3161 Ernest.
1517 3116 1719 3167 Orellio,
1763 3115 1902 3172 [Bek-

1021 3176 1127 3218 kero
1150 3184 1192 3217 et
1215 3175 1516 3230 Boettichero]
1544 3175 1724 3231 placuit,
1787 3174 1903 3216 Neu-

1018 3234 1185 3288 tiquam
1231 3248 1337 3274 vero
1374 3232 1567 3275 Ernestii
1611 3231 1906 3288 probavimus

1018 3290 1320 3333 coniecturam
1391 3291 1671 3332 nesciremus
1692 3322 1704 3340 ‚
1797 3305 1901 3332 cum

1017 3363 1157 3403 praes.
1179 3355 1312 3403 temp.
1332 3348 1446 3390 bene
1472 3353 1729 3403 usurpatum
1754 3346 1829 3397 sit,
1852 3346 1898 3390 in

1017 3420 1182 3461 eoque,
1212 3420 1464 3461 quanquam
1485 3403 1616 3446 codd.
1639 3403 1902 3447 testimoniis

1017 3461 1064 3503 in
1109 3461 1182 3503 tali
1224 3476 1272 3503 re
1306 3462 1495 3504 nimium
1531 3461 1729 3503 tribuere
1760 3461 1896 3506 nolu-

1019 3533 1144 3567 mus,
1185 3519 1317 3563 MSS.
1339 3519 1475 3574 Neap.
1506 3522 1565 3571 [et
1591 3518 1750 3575 Farn.]
1785 3517 1906 3562 conss'
