2150 4022
244 257 370 327 40²0

306 404 311 408 '
524 442 541 467 s
568 393 810 439 Walther.

241 504 351 549 Cn.
365 505 433 548 56.
462 504 642 551 Marsus

353 562 426 606 57.
468 563 774 608 occultantem

353 620 421 663 59.
467 637 526 664 m.
543 621 850 665 Amuclanum
874 619 994 666 inter
1009 621 1129 665 Fun·

526 681 755 735 danosque
777 687 954 723 montes

466 737 742 781 conduceret

348 793 420 838 61.
462 802 506 837 et
528 793 590 850 Q.
610 792 817 837 Haterius

466 852 612 909 quoad

345 909 416 954 63.
457 919 500 953 et
522 925 602 966 par
628 908 775 951 forma

463 967 781 1026 gladiatorium
802 982 966 1010 munus

461 1025 674 1068 institutis

344 1083 416 1126 64.
455 1083 681 1126 ominibus

343 1141 413 1184 66.
455 1141 650 1183 tulerant

458 1213 689 1242 connexus

339 1255 410 1299 67.
452 1255 758 1314 promontorii

342 1315 413 1356 69.
454 1313 730 1370 suspiciones

339 1373 411 1414 70.
454 1371 708 1414 acciderent

339 1430 409 1473 74.
450 1427 570 1472 illud
586 1427 633 1470 in
657 1427 899 1486 propatulo

455 1486 675 1529 infaustae

906 263 1414 333 COLLATIO
1776 279 1784 291 ”
1804 283 1843 331 ³.
1874 294 1881 310 ·

1467 397 1824 449 Μεάίωωόω.

1182 508 1388 554 Marcus

1137 576 1140 579 “
1200 566 1469 612 occultantis
1810 611 1813 615 ,

1199 639 1261 668 ιιι.
1319 625 1627 672 amundanum
1685 628 1834 674 inter.
1862 629 2090 677 fund-nos

1255 690 1437 725 montes
1618 704 1621 708 ¹
1944 697 1981 710 ''

1118 757 1123 761 ·
1198 741 1425 784 conducet

1196 804 1241 839 et
1264 810 1374 854 quae
1397 795 1604 842 Haterius
1658 849 1664 857 ,

1196 869 1283 911 qua
1305 853 1361 898 ad
1541 900 1549 907 ,

1194 911 1272 954 sed
1297 927 1378 979 par
1400 910 1547 958 forma

1195 968 1495 1036 gladiatorum
1515 984 1675 1016 manus

1193 1034 1387 1069 instituti

1194 1084 1407 1127 omnibus

1191 1139 1381 1184 telerant

1191 1198 1396 1242 conixius

1187 1254 1478 1313 promuntirii

1187 1313 1457 1369 suspicionis

1187 1370 1446 1426 acciperent

1114 1431 1121 1438 ’
1186 1426 1314 1469 illum
1336 1431 1382 1471 in
1407 1429 1694 1490 propatibu}o

1187 1484 1390 1534 infastae,

653 1665 1052 1718 Annalium
1100 1664 1288 1719 liber·
1335 1667 1635 1736 quintus.

552 1795 787 1838 Walther·

220 1884 331 1926 CAP.
348 1886 384 1926 1.
447 1879 668 1924 Perusino

332 1942 372 1985 3.
446 1937 703 1994 confingere

330 2004 373 2040 4.
447 1995 673 2038 ominibus

339 2059 407 2099 lO.
448 2052 675 2097 custodiae

452 2112 663 2169 Poppaeo

1448 1795 1678 1843 Mediceus
1698 1802 1802 1844 eod.

1180 1878 1410 1937 perusinio

1181 1937 1471 1994 confringere

1181 1995 1392 2038 omnibus

1179 2052 1256 2094 Sic
1279 2053 1327 2095 in
1349 2056 1452 2097 cod.

1179 2110 1393 2168 pompeio

672 2286 1067 2340 Annalium
1115 2287 1296 2341 liber·
1344 2300 1607 2343 sextus.
1664 2337 1674 2339 ,

543 2418 779 2461 VValther.

211 2509 322 2554 CAP.
338 2509 374 2551 1.
431 2504 707 2570 ignota-ante

441 2572 733 2620 spintriarum

439 2619 555 2663 servi
570 2635 582 2667 ι
615 2617 690 2674 qui
717 2623 983 2673 quaererent

323 2682 364 2723 2.
434 2677 479 2720 in
504 2676 674 2732 effigies

441 2735 590 2780 verbis

368 2813 378 2822 κ
437 2792 623 2835 suadere

319 2852 363 2897 3.
429 2848 742 2893 Paconianum

318 2910 364 2954 4.
431 2906 656 2951 Latinium

439 2964 732 3024 praebebatur

317 3025 361 3068 6.
433 3021 678 3079 quomodo

316 3084 362 3126 7.
432 3078 685 3125 Caeciliano

434 3134 734 3192 Sanquinium

432 3192 618 3238 ultionis
645 3191 917 3248 aequabatur

431 3251 652 3305 tractique

315 3314 356 3356 9.
424 3304 652 3352 Viniciani

317 3374 386 3415 10.
428 3364 545 3410 Fufii

430 3419 719 3466 familiarium

315 3489 382 3530 11.
425 3477 637 3540 prosectis
661 3477 800 3520 domo

428 3538 626 3582 Cilnium

313 3600 381 3643 1⁶2.
421 3593 627 3651 Erythris

1437 2417 1494 2460 M
1490 2419 1670 2464 e'diceus
1691 2425 1789 2466 cod.

1173 2502 1326 2558 ignota
1354 2510 1480 2545 antea

1175 2576 1216 2616 p.
1250 2558 1506 2603 sintriarum

1172 2616 1283 2659 servi
1311 2617 1542 2675 quiret-ent

1170 2674 1216 2717 in
1244 2672 1367 2732 figies

1172 2732 1295 2774 urbis

1170 2789 1373 2832 suaderet

1168 2846 1477 2947 Fagonianum

1189 2919 1395 2946 ucamum

1169 2961 1496 3018 praebebantur

1168 3017 1350 3074 quando

1164 3073 1401 3119 caesitia'no
1440 3075 1446 3092 ⁸

1164 3132 1463 3186 sangnnnium

1162 3187 1323 3232 ultioni
1347 3190 1614 3246 sequebatur

1163 3245 1425 3312 tractatique

1164 3318 1373 3346 viciniam

1159 3358 1271 3417 sugii

1160 3416 1431 3460 familiarum

1160 3473 1393 3532 praefectis
1422 3475 1604 3521 demum

1160 3530 1394 3575 Citlinium

1160 3588 1437 3647 erytryffhrys
