2150 4022
235 279 356 361 124
531 274 775 344 mm
820 259 1147 345 Aonio.
1186 279 1426 342 vl'rssA
1483 282 1684 343 CAP.
1720 286 1779 344 6.

225 411 420 488 ipsum
457 412 793 470 tribunatus
829 431 1053 471 annum
1090 414 1286 490 quiete
1322 419 1379 470 et
1401 413 1522 470 otio
1550 414 1813 484 transiit,
1862 434 2080 488 gnarus

223 498 335 554 sub
355 495 591 555 Nerone
619 504 984 575 temporum,
1025 499 1241 575 quibus
1266 498 1478 554 inertia
1503 518 1611 574 pro
1641 500 1926 574 sapientia
1948 501 2078 558 fuit.

222 579 390 639 Idem
435 593 742 657 praeturae
797 595 968 642 tenor
1019 595 1076 640 et
1121 583 1440 640 silentium.

864 670 1038 726 ludos
1072 680 1129 725 et
1161 668 1364 725 inania
1399 663 1645 724 honoris
1677 671 1856 726 modo
1895 671 2080 727 ratio-

220 668 403 726 dictio
442 668 780 730 obvenerat.

1535 603 1642 639 nec
1693 585 1853 644 enim
1899 586 2079 642 iuris-

222 753 316 809 nis
352 763 526 830 atque
565 755 1197 823 abundantiae'duxit,
1261 754 1351 811 uti
1388 753 1563 827 longe
1600 774 1633 811 a
1671 755 1939 827 luxuria,
1995 756 2077 814 ita

280 975 429 1030 quiete
452 981 498 1016 et
517 974 629 1015 otio.
693 972 795 1017 MS.
819 971 965 1016 Vatic.
986 972 1114 1015 4498.

224 1033 396 1089 quietis
420 1040 464 1074 et
486 1033 592 1074 otio.
633 1029 845 1075 Ceterum
871 1030 987 1072 inter
1009 1045 1112 1087 syn·

222 1105 390 1148 onyma
433 1088 544 1132 haec
591 1087 722 1131 habet
765 1087 902 1131 Roth.
953 1103 995 1146 p.
1046 1090 1112 1130 10.

218 1146 283 1192 cf.
312 1162 353 1190 c.
375 1147 447 1190 42.
469 1149 666 1202 quietem
691 1153 736 1189 et
760 1144 950 1200 otium..
973 1161 1014 1190 c.
1038 1147 1110 1189 40.

219 1207 607 1262 tranquillitatem
631 1211 676 1247 et
699 1204 863 1246 otium.

260 1289 481 1340 transiit.
563 1286 700 1332 MSS.
753 1295 796 1330 et
843 1293 952 1330 vett.
1004 1286 1107 1329 edd.

219 1349 406 1392 transit.
466 1345 504 1389 E
540 1340 760 1390 sententia
792 1342 993 1388 Rhenani
1026 1343 1104 1385 131-

251 1405 396 1450 ontini
431 1420 528 1463 sqq.
565 1402 862 1446 emendarunt
894 1404 1108 1444 transiit:

215 1423 453 1508 Bronkius
484 1470 528 1505 et
554 1458 780 1503 Hei-telius
814 1458 1107 1501 restituerunt

215 1522 390 1566 transit
410 1520 468 1562 ob
486 1527 684 1561 veterum
707 1514 932 1559 librorum
956 1516 1107 1559 sideni.

217 1578 305 1624 Sed
329 1575 487 1633 duplex
508 1576 529 1618 i
545 1574 592 1619 in
608 1573 841 1620 veteribus
865 1572 992 1616 libris
1016 1590 1105 1616 sae·

217 1629 402 1697 pissime
430 1633 477 1677 in
502 1648 647 1675 unum
673 1629 978 1682 contrahitur,
1021 1647 1107 1674 nec

214 1692 306 1739 ulla
325 1700 419 1736 erat
441 1707 598 1742 causa,
627 1705 712 1734 cur
731 1688 927 1746 scriptor
952 1704 974 1730 a
993 1696 1106 1731 'tem-

214 1767 329 1812 pore
352 1748 557 1810 perfecto
586 1748 632 1791 in
657 1763 748 1791 uno
770 1745 858 1790 hoc
883 1747 1025 1791 verbo
1051 1747 1105 1790 ad

213 1825 425 1873 praesens
447 1806 632 1850 rediret.

272 1893 450 1935 inertia
477 1905 568 1946 pro
596 1889 849 1943 sapientia.
910 1889 968 1932 cf.
993 1889 1107 1933 Hist.

215 1954 256 2003 1,
276 1949 353 1994 49.
379 1957 452 2000 ut,
492 1951 617 2005 quod
640 1949 835 2001 segnitia
861 1955 988 1999 erat,
1023 1963 1105 1990 sa-

209 2009 394 2066 pientia
414 2014 677 2050 vocaretur.
1029 2008 1031 2011 '

214 2081 217 2090 ’
269 2094 392 2136 idem
422 2097 683 2146 praeturae
719 2092 851 2130 tenor
881 2097 926 2131 et
962 2091 1108 2132 silen-

212 2153 351 2195 tium.
425 2148 532 2192 MS.
562 2147 710 2191 vatic.
743 2145 869 2192 3429.
917 2157 958 2190 et
1005 2145 1106 2191 edd.

212 2217 316 2255 ante
350 2207 620 2251 Rhenanum
655 2219 737 2262 pro
775 2212 913 2247 tenor
955 2203 1106 2247 ferunt

213 2265 400 2312 certior.
481 2263 726 2308 Rhenanus
781 2262 916 2306 tacite
968 2262 1106 2304 edidit

212 2333 377 2376 tenor,
425 2320 550 2380 quod
591 2326 712 2364 recte
753 2324 994 2364 tenuerunt
1031 2335 1105 2362 se-

213 2389 406 2443 quentes.
420 2380 615 2425 editores
637 2393 812 2420 omnes.
871 2377 1104 2420 Broterius

213 2451 268 2484 cte
295 2443 490 2495 utroque
515 2435 736 2480 Vaticano
763 2442 898 2478 tacet.
960 2435 1011 2478 ln
1037 2442 1104 2476 te-

209 2513 302 2543 nor
329 2505 373 2540 et
398 2493 636 2540 silentium
671 2508 767 2536 esse
798 2492 847 2536 ἓν
871 2490 949 2536 διὰ
972 2491 1107 2536 δυοῖν

211 2555 369 2600 docuit
393 2553 528 2597 Roth.
555 2568 602 2611 p.
621 2551 696 2594 28.
758 2551 941 2608 Absque
965 2550 1105 2607 figura

209 2611 366 2657 scribit
390 2608 636 2656 Suetonius
657 2607 834 2655 Donnit.
860 2625 902 2653 c.
928 2611 995 2652 10.
1011 2612 1108 2665 α’.ςεό

208 2685 365 2726 neque
386 2671 433 2713 in
451 2667 729 2712 clementiae
751 2682 897 2723 neque
918 2668 968 2710 in
991 2669 1102 2710 abs-

206 2728 438 2773 tinentiae
473 2734 634 2769 tenore
663 2727 942 2779 permansit.

268 2826 354 2854 nee
391 2811 513 2854 enim
547 2808 804 2852 iurisdictio
836 2812 1101 2852 obvenerat.

210 2870 327 2916 Edd.
370 2870 474 2912 Put.
520 2883 590 2925 pr.
625 2867 694 2911 M.
729 2873 770 2908 et
804 2866 860 2909 V.
893 2866 1101 2909 Beroald.

211 2930 340 2984 (teste
361 2925 608 2980 Walehio)
630 2940 713 2967 nec
737 2938 850 2966 non
881 2925 1102 2967 iurisdict-

211 2994 296 3030 ete.
353 2983 469 3029 Mihi
503 2983 549 3025 in
582 2981 654 3028 ed.
675 2982 776 3024 Put.
805 2983 873 3026 M.
896 2996 990 3023 non
1016 2996 1100 3039 pro

214 3045 336 3088 enim
372 3056 467 3085 non
503 3039 718 3097 apparuit.
779 3040 896 3085 Utut
922 3040 1002 3088 sit,
1041 3038 1101 3080 il-

212 3101 293 3146 lud
315 3113 412 3143 non
435 3107 584 3141 ortum
608 3104 673 3141 est
694 3112 716 3139 e
739 3096 1012 3155 compendio
1029 3111 1101 3148 .n.‚

211 3159 256 3206 h.
285 3175 325 3204 e.
360 3156 497 3201 enim.
568 3155 637 3197 De
671 3156 811 3198 verbo
849 3159 1101 3198 obvenerat

213 3219 274 3262 cf.
307 3217 397 3261 An.
428 3208 470 3266 3,
495 3211 566 3256 33.
598 3213 641 3262 4,
664 3212 733 3254 56.
797 3213 1099 3268 Cogitandum

212 3283 279 3319 est
312 3274 366 3318 de
402 3279 541 3319 sorte.¹
599 3269 690 3314 An.
725 3271 763 3317 1,
803 3272 867 3313 15.
903 3278 1010 3312 extr.
1047 3269 1100 3312 de

211 3332 367 3378 eadem
391 3343 440 3372 re
467 3328 654 3383 legimus
677 3330 916 3370 evenisset.
976 3327 1102 3371 Cete-

210 3405 313 3433 rum
355 3394 512 3447 putant
547 3385 810 3442 interpretes
845 3385 1100 3443 Agricolam

211 3447 349 3491 fuisse
371 3456 516 3502 neque
540 3443 763 3485 urbanum
793 3458 879 3485 nee
902 3444 1102 3500 peregri-

215 3520 325 3553 num
369 3511 654 3560 praetorem,
705 3499 781 3542 sed
823 3516 871 3542 ex
911 3516 1102 3542 numero

211 3577 397 3612 eorum,
429 3559 592 3617 quibus
618 3556 816 3615 quaestio
844 3557 990 3614 aliqua
1011 3566 1102 3600 tra-

217 3620 398 3667 deretur
421 3625 463 3667 et
489 3615 566 3677 qui
592 3615 738 3665 causis
764 3612 956 3674 publicis
983 3631 1103 3675 prae·

1184 979 1345 1015 essent.
1408 968 1578 1013 Verum
1612 971 1834 1015 eiusmodi
1870 973 2073 1031 quaestio

1185 1045 1275 1071 non
1309 1035 1374 1070 est
1397 1027 1491 1070 sine
1515 1029 1855 1082 iurisdictione,
1894 1039 1938 1073 et
1963 1039 2074 1075 tunc

1176 1087 1364 1141 publica
1387 1088 1574 1140 negotia,
1594 1093 1639 1128 et
1653 1088 1952 1138 priuatorum
1972 1106 2071 1131 ma·-

1180 1146 1322 1189 xima
1362 1146 1491 1197 apud
1526 1151 1690 1198 patres
1728 1147 2070 1189 tractabantur.

1182 1202 1242 1246 cf.
1266 1202 1356 1245 An.
1379 1203 1421 1249 4,
1445 1201 1484 1245 6.
1510 1209 1552 1244 et
1576 1209 1671 1244 not.
1694 1201 1747 1244 ad
1773 1202 1863 1246 An.
1886 1206 1925 1254 1,
1944 1202 2014 1248 74.

1237 1305 1387 1345 ludos.
1449 1300 1609 1360 Cogita
1642 1302 1696 1344 de
1725 1301 1841 1351 ludis
1874 1301 2074 1346 honora-

1180 1359 1282 1408 riis,
1313 1360 1389 1416 qui
1410 1358 1457 1402 iu
1477 1361 1675 1402 muneris
1698 1359 1908 1418 auspiciis
1931 1359 2071 1417 plebis

1180 1416 1468 1460 delectandae
1511 1433 1642 1460 causa
1687 1416 1950 1462 edebantur.
2009 1418 2070 1462 cs.

1182 1474 1371 1518 Sueton.
1399 1474 1510 1517 Oet.
1538 1490 1577 1519 c.
1600 1475 1673 1517 32.

1237 1575 1405 1618 inania
1438 1577 1644 1618 honoris.
1704 1574 1764 1635 ῌ.
1794 1590 1834 1620 e.
1867 1576 2069 1619 muneris

1178 1632 1418 1692 praetorii,
1458 1641 1710 1690 praeturae.
1771 1631 1885 1676 Nam
1922 1632 2070 1676 honor

1177 1690 1244 1734 sic
1267 1689 1433 1732 dicitur
1454 1705 1537 1748 pro
1563 1691 1838 1747 magistratu.
1871 1688 1932 1734 cf.
1948 1690 2070 1736 Suet.

1180 1747 1289 1791 Oct.
1325 1763 1366 1790 c.
1399 1747 1468 1793 27.
1504 1762 1732 1792 censurae
1764 1749 1930 1791 honor.
2001 1748 2067 1792 ld.

1177 1806 1281 1852 Tib.
1322 1821 1364 1849 c.
1397 1804 1469 1848 31.
1506 1813 1558 1847 ut
1589 1812 1867 1860 praesentes
1902 1808 2075 1850 honori
2131 1824 2137 1833 ¹

1177 1864 1529 1922 acquiescerent.
1586 1863 1652 1905 ld.
1683 1864 1764 1906 tut.
1787 1879 1830 1907 c.
1854 1864 1923 1908 20.
1952 1863 2070 1906 inito

1175 1923 1368 1964 bonore.
1426 1919 1599 1976 Copula
1622 1929 1667 1962 et
1691 1935 1740 1963 ea
1767 1919 1812 1962 vi'
1836 1921 2069 1978 coniungit

1174 1982 1309 2022 ludos
1334 1986 1376 2021 et
1401 1978 1563 2021 inania
1583 1977 1798 2030 lionoris,
1840 1986 1888 2021 ut
1924 1990 2066 2022 unum

1178 2053 1257 2095 per
1285 2034 1476 2079 alterum
1511 2034 1782 2092 explicetur:
1826 2050 1930 2078 nam
1958 2036 2065 2078 inu-

1177 2096 1257 2138 nia
1293 2093 1482 2136 honoris
1513 2108 1606 2135 non
1639 2092 1722 2135 alia
1754 2091 2069 2151 intelliguntur

1179 2167 1312 2210 quani
1339 2166 1450 2209 quae
1478 2158 1582 2192 sunt
1606 2152 1651 2192 in
1678 2149 1809 2192 ludis.

1235 2239 1376 2278 modo
1411 2233 1613 2278 rationis
1647 2241 1787 2288 atque
1817 2237 2063 2278 abundan-

1177 2294 1273 2338 tiae
1287 2293 1438 2335 duxit.
1471 2292 1547 2335 Sic
1561 2291 1658 2334 edd.
1673 2299 1778 2333 vett.
1791 2307 1894 2335 cum
1910 2309 2065 2336 recen-

1178 2350 1370 2393 tioribus
1390 2359 1446 2397 et,
1469 2349 1504 2392 si
1528 2349 1635 2391 fides
1659 2348 1861 2393 habenda
1887 2351 2063 2394 silentio

1175 2407 1396 2458 Broterii,
1425 2407 1556 2449 etiam
1577 2405 1679 2453 MS.
1700 2404 1841 2450 Vatic.
1857 2407 1983 2452 4498.
2010 2434 2065 2443 —

1177 2466 1331 2508 medio
1381 2465 1584 2508 rationis
1635 2474 1720 2507 etc.
1775 2464 1876 2508 MS.
1923 2464 2067 2512 Vatic.

1175 2524 1306 2567 3429.
1341 2532 1384 2565 et
1421 2539 1563 2578 nuper
1591 2522 1692 2563 edd.
1727 2521 1915 2566 Becker.
1951 2522 2064 2566 Her-

1177 2583 1251 2626 tel,
1284 2605 1341 2614 --
1399 2580 1735 2624 moderationis
1756 2587 1897 2634 atque
1917 2582 2065 2622 abun·

1176 2640 1375 2682 dantiae
1409 2638 1550 2680 duxit
1584 2651 1607 2678 e
1644 2635 1907 2680 coniectura
1930 2635 2063 2697 Lipsii

1177 2697 1280 2742 edd.
1304 2696 1402 2752 Rip.
1429 2692 1590 2736 Oberl.
1614 2693 1747 2735 aliae:
1789 2693 1866 2736 sed
1887 2695 2063 2754 Lipsius

1174 2753 1382 2799 volebat:
1418 2750 1756 2793 moderationis
1783 2766 1900 2794 suae
1923 2761 2061 2809 atque

1176 2821 1289 2861 etc.,
1311 2811 1383 2853 vel
1407 2810 1581 2868 potius:
1614 2810 1951 2853 moderationi:
1979 2826 2064 2853 sa-

1173 2872 1317 2924 tisque
1350 2866 1658 2910 abundantia.
1729 2866 1815 2908 Alii
1842 2867 1921 2910 alia
1957 2884 2060 2911 sua-

1171 2932 1341 2969 serunt.
1436 2923 1651 2967 Colerus:
1703 2926 2061 2979 moderationis,

1170 2998 1318 3038 neque
1370 2981 1731 3032 abundantiae;
1816 2982 1892 3024 sed
1956 2983 2063 3029 haec

1172 3057 1266 3087 non
1314 3040 1588 3083 conveniunt
1633 3038 1784 3084 verbis
1833 3042 2061 3097 sequenti-

1171 3099 1277 3148 bus,
1334 3114 1446 3156 quae
1497 3105 1692 3153 arguunt
1741 3095 2060 3142 abundantiam

1172 3172 1266 3198 non
1299 3158 1485 3200 omnino
1518 3154 1725 3197 defuisse.
1783 3153 2060 3201 Scriverius:

1173 3213 1518 3255 moderatiora·
1553 3227 1695 3267 quam
1753 3213 2060 3264 abundantia,

1173 3286 1286 3327 quae
1322 3271 1479 3313 eodem
1514 3269 1805 3312 incommodo
1840 3269 2061 3316 laborant.

1174 3327 1298 3370 ldeni
1360 3327 1603 3370 dicendum
1651 3334 1714 3369 est
1761 3326 1815 3368 de
1857 3326 2062 3387 Settingii

1174 3385 1461 3429 coniectura:
1521 3384 1864 3426 moderationis
1916 3399 2058 3440 quarn

1174 3445 1513 3485 abundantiae.
1576 3440 1805 3483 Heinsius:
1828 3443 1987 3494 ludos,
2010 3452 2061 3486 ut

1176 3501 1342 3542 inania
1380 3499 1592 3549 honoris,
1631 3499 1808 3539 meaios
1840 3502 2059 3542 modem-

1176 3559 1318 3600 tionis
1363 3566 1503 3613 atque
1547 3557 1864 3599 abundantiae
1905 3560 2056 3602 duxit.

1178 3616 1265 3662 Sed
1286 3616 1437 3660 eadem
1459 3614 1696 3664 sententia,
1719 3613 1752 3656 si
1776 3614 1858 3658 tibi
1879 3617 2059 3674 placeat,

2144 3544 2150 3568 t
