2150 4022
215 269 249 299 Ι

270 303 422 364 418.

598 425 677 470 W
666 426 840 468 alther

273 485 384 530 C'Ar.
395 464 466 527 42.
499 491 575 529 aut
599 483 787 526 salutem

382 541 453 584 44.

382 600 455 643 46.

331 950 335 955 '
370 943 454 986 48.

343 1023 346 1026 >
381 999 454 1044 49.

379 1115 452 1160 50.

382 1290 451 1334 51.

381 1348 454 1391 52.

376 1447 447 1506 ⁵3.

376 1694 446 1736 54.

377 1751 448 1795 55.

377 1925 447 1967 56.

374 2153 446 2196 57.

374 2212 447 2254 58.

373 2268 443 2311 59.

429 2357 440 2368 .
488 2324 691 2391 figendo-S

372 2384 442 2427 63.

371 2613 441 2655 64.

370 2670 442 2714 65.

368 2729 443 2773 66.

368 2844 438 2886 68.

365 3016 438 3058 70.

362 3299 436 3343 71.

361 3413 435 3457 76.

497 539 781 584 Postumiam

497 598 828 642 destinarentur
911 645 914 649 ,

495 671 707 711 prensare
796 652 1160 713 commanipula-

554 729 675 756 rium

493 771 662 814 innecfi

492 828 540 870 in
565 828 664 886 pari
688 844 820 872 causa

491 901 582 943 quo
604 887 829 929 tutissimo

497 959 550 987 ac
573 943 640 986 M.
665 943 867 987 Silanum

502 1011 703 1059 suspecta

493 1059 702 1102 cecidisse

493 1115 659 1159 Bebius
693 1117 841 1160 Massa
873 1132 896 1158 e
935 1129 1159 1174 procura-

553 1174 726 1231 toribus

494 1230 741 1275 Oeensium

499 1289 640 1332 millia

497 1347 684 1412 perinde

496 1403 777 1450 munimenta

489 1462 669 1506 Plautio
696 1464 910 1508 Aeliano=

494 1530 654 1577 coepta

490 1578 664 1634 argenti
689 1579 874 1637 aurique

486 1636 733 1693 gignuntur

492 1693 660 1738 Gallias
688 1693 1042 1751 Germaniasque

494 1751 822 1795 incendebatur

492 1809 773 1852 obstrinxere

493 1866 769 1924 dispecturas

492 1924 693 1981 reliquiis

490 1981 768 2024 adliciendos

493 2037 707 2081 Claudius

487 2103 764 2139 conventum
794 2094 1083 2137 amandatum

493 2153 675 2196 Aeduos

492 2210 652 2253 Vetma

486 2266 836 2326 Agrippinenses

487 2382 869 2440 Agrippinensem

480 2497 700 2540 honorate
730 2495 1040 2539 custodierant

482 2554 633 2598 Ubios

487 2610 890 2669 Agrippinensium

489 2670 885 2726 Agrippinensium

489 2727 640 2769 intulit
661 2743 709 2768 se

489 2784 687 2827 Betasios

484 2843 630 2884 Varus
677 2840 970 2898 praetorianis
1019 2855 1152 2898 prae·-

541 2899 713 2965 positus

483 2955 638 3000 Tullio

486 3013 709 3057 avunculo

481 3071 646 3114 secutis

480 3127 782 3187 perfugerunt

481 3240 662 3287 exitium

478 3299 680 3341 facturus

483 3353 757 3413 Magontiaci

479 3413 795 3456 obtererentur

478 3487 528 3514 ex
559 3467 758 3525 reliquiis
784 3466 1042 3512 Germanici
1066 3485 1142 3512 ex-

541 3525 706 3569 ercitus

475 3581 675 3642 imperiti
702 3581 1026 3627 adulescentuli

935 253 1450 370 co'LLATlo,

1328 152 1361 179 'Q
1704 147 1734 176 U

1502 424 1733 468 Mediceue
1757 427 1858 468 cod.

1231 480 1395 526 *austa
1417 482 1559 527 lutem

1232 539 1541 597 postuminam

1235 597 1533 640 destinaretur

1231 654 1294 696 sic
1320 653 1363 696 F
1359 657 1444 698 lor.
1511 688 1513 690 -

1966 473 1978 500 Ι

1234 769 1406 816 invecti

1231 831 1278 873 in
1301 826 1547 872 0m.F10r.

1233 887 1354 946 quod
1379 885 1522 930 tutiss.

1231 946 1284 989 ad
1313 943 1378 986 Μ
1405 943 1610 987 sitanum

1230 1003 1476 1059 *suscepta

1233 1060 1402 1103 cedisse

1231 1116 1385 1160 hebius
1409 1133 1551 1161 masse
1572 1115 1944 1176 procuratoribus

1231 1230 1488 1275 Offensium

1231 1305 1323 1331 om.
1348 1290 1484 1333 Flor.

1230 1346 1423 1412 proinde

1233 1403 1508 1447 monimenta

1230 1462 1424 1519 *plauto
1448 1461 1621 1508 aeliano

1230 1519 1418 1576 *ceptas

1230 1577 1400 1633 argenti
1429 1584 1470 1619 et
1495 1577 1682 1636 aurique

1230 1626 1513 1690 *signuntur
1664 1674 1669 1679 ,

1231 1667 1398 1734 Gallias
1425 1699 1467 1733 et
1494 1691 1851 1754 Gexrrianiasque

1229 1748 1507 1791 *incedebat

1230 1806 1474 1849 obstrixere

1228 1864 1258 1896 *
1274 1863 1549 1921 discepturas

1227 1921 1411 2007 reliquis

1227 1978 1488 2021 *aliciendo

1229 2041 1400 2097 gladius

1229 2106 1539 2140 commentum
1565 2099 1852 2140 amendatum

1225 2153 1422 2197 haeduos

1226 2218 1399 2256 veteras

1226 2268 1528 2325 agrippienses

1226 2325 1463 2394 fingendos

1227 2382 1579 2441 agiippiensem,
1610 2389 1654 2425 et
1666 2385 1815 2438 paulo
1833 2392 1942 2439 post
1966 2386 2119 2445 agri-p-

1286 2442 1427 2498 piensi

1227 2497 1445 2542 honorata
1469 2499 1698 2544 custodiae
1726 2507 1853 2543 erant

1226 2555 1387 2598 ubihos

1226 2613 1650 2670 agrippieniensium

1226 2671 1805 2768 agiippiniensium,1dem
1833 2688 1871 2715 c.
1897 2673 1970 2715 66.

1224 2737 1319 2770 tntu
1345 2745 1430 2771 isse
1666 2752 1669 2755 ·

1224 2786 1432 2828 bettasios

1222 2859 1378 2887 varrus
1404 2843 1696 2900 praetorianis
1725 2846 1983 2904 praeposito

1225 2958 1335 3000 tuiio

1223 3016 1443 3082 avone-ulo

1223 3072 1340 3116 sicut
1365 3073 1401 3115 is

1220 3129 1506 3196 perfugenent
1524 3162 1536 3185 ‚
1593 3132 1773 3177 ultimis
1813 3135 1983 3180 litteris
2024 3151 2109 3178 ex-

1273 3187 1470 3240 punctzs.

1220 3243 1441 3287 excidium

1218 3299 1402 3344 facturis

1219 3357 1492 3416 mogontiaci

1217 3422 1532 3481 optererentur

1216 3487 1240 3514 e
1266 3471 1453 3530 reliquis
1479 3475 1748 3530 germanicis
1773 3478 1989 3523 exercitus

1214 3585 1339 3627 inter
1363 3584 1584 3644 imperitia
1610 3597 1657 3631 et
1679 3590 1999 3638 adulescentuli
2022 3598 2104 3637 de-

1271 3645 1416 3686 letum
1437 3648 1626 3700 aliquia.
