2150 4022
173 283 295 354 140
382 269 636 353 lumi
671 284 999 348 Aemo.
1045 280 1282 344 vi‘rA
1328 281 1529 358 cAP.
1572 262 1668 346 14.
1712 281 1805 344 15.

166 421 383 483 Didius
419 420 631 480 Gallus
664 427 831 492 parta
868 437 902 474 a
937 415 1238 493 prioribus
1281 414 1605 484 continuit,
1666 412 1868 489 paucis
1915 414 2024 470 ad-

168 510 416 567 modum
455 504 705 564 castellis
743 503 808 557 in
842 501 1124 560 ulteriora
1162 500 1482 575 promotiS‚
1536 519 1643 574 per
1678 519 1827 575 quae
1865 499 2022 555 fama

173 594 332 652 aucti
386 591 567 649 officii
621 599 1016 665 quaereretur.
1130 584 1382 643 Didium
1434 582 1727 641 Veranius
1782 585 2023 660 excepit,

170 679 338 756 isque
374 679 529 733 intra
558 694 781 731 annum
813 673 1126 747 exstinctus
1152 683 1251 727 est.
1336 668 1657 726 Suetonius
1679 665 1822 724 hinc
1842 666 2024 725 Paul-

170 765 331 822 linus
369 761 613 819 biennio
666 777 971 834 prosperas
1017 775 1110 812 res
1145 752 1357 811 habuit
1391 754 1645 811 subactis
1682 753 2023 810 nationibus

168 850 531 924 firmatisque
569 844 901 921 praesidiis:
941 861 1196 918 quorum
1225 839 1440 896 fiducia
1467 838 1717 895 Monam
1751 820 2023 907 insulam,

169 924 238 991 ut
261 935 421 990 viros
454 930 778 989 rebellibus
812 927 1276 995 ministrantem,
1319 927 1623 998 adgressus
1658 937 1815 998 terga
1857 943 2026 981 occa-

172 1020 328 1076 sioni.
358 1016 648 1094 patefecit.

340 1123 474 1182 XV.
559 1121 828 1197 Namque
855 1119 1115 1177 absentia
1141 1116 1317 1192 legati
1346 1129 1572 1174 remoto
1603 1127 1761 1174 metu
1783 1114 2024 1173 Britan-

169 1213 236 1268 ni
268 1211 485 1286 agitare
525 1208 679 1263 inter
715 1226 774 1262 se
809 1206 962 1261 mala
1000 1204 1326 1272 servitutiS,
1383 1204 1649 1259 conferre
1681 1202 1928 1259 iniurias
1969 1213 2024 1258 et

169 1295 612 1372 interpretando
652 1293 990 1348 accendere:
1037 1285 1190 1345 nihil
1224 1288 1430 1364 profici
1464 1287 1775 1362 patientia,
1817 1287 1933 1343 nisi
1959 1299 2027 1345 ut

171 1383 436 1458 graviora
465 1393 746 1455 tanquam
780 1397 850 1433 ex
872 1376 1031 1431 facili
1059 1374 1446 1431 tolerantibus
1469 1373 1848 1447 imperentur.
1900 1371 2027 1428 sin-

172 1469 340 1543 gulos
367 1466 482 1522 sibi
509 1463 654 1520 olim
676 1481 841 1535 reges
868 1461 1047 1517 fuisse
1064 1505 1080 1529 ,
1123 1480 1282 1516 nunc
1318 1460 1494 1515 binos
1534 1458 1787 1533 imponi:
1834 1477 1865 1513 e
1890 1457 2024 1533 qui-

169 1555 284 1611 bus
317 1553 541 1625 legatus
572 1549 637 1603 in
662 1546 1041 1621 sanguinem,
1082 1555 1430 1618 procurator
1463 1544 1527 1599 in
1565 1545 1722 1600 bona
1759 1543 2023 1603 saeviret.

171 1658 354 1716 aeque
409 1632 765 1693 discordiam
822 1630 1324 1708 praepositorum,
1402 1648 1585 1706 aeque
1649 1627 2026 1686 concordiam

1194 1882 1309 1928 CAP.
1337 1880 1404 1926 15.
1464 1882 1694 1939 exsacilz'.
1755 1881 1814 1927 ef.
1837 1892 1932 1928 not.
1967 1884 2022 1928 ad

172 1899 373 1938 veterem
398 1889 644 1933 verborum
676 1885 882 1929 ordinem
911 1883 1062 1927 deberi

170 1957 406 2017 ⁰9n¹9r¹³e
456 1946 592 1989 totius
648 1943 737 1987 loci
795 1943 1064 2000 interpreta-

174 2016 309 2052 tuom.

230 2090 400 2133 Didius
432 2087 617 2132 Gallus.

171 2149 245 2192 40.
280 2149 348 2196 14,
369 2148 443 2190 29.

230 2232 385 2289 officii.
459 2231 515 2274 H.
544 2246 583 2272 e.
621 2225 910 2287 provinciae,
950 2240 1062 2282 qua-

170 2297 301 2336 tenus
325 2297 373 2331 ut
394 2289 597 2331 officium
620 2284 779 2329 tradita
802 2282 886 2326 fuit
909 2282 1063 2327 Didio.

172 2348 231 2392 cf.
252 2345 437 2391 Sueton.
453 2346 555 2389 Tib.
579 2361 618 2389 c.
643 2341 714 2387 63.
739 2349 963 2385 manente
985 2340 1064 2396 os-

164 2407 268 2466 ficii
287 2407 436 2448 titulo.

230 2489 486 2532 Veranius.
549 2485 609 2531 cf.
634 2485 724 2529 An.
747 2484 814 2533 14,
835 2483 908 2527 29.

198 2591 433 2634 ‚subactis
468 2580 758 2632 'nationibus
838 2584 896 2629 H.
936 2599 977 2627 e.
1011 2599 1065 2626 eo

172 2648 293 2706 quod
325 2645 498 2704 subegit
534 2646 606 2689 vel
650 2642 915 2700 subigendo.
999 2641 1061 2686 cf.

171 2714 269 2748 not.
310 2705 363 2747 ad
399 2705 490 2748 An.
525 2703 683 2754 1217.
715 2702 797 2744 sub
832 2715 873 2743 V.
915 2700 1062 2742 inter-

160 2762 321 2820 sectis.
375 2763 463 2807 An.
483 2761 632 2812 16‚21.
654 2758 896 2815 ahter-lecto
908 2756 1065 2799 Thra-

175 2835 261 2864 sea
288 2820 436 2862 Paeto
462 2828 546 2862 etc.

687 2085 749 2131 ef.
778 2087 868 2128 An.
899 2085 978 2134 12,⁴
995 2083 1063 2127 15.

235 2929 285 2964 ut
317 2919 458 2962 viros.
519 2915 595 2960 Sic
629 2915 730 2960 MS.
757 2915 901 2960 Vatic.
933 2914 1062 2959 3429.

175 2986 219 3024 et
239 2977 340 3022 edd.
372 2984 472 3018 ante
495 2974 787 3027 Rhenanam,
817 2973 893 3032 qui
930 2988 955 3015 e
987 2988 1063 3015 sua

175 3035 436 3086 coniectura
481 3031 618 3074 edidit
654 3039 704 3074 ut
744 3031 894 3081 vires,
944 3030 1065 3088 quod

177 3091 358 3139 duravit
408 3106 489 3146 per
543 3098 779 3146 sequentes
845 3087 1064 3131 editiones

177 3165 360 3199 omnes,
398 3147 480 3190 nisi
517 3149 637 3206 quod
670 3143 902 3188 Dronkius
938 3160 1066 3201 repo-

179 3209 268 3253 suit
303 3214 355 3249 ut
385 3207 524 3247 viros.
597 3202 752 3246 Recte.
824 3202 937 3245 Nam
980 3205 1067 3244 An.

181 3267 249 3316 14,
269 3264 341 3310 29.
366 3262 547 3306 Tacitus
580 3259 789 3318 expressis
828 3259 977 3303 verbis
999 3259 1066 3301 in-

179 3323 322 3369 sulam
346 3320 454 3364 dicit
476 3319 685 3374 validam
719 3318 880 3360 incolis
916 3325 961 3359 et
989 3330 1067 3358 re—

180 3380 472 3435 ceptaculum
491 3374 822 3431 perfugae-nm,
860 3375 978 3416 unde
1005 3373 1067 3414 sa-

179 3438 265 3483 cite
300 3434 519 3492 intelligas
554 3433 675 3476 viros
709 3431 952 3474 rebellibus
987 3431 1068 3473 mi-

183 3495 408 3539 nistratos.
511 3488 723 3533 Ceterum
779 3490 900 3530 vires
951 3489 1068 3530 mi-

182 3550 455 3594 nistrari
500 3546 660 3591 Tacito
711 3545 799 3588 dici
836 3562 928 3588 non
968 3547 1070 3590 satis

185 3607 393 3654 memini:
429 3607 555 3651 viros
581 3603 689 3649 dixit
710 3602 822 3649 Hist-
846 3603 886 3654 4,
917 3602 986 3647 12.

1136 1940 1250 1984 Hist.
1274 1940 1315 1991 3,
1334 1941 1407 1982 49.

1196 2014 1220 2041 e
1263 1999 1426 2054 quibus
1460 1999 1643 2051 legatus
1677 2028 1689 2042 .
1717 2028 1730 2041 .
1757 2029 1769 2042 .
1804 1999 2022 2045 saeviret.

1136 2056 1370 2100 Ernestius
1406 2054 1621 2097 malebat:
1658 2070 1682 2096 e
1704 2058 1864 2112 quibus
1891 2059 2025 2112 lega-

1138 2123 1237 2158 tum
1286 2114 1339 2168 (s.
1388 2113 1573 2168 legatos)
1625 2113 1676 2154 in
1726 2117 2025 2170 sanguinem,

1130 2178 1491 2228 procuratorem
1559 2170 1622 2224 (s.
1678 2177 2024 2230 procuratores)

1136 2232 1183 2273 in
1209 2231 1331 2270 bona
1352 2228 1550 2271 saevire.
1625 2227 1737 2271 Nam
1761 2228 1796 2271 si
1821 2231 2024 2274 nomina·

1134 2287 1216 2332 tivi
1238 2285 1335 2330 veri
1361 2292 1528 2335 essent,
1563 2285 1724 2328 debere
1753 2287 1890 2330 scribi
1918 2302 2020 2330 sac-

1137 2345 1258 2394 viat,
1292 2358 1384 2385 non
1410 2343 1630 2385 saeviret.
1675 2342 1880 2386 Fallitur.
1930 2361 2024 2388 non

1137 2403 1257 2446 enim
1282 2416 1354 2443 res
1374 2400 1418 2442 in
1447 2398 1567 2442 sacto
1598 2400 1740 2457 posita
1766 2399 1839 2446 hie
1859 2402 2025 2461 simpli·

1136 2460 1247 2505 citer
1271 2465 1480 2501 narratur
1511 2456 1632 2511 (illos
1657 2457 1826 2501 saevire
1855 2458 1901 2502 in
1927 2476 2026 2502 san·

1137 2517 1316 2575 guinem
1344 2522 1387 2556 et
1415 2516 1575 2570 bona),
1605 2515 1680 2557 sed
1704 2515 1911 2560 dicebant
1929 2516 2024 2560 Bri-

1136 2573 1260 2618 tanni
1285 2572 1416 2615 binos
1444 2572 1641 2631 imponi,
1672 2581 1720 2615 ut
1757 2573 1847 2615 duo
1881 2582 2027 2618 essent

1137 2632 1214 2691 qui
1244 2630 1412 2674 saevire
1447 2639 1652 2686 possent,
1697 2645 1811 2671 unus
1841 2630 1885 2673 in
1916 2647 2025 2674 san-

1134 2690 1330 2751 guinem,
1354 2686 1525 2729 alterin
1548 2685 1663 2728 bona
1686 2687 1818 2742 (duos
1838 2688 2025 2747 imponi,

1134 2748 1211 2807 qui
1270 2743 1529 2793 saevirent).
1621 2743 1751 2799 Quae
1806 2747 2024 2790 sententia

1134 2820 1225 2851 non
1268 2801 1457 2845 debebat
1501 2803 1722 2844 enuntiari
1757 2802 1842 2846 nisi
1883 2804 2022 2846 modo

1135 2859 1354 2929 optativo,
1434 2857 1686 2902 Walchius
1718 2867 1843 2916 putat
1877 2862 2023 2904 consi·

1135 2921 1181 2963 lii
1212 2916 1446 2959 notionem
1470 2916 1523 2959 ab
1553 2916 1765 2960 hocloco
1798 2933 1891 2960 esse
1922 2918 2024 2962 alie·

1135 2992 1237 3021 nam
1266 2983 1308 3016 et
1333 2989 1435 3016 rem
1470 2973 1514 3015 in
1546 2973 1666 3017 facto
1698 2974 1886 3031 positam
1917 2991 2024 3018 nar-

1136 3032 1254 3087 rari,
1307 3030 1409 3088 quia
1442 3031 1487 3072 in
1532 3031 1718 3074 consilio
1761 3031 1928 3090 aliquid
1969 3033 2025 3075 sit

1137 3090 1351 3139 contorti.
1425 3089 1482 3130 At
1510 3095 1606 3130 tum
1638 3096 1758 3132 recte
1792 3089 2024 3134 Ernestius

1136 3146 1351 3191 iudicavit
1392 3145 1631 3202 legendum
1681 3161 1774 3189 esse
1817 3149 2022 3190 saeviat:

1135 3222 1237 3249 nam
1275 3206 1473 3245 saeviret
1505 3219 1528 3245 e
1559 3201 1771 3247 Walchii
1805 3203 2024 3248 sententia

1136 3269 1369 3319 acceptum
1406 3260 1667 3306 adversatur
1700 3261 1926 3305 latinitatis
1964 3263 2023 3306 le·

1141 3320 1288 3377 gibus,

1193 3390 1338 3430 aeque
1369 3406 1379 3417 .
1402 3406 1412 3417 .
1442 3407 1453 3418 .
1479 3390 1624 3431 aeque
1653 3406 1666 3419 .
1692 3404 1704 3417 .
1726 3405 1738 3419 .

1139 3433 1296 3476 malint
1318 3447 1464 3487 aeque
1486 3462 1498 3474 .
1517 3466 1526 3474 .
1547 3464 1557 3474 .
1581 3440 1720 3487 atque
1744 3462 1757 3475 .
1773 3463 1808 3476 ..
1869 3432 1930 3477 cf.
1947 3433 2027 3477 Er·-

1140 3498 1256 3533 nest.
1283 3497 1324 3531 et
1349 3489 1524 3533 Dronk.
1553 3491 1608 3532 ad
1639 3491 1683 3533 h.
1710 3487 1739 3532 l.
1817 3490 2024 3551 Briigge..

1140 3563 1329 3590 mannus
1364 3562 1512 3602 aeque
1546 3577 1558 3588 .
1584 3578 1595 3589 .
1620 3577 1634 3590 .
1661 3561 1807 3603 aeque
1840 3578 1852 3590 .
1880 3577 1893 3591 .
1919 3579 1929 3590 .
1963 3549 2022 3591 el-

1140 3604 1289 3663 liptice
1323 3604 1492 3650 dictum
1519 3611 1666 3663 putat,
1705 3612 1752 3647 ut
1781 3604 2023 3664 intelligam

1795 3374 1912 3417 Sunt
1946 3377 2022 3446 qui
