2150 4022
434 112 443 132 t

437 216 688 300 IULil
731 199 1061 296 Acme.
1111 234 1344 294 vtTA
1389 236 1587 298 cAP.
1629 238 1730 294 ss.

38 384 91 425 ς
163 389 499 450 quanquam
526 369 744 424 laetum
775 377 832 424 et
859 365 957 422 viic
987 364 1373 422 munimentis
1407 366 1726 443 coercitum
1761 367 2011 425 militem

1889 235 2006 296 185

163 455 605 523 ,accendendum
629 448 824 508 adhuc
849 462 1028 519 ratus,
1052 449 1134 505 ita
1158 449 1457 507 disseruit:
1482 447 1790 520 '‚‚Oetavus
1817 472 2008 511 annus

160 552 324 614 ,‚est,
374 538 834 606 commilitoneS,
887 556 954 592 ex
983 555 1100 611 quo
1125 534 1343 591 virtute
1373 547 1429 591 et
1461 536 1734 611 auspiciis
1767 537 2008 612 imperii

163 624 471 697 „Romani
522 623 637 678 fide
687 633 861 698 atque
904 639 1083 696 opera
1132 630 1324 675 vestra
1357 617 1727 678 Britanniam
1767 623 2007 682 vicistiS.

159 721 298 781 „tot
321 708 823 784 expeditionib11S‚
865 717 953 763 tot
983 704 1254 780 proeliiS,
1298 723 1400 760 seu
1425 705 1774 764 fortitudine
1797 709 2006 766 adver-

158 841 195 867 „
210 814 306 852 sus
329 790 526 851 hostes
547 813 648 849 seu
672 791 955 867 patientia
987 810 1053 845 ac
1080 790 1283 846 labore
1304 809 1492 864 paene
1517 793 1794 850 adversus
1821 794 2012 869 ipsam

161 899 407 951 „rerum
446 889 721 935 naturam
760 896 908 951 opus
945 875 1090 944 fuit,
1154 893 1347 950 neque
1387 895 1482 931 me
1516 876 1779 934 militum
1814 900 2009 956 neque

158 985 309 1041 „vos
335 964 499 1022 ducis
529 962 839 1038 poenituit.
923 958 1083 1033 Ergo
1120 959 1363 1033 egressi,
1409 979 1513 1034 ego
1551 973 1816 1020 veterum
1847 965 2007 1039 lega-

157 1150 326 1195 Hertel.
347 1148 546 1194 Waleh.
571 1150 606 1193 Ι.
629 1148 819 1193 Bekker.
834 1180 846 1199 ,
883 1145 1046 1190 rectis-

158 1209 296 1260 sime,
348 1207 451 1265 quia
496 1207 550 1249 de
593 1206 690 1250 sola
721 1206 1046 1249 Britannorum

159 1266 254 1309 acie
286 1265 487 1322 loquitur
521 1273 701 1316 noster,
739 1278 834 1307 non
869 1261 923 1304 de
951 1260 1047 1303 Ro-

160 1338 425 1373 manorum,
455 1337 568 1379 quos
591 1322 738 1364 adhuc
756 1318 1047 1362 munimentis

158 1379 395 1424 coercebat
426 1378 540 1434 dux,
619 1393 871 1434 uerumque
903 1377 1047 1419 aciem

157 1437 424 1480 instructam
466 1451 565 1504 cap.
627 1435 669 1480 5.
708 1436 896 1478 demum
939 1436 1050 1491 ape-

158 1493 234 1538 rit.
316 1493 430 1537 Edd.
502 1509 646 1537 rlores
685 1494 1048 1535 instruebantur.

160 1551 214 1594 In
238 1551 441 1608 margine
519 1551 566 1596 S.
585 1549 733 1594 Vatic.
754 1549 879 1593 3429.
902 1548 1049 1598 „alius

157 1609 532 1652 instituebatur”
582 1607 832 1652 secundum
881 1606 1047 1648 Brote-

159 1665 294 1766 aium,
322 1665 685 1710 instituebantur
701 1671 888 1709 testante
900 1663 1050 1706 Dron-

193 1737 257 1768 ιο.

140 1827 148 1832 ·
217 1808 520 1851 munimentis
540 1807 807 1850 coercitum.
854 1805 929 1850 Sic
942 1805 1052 1848 Bro-

161 1872 248 1913 ter.
272 1880 370 1923 sqq.
397 1882 420 1908 e
445 1865 548 1908 MS.
572 1863 720 1909 Vatic.
745 1865 899 1912 4498..
932 1879 1052 1921 quo-

162 1938 268 1966 cum
303 1923 528 1967 consentit
549 1931 678 1969 vetus
703 1922 804 1966 eod.
825 1920 984 1965 Ursini
1009 1927 1052 1963 et

160 1980 267 2024 vat.
305 1979 432 2023 3429.
468 1981 514 2022 in
550 1980 763 2036 margine.
835 1978 888 2021 ln
933 1994 1050 2021 con-

158 2045 281 2082 textu
322 2039 569 2095 verborum
612 2035 675 2078 ibi
724 2036 942 2094 scriptum
986 2042 1051 2078 est

161 2095 382 2150 monitis,
433 2094 495 2138 uti
529 2094 576 2136 in
610 2092 711 2137 edd.
743 2103 843 2138 ante
873 2093 1052 2136 Broter.

162 2152 388 2197 omnibus.
478 2151 742 2195 Mirandum
805 2158 871 2194 est
930 2165 1050 2202 sane,

162 2210 294 2254 huius
362 2209 608 2268 scripturae
664 2216 906 2267 patronum
966 2223 1048 2250 nu·

163 2284 245 2326 per
273 2268 410 2310 talem
454 2265 714 2309 enodavisse
755 2266 1048 2310 sententiam:

164 2323 378 2382 Agricola
424 2323 590 2367 sciebat
633 2323 826 2365 militem
867 2323 923 2366 ad
962 2322 1052 2367 hoc

165 2397 308 2439 usque
360 2389 538 2438 tempus
588 2379 658 2425 vix
708 2379 814 2425 solis
866 2379 1052 2423 monitis

167 2439 439 2486 coercitum,
494 2437 636 2479 multo
669 2437 819 2480 minus
853 2437 1056 2480 oratione

167 2496 506 2540 accendendum
529 2510 645 2544 esse,
670 2493 730 2538 ita
749 2501 900 2536 tamen
921 2494 1056 2548 disse·v

166 2551 273 2597 ruit.
343 2552 639 2595 Munimenta
669 2550 867 2608 intellige
901 2551 1057 2600 castra,

167 2626 306 2670 quare
337 2625 434 2668 cap.
466 2608 539 2654 35.
571 2610 778 2661 legiones
807 2623 895 2663 pro
927 2610 1055 2651 vallo

166 2675 354 2711 stetere.
413 2665 646 2722 Participii
665 2667 889 2709 coercitus
910 2681 1057 2716 usum,

169 2723 557 2783 quemWalchius
573 2722 763 2766 aliorum
778 2723 1054 2780 scriptorum

168 2782 284 2827 locis
314 2781 572 2831 confirmat,
615 2780 808 2839 probare
841 2779 1057 2838 potuisset

170 2856 222 2884 ex
240 2839 394 2897 Agric.
425 2855 465 2882 c.
493 2839 559 2882 18.
588 2839 710 2882 nihil
738 2841 941 2881 arduum
973 2842 1058 2878 aut

170 2898 403 2940 invictum.
462 2895 584 2938 Male
603 2893 1058 2938 correxitsehefferus

115 2997 122 3005 ‚
171 2953 416 3011 inSyllog.
443 2952 569 3011 epist.
593 2953 751 2997 Burm.
778 2952 832 2996 Τ.
860 2951 914 2995 V.
946 2967 991 3009 p.
1017 2952 1058 2996 8.

173 3012 451 3055 exercitum.
799 3046 806 3048 ,

230 3095 424 3138 militem
445 3097 788 3140 accendendum
811 3095 964 3136 adhuc
983 3105 1058 3134 ra-

113 3176 123 3181 *
175 3161 267 3197 tus.
323 3149 400 3195 Sic
422 3151 524 3197 MS.
536 3151 678 3197 Vatic.
697 3152 824 3196 3429.
849 3151 949 3194 cod.
970 3149 1059 3194 Ur-

153 3210 287 3258 sini,
330 3209 431 3254 edd.
465 3210 640 3254 Broter.
669 3208 855 3253 Lamatl.
881 3206 1063 3251 Dronk.

175 3265 360 3312 Becker.
406 3265 572 3310 Hertel.
649 3265 721 3311 Cf.
765 3265 880 3310 Hist.
922 3268 960 3316 1,
994 3264 1062 3308 36.

177 3338 290 3381 quos
313 3326 463 3368 adhuc
487 3324 694 3377 singulos
722 3325 1062 3366 exstimulave-

178 3389 256 3424 rat
269 3413 282 3436 ,
313 3383 628 3426 accendendos
650 3383 696 3423 in
716 3396 960 3424 commune
981 3393 1062 3420 ra-

180 3446 255 3480 tus
274 3453 361 3491 pro
383 3441 506 3480 vallo
531 3445 798 3482 castrorum
817 3437 884 3480 i'ta
907 3439 1063 3491 coepit.

181 3493 233 3537 In
255 3493 341 3538 alio
369 3495 486 3539 libro
507 3495 707 3537 militem
729 3497 883 3538 adhuc
905 3496 1063 3537 cohor-

183 3554 375 3595 tandum
411 3561 543 3597 ratus
580 3552 697 3596 idem
734 3551 897 3610 reperit
926 3550 1061 3596 Ursi-

1121 1161 1221 1189 nus.
1276 1144 1394 1188 Edd:
1420 1153 1528 1191 vett.
1551 1147 1721 1190 omisso
1748 1150 1882 1194 verbo
1917 1156 2012 1196 mi·-

1120 1205 1250 1245 litem
1304 1204 1456 1245 adhuc
1506 1212 1671 1255 ratus,
1731 1208 1854 1264 quod
1906 1211 2010 1268 quia

1121 1276 1255 1303 sensu
1280 1268 1385 1318 apto
1408 1260 1665 1304 destitutum
1687 1271 1773 1315 est,
1802 1264 2007 1313 Rhenan.

1120 1316 1388 1362 coniiciebat
1455 1320 1790 1374 alloquendum
1860 1328 2012 1370 adhuc

1118 1382 1255 1418 ratus
1266 1392 1280 1426 ;
1302 1373 1477 1433 Lipsius
1497 1381 1763 1420 acuendum
1782 1383 1895 1426 adh.
1908 1392 2006 1426 rat.

1120 1440 1197 1475 aut
1243 1433 1534 1475 incitandum
1583 1433 1678 1480 sive
1729 1435 1850 1481 aliud
1898 1440 2013 1494 tale3

1120 1488 1310 1533 Grotius
1334 1492 1616 1534 adhortatus
1639 1493 1706 1536 vel
1740 1497 1891 1539 adhuc
1917 1503 2012 1541 ad-

1120 1549 1365 1599 hortatus,
1424 1548 1547 1605 quod
1585 1551 1827 1606 probatum
1870 1563 1935 1597 est
1981 1574 2007 1600 a

1123 1603 1349 1648 Scheffero
1384 1604 1414 1648 l.
1450 1605 1742 1654 1.,.Trillero
1778 1609 2014 1660 Observv.

1123 1661 1257 1705 Misc.
1282 1678 1326 1720 p.
1351 1663 1373 1704 1
1405 1662 1470 1714 3.,
1499 1672 1730 1730 receptum
1752 1667 1807 1710 ab
1828 1667 2007 1717 Ernest.

1124 1718 1367 1776 Bipont..0
1405 1718 1535 1762 erlin.
1556 1720 1653 1763 ahis
1675 1730 1718 1765 et
1741 1739 1883 1782 nuper
1895 1727 2010 1772 Bek-

1123 1776 1230 1820 kero
1264 1784 1308 1820 et
1339 1775 1595 1830 Walchi03
1640 1778 1673 1821 l.
1708 1780 1786 1824 Fr.
1821 1783 2010 1830 Grono-

1122 1834 1243 1876 vius:
1291 1834 1544 1876 coercitum
1578 1837 1779 1880 militum
1812 1831 2015 1887 militenz

1120 1893 1484 1946 adhortaturus’,
1525 1893 1603 1935 ubi
1626 1895 1855 1954 militum,
1891 1902 2015 1956 quod

1121 1956 1391 2005 corruptum
1433 1949 1646 1999 videturs
1680 1961 1803 1996 recte
1845 1956 2018 2003 delevit

1120 2005 1364 2049 Ernestius.
1417 2006 1516 2062 Sed
1542 2007 1773 2054 sanissima
1801 2013 2014 2059 codicum

1120 2064 1367 2121 scriptura3
1385 2065 1670 2108 adhucenim
1692 2062 1856 2127 esffiwro
1873 2087 2020 2126 prae-

1120 2129 1249 2164 terea
1260 2152 1274 2176 ‚
1318 2122 1525 2177 insuper,
1559 2130 1610 2164 ut
1635 2128 1895 2172 sexcenties.
1955 2131 2016 2177 cf.

1121 2186 1217 2222 not.
1242 2179 1299 2222 ad
1324 2177 1480 2221 Germ.
1513 2195 1552 2223 c.
1575 2181 1644 2224 29.

1184 2261 1386 2305 Octavus
1415 2277 1568 2307 annus
1600 2272 1682 2309 est.
1758 2267 2020 2326 Quaeritur,

1122 2336 1172 2362 ex
1193 2334 1283 2378 quo
1306 2321 1522 2378 temporis
1545 2332 1779 2367 momento
1802 2343 2018 2374 numera-

1126 2379 1242 2423 verit
1264 2376 1504 2435 Agricola3
1545 2378 1600 2421 ab
1633 2379 1818 2424 introitu
1855 2401 1938 2430 suo
1972 2387 2021 2431 in

1126 2434 1446 2492 provinciam,
1518 2435 1675 2479 dicunt
1732 2439 2031 2500 interpretes,

1127 2492 1205 2534 sed
1237 2498 1335 2534 tum
1368 2507 1463 2534 non
1495 2500 1709 2547 octavus,
1761 2499 1837 2541 sed
1874 2503 2022 2555 septi-

1128 2562 1234 2590 mus
1256 2563 1399 2591 annus
1421 2556 1510 2598 est,
1541 2552 1662 2607 quod
1686 2559 1789 2596 cu'm
1811 2554 2023 2602 Acidalio

1127 2604 1336 2672 nonnulli
1369 2606 1581 2651 volebant
1615 2609 1776 2662 scribi,
1814 2629 2022 2671 praeser-

1127 2670 1208 2705 tim
1235 2676 1375 2719 quum
1396 2662 1443 2705 in
1467 2679 1766 2711 numerorum
1787 2671 1924 2728 signis
1949 2675 2022 2718 fa-

1127 2719 1320 2764 cillimus
1345 2720 1593 2764 scribarum
1617 2724 1767 2783 lapsus
1795 2729 1868 2772 sit.
1929 2730 2024 2776 Alii

1127 2792 1236 2822 vero
1259 2777 1379 2834 iique
1401 2778 1570 2822 rectius
1594 2797 1688 2824 non
1699 2783 1753 2826 ab
1767 2801 1888 2828 anno
1906 2787 2022 2839 831..

1130 2849 1221 2892 quo
1264 2834 1446 2879 intravit
1479 2836 1757 2883 Britanniam
1789 2842 2022 2901 Agricola,

1128 2892 1204 2935 sed
1230 2892 1284 2936 ab
1311 2892 1404 2935 eius
1428 2894 1665 2940 consulatu
1689 2913 1795 2944 ann.
1822 2901 1921 2946 830.
1945 2920 2024 2948 an·

1127 2965 1211 2992 nos
1250 2951 1578 3007 computandos
1614 2970 1706 2997 esse
1744 2956 2023 3006 iudicabant.

1130 3005 1242 3062 Cap.
1263 3007 1304 3050 9.
1327 3008 1540 3060 docetur,
1570 3026 1687 3054 anno
1710 3011 1808 3057 830.
1834 3017 1892 3060 ad
1915 3035 2022 3062 con-

1129 3065 1320 3107 sulatum
1373 3064 1540 3108 elatum
1591 3085 1686 3111 esse
1741 3072 2023 3129 Agricolam,

1131 3137 1228 3187 quo·
1245 3121 1425 3164 functus
1450 3124 1596 3167 statim
1617 3125 1870 3174 Britanniae
1894 3148 2023 3190 prae-

1135 3187 1305 3237 posxtus
1329 3187 1417 3230 est3
1457 3190 1643 3227 octavus
1665 3184 1800 3241 igitur
1820 3198 1915 3230 erat
1936 3206 2020 3233 an-

1135 3252 1219 3279 nus
1236 3267 1249 3284 ‚
1308 3251 1563 3295 quanquam
1611 3243 1795 3299 septima
1846 3252 2022 3291 tantum

1135 3294 1347 3360 agebatur
1377 3302 1539 3346 aestas,
1582 3314 1632 3340 ex
1655 3314 1742 3356 qua
1769 3300 1816 3343 in
1838 3301 2022 3348 Britan-

1133 3367 1258 3394 niam
1281 3361 1480 3396 venerat.

1190 3442 1260 3478 tot
1281 3438 1647 3492 expeditionibus
1668 3470 1679 3482 .
1703 3471 1715 3482 .
1738 3471 1751 3484 .
1779 3471 1791 3484 .
1811 3475 1824 3487 .
1847 3434 1860 3486 .
1879 3460 2027 3502 neque

1136 3508 1210 3560 m'e
1235 3495 1440 3541 militum
1463 3510 1607 3550 neque
1641 3511 1723 3539 vos
1750 3501 1883 3545 ducis
1907 3519 2021 3558 poe-

1137 3552 1296 3595 mtuit.
1363 3551 1605 3596 Meliorem
1638 3551 1753 3600 hanc
1781 3559 2025 3607 verborum
