2150 4022
600 275 1129 360 ntALoous·
1216 276 1417 340 CAP.
1458 279 1542 340 4.·

1861 282 1989 340 233

139 424 340 489 poetas
366 409 736 478 intermittiS‚
791 419 849 465 et
883 426 1018 481 ego,
1072 406 1170 463 cui
1207 407 1492 465 desidiam
1534 406 1990 469 advocationum

139 498 375 566 obiicis‚
423 494 840 571 quotidianum
869 489 988 562 ‚hoc
1023 492 1418 567 patrocinium
1449 492 1851 550 defendendae
1880 496 1990 551 ad-

137 601 338 639 versus
367 592 423 637 te
456 580 716 655 poeticae
748 598 1005 636 exerceo,

1093 575 1230 649 Quo
1276 577 1463 633 laetor
1499 577 1684 652 magis
1721 578 1989 636 oblatum

134 659 310 723 nobis
345 665 630 734 iudicem,
686 663 790 740 qui
827 682 921 719 me
962 661 1058 718 vel
1095 663 1160 717 in
1196 661 1465 718 futurum
1495 673 1648 719 vetet
1674 682 1877 721 versus
1898 665 1989 721 fa-

134 771 263 809 cere
280 796 296 821 ‚
345 751 470 819 vel,
525 750 687 826 quod
719 749 837 804 iam
862 747 1095 823 pridem
1120 756 1260 821 opto
1278 791 1293 816 ,
1338 766 1443 803 sua
1469 768 1705 825 quoque
1730 749 1989 807 auctori-

131 846 248 894 tate
273 834 614 911 compellat,
652 845 718 894 ut
743 833 974 890 omissis
1000 831 1330 889 forensium
1357 851 1662 890 causarum
1689 834 1989 909 angustiiS‚

129 1028 271 1071 hanc:
300 1026 393 1070 nisi
401 1025 629 1082 frequens
647 1041 703 1068 ac
721 1040 871 1081 prope
891 1026 1022 1066 adsi-

129 1088 228 1128 dua
249 1085 382 1127 nobis
401 1084 633 1126 contentio
651 1085 752 1125 iam
774 1085 821 1126 in
838 1096 1022 1126 consue-

130 1143 344 1185 tudinem
376 1142 616 1190 vertisset‚
656 1140 735 1198 qui
769 1156 863 1184 non
893 1155 1022 1196 repu-

129 1199 267 1255 tavit,
293 1213 440 1252 prope
464 1198 697 1254 mitigandi
719 1197 941 1256 particula
967 1196 1021 1238 ad

127 1259 176 1299 in
205 1270 328 1299 cons.
348 1265 462 1298 vert.
489 1257 652 1298 omissa
674 1254 829 1298 rustici
854 1252 1020 1310 aliquid

128 1330 182 1357 ac
223 1314 365 1372 putidi
409 1311 516 1355 huic
565 1311 810 1355 sententiae
852 1311 1022 1361 inesse;

126 1372 258 1422 item,
290 1377 379 1413 tam
402 1370 688 1426 frequente-m
711 1384 805 1411 esse
823 1383 1020 1425 synony-

125 1443 306 1471 morum
339 1428 455 1485 apud
482 1427 697 1470 Nostrum
733 1425 1020 1470 coniunctio-

126 1501 249 1534 nem,
271 1492 320 1527 ut
338 1499 486 1540 prope
507 1500 614 1528 cum
636 1486 839 1526 adsidua
862 1483 1019 1525 iuncto

124 1544 242 1586 bene
296 1557 544 1585 careamus.
635 1540 862 1583 Refutavit
914 1555 1019 1581 eum

127 1598 469 1656 Oreil.Proleg.
495 1615 537 1656 p.
551 1597 663 1642 LlV.
689 1621 748 1630 -—
791 1598 882 1640 Pro
905 1611 1018 1639 con·-

127 1661 271 1699 tentz'o
298 1658 350 1698 in
380 1656 517 1700 MSS.
541 1655 679 1713 Neap.
712 1655 865 1710 [Farn.
899 1653 1017 1711 apud

126 1713 336 1768 Bekken]
371 1713 590 1771 scriptum
623 1721 687 1755 est
715 1714 1018 1766 contemptim·

126 1771 181 1814 de
210 1770 459 1829 significatu
494 1770 705 1816 vocabuli
739 1769 799 1813 cf.
833 1769 1016 1812 Ernest-

124 1828 228 1872 Lex.
250 1826 448 1872 technol.
475 1828 549 1871 lat.
579 1843 626 1885 p.
649 1827 719 1870 88.
745 1842 813 1885 sq.

179 1911 254 1954 cui
285 1910 520 1953 desidiam
544 1912 907 1953 advocationum
931 1911 1016 1952 ob-

121 1968 233 2011 iicis.
293 1967 371 2011 Sic
390 1967 526 2011 MSS.
550 1967 687 2010 Farn.
708 1968 760 2023 (t.
779 1967 949 2025 Lipsio)
973 1976 1016 2011 et

122 2024 308 2084 Neapol.
372 2031 416 2067 et
483 2023 585 2069 edd.
650 2033 754 2082 post
811 2025 1014 2083 Lipsium

121 2097 365 2127 omnes.—-
385 2081 439 2124 In
455 2081 556 2125 edd.
571 2083 762 2139 antiquis
784 2090 919 2126 exstat
941 2083 1018 2124 cui

119 2141 352 2183 desidiam
381 2142 671 2182 advocamur
703 2141 1014 2198 omissumque

120 2205 185 2242 est
205 2196 385 2248 obiicis,
417 2197 538 2240 unde
550 2196 815 2240 Rhenanus:
846 2199 1013 2240 cuide-

118 2257 267 2299 sidiae
290 2262 538 2306 notamur,
574 2254 808 2298 Muretus:
839 2257 920 2312 qui
936 2260 1012 2298 de·

119 2313 181 2356 sii
239 2313 339 2364 iam
399 2312 626 2354 advocari
698 2316 1011 2356 coniecerunt.

121 2369 293 2416 Osann.
334 2368 389 2410 de
427 2369 614 2414 veritate
653 2370 900 2428 scripturae
930 2370 1011 2412 Li-

121 2427 299 2486 psiana‘e
317 2425 489 2468 dubitat
501 2424 779 2483 melioraque
803 2443 853 2469 ex
873 2428 1010 2470 codd.

120 2489 366 2541 exspectat;
407 2497 504 2524 non
539 2498 638 2539 ego.
700 2484 817 2526 Nota
848 2482 1013 2541 plural.

121 2540 331 2584 abstracti
355 2543 622 2595 aduocatio,
663 2541 783 2584 idern
806 2549 871 2583 est
895 2542 1013 2598 apud

121 2597 221 2642 Cic.
246 2612 315 2656 ep.
348 2597 404 2640 ad
427 2597 520 2642 div.
545 2595 586 2648 7,
612 2600 708 2650 10.,
747 2598 812 2640 uti
846 2614 943 2656 cap.
969 2600 1013 2646 6.

119 2656 371 2699 comitatus
403 2661 448 2696 et
485 2669 711 2707 egressus.
773 2655 843 2700 Cf.
876 2656 1012 2699 Roth.

121 2712 370 2812 qua5estion.
395 2720 629 2770 grammat.
655 2728 679 2755 e
702 2711 1013 2758 Corn.Tacito

175 2851 497 2908 defendendae
527 2857 757 2897 adversus
788 2861 834 2898 te
857 2858 1012 2910 poeti-

120 2925 218 2955 cae.
287 2910 344 2953 Et
373 2910 493 2955 haec
527 2912 780 2955 emendatio
816 2928 840 2955 e
877 2912 1010 2958 MSS.

121 2968 262 3011 Farn.
299 2976 345 3011 et
379 2969 518 3026 Neap.
559 2985 583 3012 a
619 2968 771 3027 Lipsio
810 2970 1011 3028 primum

121 3040 206 3083 pro
239 3025 374 3077 osita,
416 3025 521 3070 dein
547 3027 610 3070 ab
643 3028 856 3071 omnibus
888 3043 1013 3075 com·

121 3097 204 3139 pro
240 3091 308 3126 ata
329 3091 410 3126 est.
471 3083 750 3142 Corruptum
770 3094 918 3128 autem
933 3092 1013 3138 est,

121 3139 246 3196 quod
269 3139 369 3183 edd.
391 3140 599 3199 antiquae
625 3141 832 3186 exhibent
855 3144 1011 3199 desen-

119 3199 239 3239 dens
284 3200 513 3242 adversus
556 3206 603 3241 te
637 3202 836 3256 poetice,
889 3201 1012 3244 unde

119 3251 333 3297 Seebodii
375 3262 504 3298 natae
546 3264 651 3300 sunt
696 3259 1008 3302 coniecturae:

121 3312 442 3367 qmtzuianum
467 3314 532 3355 ὴ.
560 3316 880 3369 patrocinium
921 3319 1010 3358 de-

110 3368 318 3423 fendens
349 3370 516 3425 (tuens)
543 3375 770 3416 adversus
794 3381 839 3416 te
859 3375 1010 3428 poeti·

123 3438 205 3467 cen
224 3440 443 3481 exeram,
467 3428 564 3475 vel:
602 3433 785 3485 quot.h.
802 3433 1010 3486 patroci-

123 3481 284 3537 nium,
305 3484 572 3541 ⁴defendens
591 3490 816 3532 adversus
835 3497 882 3531 te
899 3496 1011 3541 poe·-

123 3539 264 3588 tinen,
309 3555 502 3586 exerceo
517 3576 530 3598 ,
573 3559 764 3602 quarum
805 3545 1006 3606 priorem

123 3596 348 3651 praeferre
379 3600 477 3645 vult
500 3601 747 3646 Dronkius.

1151 1035 1334 1066 omzsszs

1093 1079 1340 1133 angustiis.
1398 1080 1475 1124 Sic
1497 1080 1635 1124 MSS.
1660 1080 1798 1139 Neap.
1825 1083 1985 1138 [Fam.

1091 1145 1126 1181 t.
1138 1136 1362 1193 Bekkero]
1387 1145 1429 1180 et
1442 1138 1630 1190 Vaticc.,
1660 1139 1707 1182 in
1726 1138 1844 1182 idem
1870 1156 1987 1184 con-

1092 1194 1299 1239 iectando
1320 1195 1568 1239 inciderant
1581 1194 1798 1248 Schelius,
1828 1197 1986 1243 Schul-

1092 1252 1258 1310 tingius
1281 1259 1325 1294 et
1342 1253 1594 1297 Burmann.
1612 1253 1668 1296 ad
1683 1253 1865 1298 Petron.
1891 1271 1931 1299 c.
1945 1255 1988 1299 5.

1091 1326 1137 1367 p.
1161 1309 1229 1354 35.
1244 1340 1257 1358 ,
1287 1310 1604 1368 recipiendum
1629 1311 1852 1355 duxerunt
1874 1312 1988 1355 Bro-

1091 1377 1176 1411 ter.
1207 1367 1385 1410 Ernest.
1414 1367 1591 1412 Schulz.
1613 1367 1798 1427 Bipont.
1824 1369 1988 1414 Oberl.

1090 1423 1267 1468 Dronk.
1286 1423 1432 1468 Orell.
1448 1424 1625 1468 Osann.
1647 1426 1867 1484 probante
1881 1428 1986 1470 Mo-

1091 1497 1210 1524 sero.
1271 1481 1420 1525 Habes
1444 1496 1613 1526 causas
1623 1485 1847 1539 forenses
1869 1486 1986 1528 infra

1091 1555 1189 1597 cap.
1209 1539 1254 1582 8.
1287 1540 1385 1583 Cic.
1410 1549 1521 1582 orat.
1547 1554 1590 1584 c.
1613 1542 1655 1592 3,
1678 1543 1747 1585 12.
1805 1542 1860 1586 In
1882 1543 1986 1586 edd.

1091 1606 1193 1639 ante
1215 1597 1394 1639 Broter.
1418 1597 1631 1641 omnibus
1651 1607 1695 1642 et
1715 1599 1761 1641 in
1786 1599 1856 1647 ed.
1879 1599 1983 1643 see-

1089 1654 1200 1696 bod.
1245 1654 1398 1710 priore
1444 1654 1663 1712 scriptum
1709 1663 1773 1699 est
1809 1657 1985 1712 foren-

1089 1711 1211 1753 sium
1232 1711 1503 1762 Musarum,
1535 1713 1659 1769 quod
1683 1712 1987 1759 defendebant

1087 1769 1226 1826 Lang.
1242 1769 1289 1811 in
1304 1769 1404 1812 Act.
1421 1769 1632 1817 seminar.
1648 1787 1742 1830 req.
1758 1780 1805 1827 et
1824 1772 1984 1817 societ.

1087 1825 1198 1883 phil.
1219 1825 1338 1883 Lips.
1363 1825 1459 1871 vol.
1483 1827 1518 1868 l.
1542 1842 1590 1884 p.
1612 1828 1684 1872 88.
1707 1837 1776 1887 (p.
1791 1829 1983 1874 XXVII.

1088 1883 1161 1927 ed.
1188 1883 1296 1936 Dr.)
1313 1914 1326 1932 ‚
1358 1883 1537 1926 Hessius
1562 1885 1609 1927 in
1636 1885 1813 1930 Osanni
1838 1887 1983 1945 praef.

1087 1940 1248 1997 p.V11.
1263 1973 1275 1992 ,
1309 1940 1365 1984 V.
1386 1941 1443 1983 D.
1469 1940 1518 1983 in
1539 1945 1685 2001 suppl.
1710 1944 1883 2002 ephem.
1906 1945 1976 1991 lit.

1087 1998 1184 2042 Hal.
1201 1998 1324 2041 1829.
1340 2014 1412 2042 nr.
1428 1999 1526 2043 122.
1546 2001 1609 2054 [et
1622 2002 1759 2059 Rup.]
1775 2013 1843 2054 eo,
1856 2005 1982 2062 quod

1087 2056 1344 2113 exquisitius
1375 2055 1546 2114 aliquid
1577 2066 1623 2100 et
1647 2059 1843 2103 Materni
1872 2077 1981 2119 per-

1084 2128 1248 2165 sonae,
1278 2123 1434 2170 utpote
1453 2122 1635 2172 poetae,
1669 2120 1998 2163 accommoda--

1084 2171 1173 2214 tius
1214 2172 1253 2213 ei
1301 2170 1446 2214 inesse
1472 2174 1803 2219 comedebant.
1887 2177 1982 2221 Etsi

1083 2229 1174 2271 iam
1199 2228 1527 2280 concedamus,
1557 2246 1689 2274 usum
1710 2233 1900 2277 latinum
1920 2242 1983 2284 ta-

1085 2285 1202 2329 libus
1270 2285 1547 2330 dictionibus
1617 2305 1713 2332 non
1787 2292 1981 2345 obstare,

1084 2343 1291 2401 quamvis
1336 2344 1435 2386 duri
1476 2343 1647 2403 aliquid
1692 2356 1736 2390 et
1784 2351 1982 2394 contorti

1082 2401 1198 2443 inest
1263 2401 1311 2443 in
1369 2401 1518 2446 verbis
1571 2403 1819 2447 Musarum
1883 2422 1979 2450 an-

1081 2459 1288 2510 gustiae,
1349 2466 1545 2514 praestat
1583 2460 1702 2503 haud
1748 2463 1883 2508 dubie
1900 2481 1905 2490 ³
1924 2465 1981 2510 li·

1083 2517 1274 2557 brorum
1317 2529 1454 2557 manu
1499 2517 1775 2575 scriptorum
1821 2521 1977 2569 lectio.

1083 2570 1206 2614 Nihil
1233 2571 1353 2615 enim
1379 2571 1427 2614 in
1451 2571 1529 2615 tali
1551 2590 1601 2616 re
1624 2572 1827 2621 efficitur.
1851 2571 1980 2637 locis,

1085 2644 1198 2687 quos
1220 2626 1511 2687 protulerunt
1524 2627 1740 2690 ‘vulgatae
1764 2635 1979 2684 defenso—

1084 2702 1182 2734 res,
1212 2685 1333 2729 velut
1357 2685 1454 2730 Cic.
1481 2697 1592 2734 orat.
1618 2705 1659 2733 c.
1683 2688 1727 2740 3,
1749 2693 1820 2738 12.
1844 2684 1979 2752 duas.

1085 2751 1135 2786 ut
1166 2743 1240 2786 illi
1267 2744 1361 2798 ipsi
1385 2744 1533 2787 dicere
1561 2746 1801 2807 solebant,
1843 2767 1978 2808 agre.

1084 2801 1306 2848 stioribus
1325 2800 1470 2844 Musis
1491 2804 1718 2860 reliquere
1726 2823 1742 2859 ;
1772 2809 1900 2868 epist.
1920 2813 1976 2857 ad

1085 2858 1180 2903 div.
1207 2861 1246 2907 1,
1269 2859 1311 2902 9.
1340 2873 1457 2900 nam
1485 2862 1546 2902 ab
1580 2865 1871 2910 orationibus
1899 2871 1974 2912 di-

1083 2917 1223 2969 iungo
1246 2929 1322 2957 me
1342 2915 1456 2971 fere
1479 2918 1726 2976 referoque
1752 2928 1818 2967 ad
1839 2926 1992 2970 man-¹

1084 2975 1308 3015 suetz'ores
1344 2973 1533 3030 Musas,
1587 2992 1731 3037 quaes
1749 2996 1826 3025 me
1864 2999 1974 3028 ma-

1083 3032 1230 3086 xime,
1245 3031 1365 3073 sicut
1379 3031 1480 3074 iam
1494 3048 1526 3074 a
1533 3037 1696 3088 prima
1708 3043 1974 3085 adolescen-

1085 3089 1179 3138 tia,
1211 3091 1519 3133 delectarunt.
1566 3092 1976 3143 praetermittimus

1083 3161 1195 3191 vero
1218 3145 1451 3189 Heinsium
1464 3180 1478 3203 ,
1522 3150 1596 3207 qui
1623 3167 1708 3209 pro
1730 3158 1976 3201 temeritate

1082 3213 1160 3246 sua
1182 3219 1239 3246 ne
1260 3203 1347 3246 hoc
1369 3205 1549 3261 quidem
1571 3209 1676 3252 loco
1697 3227 1722 3253 a
1745 3214 1975 3258 coniectu-

1079 3261 1141 3304 ris
1177 3260 1412 3312 abstinuit,
1461 3276 1685 3312 curarum
1725 3270 1797 3313 vel
1835 3272 1977 3315 rixa.

1080 3332 1191 3362 rum
1234 3318 1307 3363 Vel
1352 3321 1582 3364 tricarum
1634 3324 1872 3381 proferens
1904 3329 1974 3374 'in

1082 3375 1300 3419 medium.
1330 3401 1386 3411 —
1444 3378 1537 3421 Pro
1559 3383 1746 3426 omissis
1767 3385 1815 3429 in
1833 3385 1925 3430 Nea
1963 3419 1976 3434 .

1081 3432 1185 3478 cod.
1209 3440 1346 3478 exstat
1367 3436 1609 3489 obmissis,
1634 3448 1684 3482 ut
1705 3457 1840 3500 supra
1863 3455 1903 3489 c.
1918 3403 1974 3499 ἕ,

1080 3489 1129 3532 in
1174 3491 1337 3535 eodem
1382 3491 1501 3536 libro
1540 3503 1693 3553 p'ostea
1735 3515 1819 3557 pro
1854 3505 1973 3546 satis

1080 3548 1200 3592 mihi
1226 3562 1453 3608 superque
1488 3562 1719 3611 repertum
1757 3565 1822 3604 est
1859 3562 1980 3606 mnu·

1080 3607 1197 3650 satis
1221 3619 1464 3664 superque.

1389 1023 1664 1079 sorensium
1727 1039 1988 1068 causarum
