2150 4022
581 87 588 108 l

467 269 588 334 DE
634 261 1160 328 GERMANIA
1214 261 1412 326 CAP.
1447 266 1547 324 21.

85 408 322 463 domum
350 420 470 456 non
502 397 735 463 invitati
772 397 1008 454 adeunt.

823 491 1031 536 notum
1083 477 1467 555 ignotumque
1522 489 1809 556 quantum
1860 478 1934 534 ad

86 490 277 547 nitate·
307 484 690 560 accipiuntur.

34 591 35 594 ’
87 575 177 632 ius
212 569 460 646 hospitis
501 587 674 624 nemo
719 565 1016 645 discernit.

1853 261 1935 322 53

1096 414 1201 449 nec
1239 395 1480 452 interest
1496 404 1517 450 t*
1555 393 1687 469 pari
1724 389 1935 450 huma-
1975 443 1981 447 ,

1105 561 1369 644 Abeunti
1397 565 1446 619 si
1475 563 1619 640 quid
1651 572 1936 638 poposce-a'

84 659 160 715 rit
195 656 512 713 concedere
546 652 757 708 moris:
805 645 861 707 et
895 648 1178 724 poscendi
1210 648 1466 703 invicem
1502 649 1703 705 eadem
1744 648 1934 704 faci-li-

83 756 184 805 tas.
210 798 214 800 ,
240 778 244 782 -
270 741 527 814 gandent
552 736 924 794 muneribus:
971 734 1072 789 sed
1096 753 1205 788 nec
1234 734 1367 788 data
1391 733 1686 808 imputant
1710 753 1815 789 nec
1838 753 1934 788 ac-

84 826 263 902 ceptis
285 825 637 906 obligantur.

138 1091 219 1119 nec
253 1077 460 1119 interest.
522 1072 747 1130 intellige:
782 1085 837 1113 an
876 1084 969 1112 non

85 1133 253 1176 invitati
279 1132 380 1175 sint.

141 1224 370 1272 quantum
412 1217 476 1257 ad
511 1215 582 1256 ius
621 1213 827 1266 hospitis.
910 1211 968 1254 cs.

83 1273 195 1317 Hist.
228 1272 268 1323 5,
295 1275 359 1316 10.
394 1280 621 1328 quantum
654 1273 718 1311 ad
750 1269 968 1311 Iudaeos.

84 1330 292 1374 Ceterum
316 1330 512 1383 hospitis
532 1327 692 1370 habent
714 1327 848 1370 MSS.
860 1326 899 1367 T
902 1342 969 1368 ur.

82 1387 270 1445 Longol.
315 1386 476 1441 stuttg.
519 1386 620 1431 edd.
667 1382 786 1441 Spir.
834 1384 966 1429 Kath.

83 1445 185 1487 Put.
236 1445 302 1486 M.
349 1452 389 1485 et
433 1444 488 1487 V.
529 1442 736 1485 Norimb.
781 1442 968 1484 Monac.

82 1501 247 1544 vienn.
290 1501 497 1544 Beroald.
538 1500 641 1542 Alc.
682 1498 828 1540 Rhen.
865 1498 968 1540 ΑΜ.

82 1559 221 1614 Rhag.
238 1558 454 1614 aliaeque.
498 1556 703 1599 Restituit
717 1556 811 1597 Pas.
828 1556 970 1599 ovius.

83 1616 196 1658 Nam
227 1614 398 1681 Lipsius
429 1631 530 1672 sqq.
564 1614 695 1657 tacite
737 1612 970 1654 ediderant
1021 1630 1026 1634 ·

81 1673 288 1726 hospitia,
327 1672 450 1728 quod
479 1670 762 1714 retinuevunt
794 1668 969 1711 Bekke-

83 1746 186 1777 rus,
225 1728 502 1778 WValchius,
535 1726 621 1771 alii.
701 1726 866 1768 Parum
897 1725 969 1768 in-

84 1797 246 1831 teresse
294 1801 471 1829 censeo.
555 1783 692 1839 Quod
729 1783 970 1826 Passovius

85 1843 287 1888 adfirmat
314 1842 418 1884 nihil
447 1841 681 1884 absurdius
707 1856 802 1882 esse
834 1855 967 1896 quam

84 1905 155 1944 ius
182 1900 378 1957 hospitii
403 1899 520 1956 apud
556 1896 831 1948 Germanos,
876 1895 970 1938 sal..

81 1974 154 2003 sus
174 1965 252 1999 est.
312 1955 428 1999 Nam
462 1956 498 1999 si
529 1956 600 1997 ius
627 1954 828 2009 hospitis
852 1954 967 2010 (Ge-

80 2018 343 2059 rechtsame
365 2017 449 2056 des
471 2013 667 2064 δαείω,
696 2012 762 2056 sic
791 2012 865 2054 ille
893 2011 966 2053 in-

79 2073 366 2130 terpretatur)
395 2070 504 2121 fuit,
554 2070 628 2112 ius
659 2070 845 2124 hospitti
873 2086 966 2112 non

9 2177 11 2179 ,
80 2129 228 2189 potuit
247 2129 411 2172 deesse.
750 2164 753 2166 ,

131 2213 408 2269 poposcerit.
466 2210 543 2254 Sic
574 2208 706 2253 MSS.
742 2209 963 2254 Arundel.

79 2272 194 2315 Tur.
228 2273 391 2327 Stuttg.
421 2266 591 2312 Vaticc.
620 2267 744 2310 1518.
769 2269 900 2311 2964.
924 2276 966 2310 et

79 2329 207 2373 4498.
223 2336 267 2371 et
279 2326 493 2370 editiones
509 2334 690 2369 veteres.
728 2325 968 2369 Rhenanus

82 2385 274 2443 (1533.),
320 2384 461 2425 Aldus
492 2399 589 2440 sqq.
635 2381 768 2426 tacite
811 2383 967 2425 edide-

83 2450 190 2487 runt
214 2441 499 2498 poposceris.
577 2439 803 2481 Ernestius
843 2449 970 2484 vete-

19 2504 31 2510 “
81 2517 179 2545 rem
207 2500 474 2557 scripturam
494 2496 700 2539 restituit.
763 2497 861 2540 MS.
880 2497 967 2539 Va-

79 2559 156 2602 tic.
185 2557 306 2600 1862.
322 2560 640 2611 poposcerunt.

139 2647 257 2687 data
290 2644 539 2696 imputant.
599 2637 702 2682 MS.
735 2637 969 2695 stuttgart.

225 2703 450 2742 accusant
508 2716 511 2720 ·

24 2766 33 2779 ²
82 2763 200 2803 data
220 2759 468 2811 imputant.

140 2844 285 2897 victus
354 2839 478 2881 inter
544 2838 752 2893 hospites
813 2838 968 2879 comis.

83 2893 318 2945 Blssterius
358 2897 445 2952 (de
487 2898 537 2936 la
574 2895 811 2950 Bleterie)
864 2909 968 2936 cum

83 2959 191 3002 haec
202 2956 330 2999 verba
346 2962 394 2996 ut
415 2953 562 3011 spuria
587 2952 858 3002 omississet,f
872 2950 968 2993 aliis

84 3015 217 3068 etjam
236 3010 551 3069 interpretibus
565 3010 800 3066 (Ernestio,
823 3008 968 3050 Ober-

86 3073 206 3120 lino,
259 3067 513 3116 Bredovio,
570 3066 815 3117 Seebodio,
872 3064 966 3107 Lu-

85 3143 334 3178 nemannO,
395 3125 621 3177 lacobsio,
680 3122 970 3174 Gutmanno,

85 3182 343 3239 Walchio)
388 3191 590 3239 suspecta
633 3191 738 3224 sunt
776 3179 865 3223 visa
900 3190 967 3223 at-

45 3262 50 3267 ·
86 3258 172 3301 que
215 3239 422 3286 cancellis
466 3239 733 3282 includenda
775 3238 843 3280 vel
887 3237 969 3281 eii-

86 3299 259 3344 cienda.
342 3296 478 3340 Eiecit
530 3295 738 3340 Hackius.
818 3295 965 3338 Nimi-

87 3358 188 3402 rum
231 3362 388 3413 putant
423 3355 503 3398 viri
540 3353 660 3397 docti
694 3353 801 3396 haec
835 3353 966 3396 verba

89 3421 397 3470 argumentum
432 3412 567 3453 totius
599 3411 686 3454 loci
723 3410 965 3453 indicantia

90 3483 116 3511 e
137 3469 331 3529 margine
358 3470 405 3511 in
432 3476 686 3512 contextum
710 3466 962 3525 inrepsisse.

92 3525 183 3568 Alii
210 3526 547 3584 transpositione
575 3526 675 3567 loco
711 3525 965 3567 consulunt.

29 3588 49 3603 ‘⁴
88 3581 368 3627 Thierscbius
382 3580 426 3626 in
445 3583 541 3628 Act.
558 3581 668 3626 Phil.
682 3582 810 3625 Mon.
826 3580 878 3624 T.
895 3581 966 3624 ΙΙΙ.

723 820 929 877 Victus
960 819 1114 875 inter
1143 813 1402 892 hospites
1429 818 1628 876 cornis.

1043 1069 1154 1111 fasc.
1187 1063 1231 1110 3.
1270 1077 1314 1123 p.
1344 1064 1447 1108 462.
1498 1070 1554 1107 ea'
1590 1063 1785 1109 collocat
1834 1072 1934 1122 post

1042 1126 1278 1172 discernit,
1311 1131 1360 1165 ut
1384 1122 1603 1166 sententia
1629 1122 1759 1165 insit:
1789 1127 1934 1176 „dum

1042 1183 1232 1232 adsunt,
1286 1179 1480 1224 comiter
1530 1178 1776 1232 habentur3
1832 1195 1934 1223 cum

1045 1240 1306 1288 discedunt,
1337 1237 1467 1280 donis
1491 1237 1811 1280 adficiuntur.”
1871 1235 1935 1278 lta

1009 1311 1014 1320 ·
1043 1306 1085 1339 et
1098 1298 1169 1341 Fr.
1185 1293 1427 1338 Heidekam
1464 1327 1475 1338 .
1489 1295 1536 1337 in
1552 1295 1794 1352 scriptione
1809 1292 1945 1337 scho-'

1041 1354 1191 1397 lastica
1214 1368 1318 1395 ann.
1340 1352 1391 1393 18
1454 1384 1464 1394 .
1497 1353 1625 1410 p.11.
1675 1352 1766 1395 Alii
1792 1351 1937 1408 vulga·

1041 1420 1131 1454 tam
1161 1410 1247 1463 loci
1270 1408 1492 1452 rationem
1517 1409 1640 1454 varie
1671 1409 1935 1452 defendunt.

1041 1468 1309 1513 Passovius:
1351 1465 1440 1515 „Si
1463 1466 1830 1518 consideraveris,
1852 1465 1935 1508 Ta·

1043 1527 1184 1568 citum
1236 1524 1448 1567 hactenus
1497 1523 1553 1566 de
1593 1522 1933 1567 Germanorum

1042 1581 1338 1640 hospitalitate
1362 1597 1409 1622 er
1441 1597 1464 1623 a
1489 1580 1670 1636 ignotos
1695 1579 1935 1639 loquutum

1044 1655 1154 1687 esse,
1178 1638 1398 1695 verbaque
1412 1596 1528 1681 {aec
1545 1645 1728 1695 postren
1750 1654 1773 1681 a
1791 1637 1845 1681 ad
1861 1652 1935 1680 eos

1043 1698 1290 1754 pertinere,
1333 1711 1448 1753 quos
1471 1703 1678 1737 mutuum
1712 1693 1936 1738 amicitiae

1042 1753 1202 1796 foedus
1250 1751 1443 1797 iunxerit
1491 1752 1649 1806 (inter
1689 1753 1938 1807 hospites),

1043 1809 1292 1854 necessario
1312 1809 1474 1851 *addita
1503 1808 1581 1851 tibi
1609 1808 1898 1853 videbuntur.
1910 1811 1934 1829 ''

1042 1868 1129 1910 Sed
1158 1881 1340 1924 prorsus
1372 1866 1513 1909 aliena
1544 1867 1598 1909 ab
1631 1866 1719 1909 hoc
1743 1865 1847 1909 loco
1871 1872 1936 1908 est

1042 1923 1291 1983 oppositi0‚
1344 1938 1478 1981 quam
1521 1922 1596 1966 ille
1632 1924 1784 1968 statuit
1820 1922 1935 1966 inter

1041 1984 1227 2037 ignotos
1283 1988 1326 2022 et
1382 1981 1598 2035 hospites·
1708 1980 1933 2023 Orellius:

1039 2039 1202 2092 „Haec
1226 2037 1487 2096 neutiquam
1514 2038 1795 2096 supposititia
1828 2054 1934 2085 esse,

1039 2112 1134 2140 non
1171 2104 1258 2138 tam
1292 2112 1340 2138 ex
1373 2095 1623 2139 rationibus
1671 2113 1694 2138 a
1724 2096 1934 2138 Passovio

1038 2153 1252 2213 prolatis,
1282 2168 1416 2210 quam
1455 2168 1504 2195 ex
1536 2151 1770 2195 manifesta
1793 2167 1934 2209 oppo-

1039 2212 1199 2254 sitione
1231 2210 1373 2268 liquet
1405 2224 1591 2259 eorum,
1630 2225 1743 2266 quae
1778 2209 1933 2266 legun-

1039 2278 1114 2312 tur
1137 2267 1278 2326 capite
1300 2269 1529 2326 sequenti:
1564 2269 1782 2317 Crebrae,
1806 2275 1856 2309 ut
1866 2268 1933 2309 ιἠ-

1040 2335 1112 2370 ter
1144 2328 1425 2373 vinolentos,
1465 2326 1605 2367 rixae
1640 2334 1726 2368 etc.
1816 2323 1932 2368 Cum

1038 2382 1289 2441 hospitibus
1318 2382 1454 2438 igitur
1481 2381 1671 2425 comiter
1695 2395 1931 2424 conversa-

1041 2442 1229 2488 bantur,
1280 2455 1365 2482 nec
1408 2439 1522 2482 rixas
1568 2439 1935 2490 contmitteban13

1041 2505 1084 2540 at
1110 2496 1242 2554 longe
1268 2496 1394 2540 aliter
1430 2511 1503 2538 res
1538 2511 1583 2538 se
1611 2495 1827 2549 habebat,
1855 2496 1930 2538 ubi

1041 2552 1170 2596 nullo
1213 2553 1387 2610 hospite
1431 2560 1663 2609 praesente
1712 2553 1794 2611 ipsi
1846 2552 1932 2596 soli

1042 2609 1262 2655 conviviis
1305 2610 1616 2666 indulgerent..
1684 2609 1750 2654 Ut
1783 2618 1931 2654 autem

1042 2667 1182 2724 magis
1224 2668 1496 2711 elucesceret
1541 2666 1686 2711 isthoc
1737 2666 1931 2711 antithe-

1041 2732 1145 2774 ton,
1177 2740 1268 2767 non
1301 2724 1396 2767 sine
1427 2731 1521 2766 arte
1542 2723 1632 2768 huc
1653 2723 1928 2769 collocatum

1040 2781 1182 2824 suit.‘’
1258 2781 1322 2825 At
1367 2789 1462 2824 tum
1509 2780 1694 2824 inferius
1744 2781 1930 2826 debebat

1041 2837 1259 2882 collocari
1285 2846 1327 2880 et
1352 2839 1546 2897 apertius
1579 2840 1747 2897 opponi
1781 2840 1930 2884 verbis

1039 2896 1125 2938 illis
1172 2896 1326 2953 capitis
1369 2896 1586 2954 prozimi,
1627 2898 1681 2939 ad
1718 2912 1832 2954 quae
1862 2897 1930 2940 vir

1041 2953 1327 2995 doctissimus
1385 2953 1493 2997 haec
1543 2964 1742 3012 spectare
1790 2962 1928 3012 putat.

1039 3010 1131 3054 Alii
1155 3026 1257 3053 cum
1286 3010 1507 3068 Longolio
1542 3011 1811 3054 vocabulum
1849 3027 1926 3053 co-

1040 3070 1127 3109 mis
1168 3067 1392 3125 accipiunt
1432 3083 1516 3126 pro
1562 3071 1839 3117 communis,
1881 3077 1927 3111 ut

1039 3124 1142 3166 huic
1187 3124 1289 3166 loco
1323 3124 1440 3166 idem
1480 3125 1606 3172 insit,
1659 3126 1780 3186 quod
1819 3126 1928 3171 dicit

1038 3181 1161 3224 Caes.
1175 3180 1223 3224 B.
1234 3180 1291 3224 G.
1304 3183 1346 3230 6,
1358 3180 1427 3224 23.
1440 3184 1694 3234 hospitibus
1712 3185 1925 3226 omnium

1037 3242 1203 3280 donnus
1221 3246 1390 3293 patent
1419 3242 1736 3295 victusque
1766 3256 1916 3283 com-

1037 3297 1395 3339 municatur.
1475 3297 1552 3339 Sic
1590 3297 1656 3339 vir
1689 3298 1847 3342 doctus
1880 3298 1924 3340 in

1038 3353 1228 3396 Seebod.
1261 3353 1374 3398 Bibl.
1421 3355 1520 3397 crit.
1565 3354 1691 3398 1825.
1739 3371 1780 3411 p.
1808 3354 1929 3405 206..

1038 3408 1114 3466 qui
1138 3409 1318 3454 scribit:
1358 3409 1487 3461 „Die
1509 3412 1815 3466 Bemcrkung
1841 3416 1925 3454 des

1039 3467 1092 3509 Τ.
1126 3466 1311 3510 viatus
1341 3469 1505 3510 inter.
1533 3471 1807 3523 hospites
1837 3486 1917 3512 co-

1040 3540 1087 3583 m
1099 3525 1146 3566 is
1182 3527 1309 3566 steht
1352 3526 1416 3566 im
1444 3525 1700 3580 Gegensatz
1727 3529 1811 3569 mie
1835 3532 1911 3570 det

1037 3583 1364 3637 adparacis
1396 3585 1604 3637 epulis,
1633 3586 1714 3626 mit
1729 3588 1925 3628 welche-n
