2150 4022
303 270 546 335 IULII
589 266 917 330 AGRIC.
958 264 1199 326 VITA
1241 264 1439 330 CAP.
1475 268 1711 331 21.22.
1814 265 1932 329 159

84 403 320 480 ingenia
361 401 792 460 Britannorum
840 397 1052 455 studiis
1091 396 1406 455 Gallorum
1461 399 1776 468 anteferre,
1841 411 1931 470 ut,

21 543 25 547 ,
85 491 190 569 qui
221 489 400 546 modo
438 487 703 559 linguam
736 482 1074 542 Romanam
1112 483 1476 554 abnuebant,
1533 485 1931 562 eloquentiam

85 574 578 649 concupiscerent.
666 570 806 625 inde
830 568 1004 625 etiam
1030 564 1268 623 habitus
1293 569 1483 625 nostri
1510 565 1704 626 honor
1731 581 1787 626 et
1809 571 1930 650 fre-

85 679 270 737 quens
297 670 448 731 toga.
533 654 956 730 paullatimque
985 653 1302 709 discessum
1334 655 1404 709 ad
1435 655 1814 714 delinimenta
1839 655 1934 711 vi-

83 746 332 813 tiorum,
387 741 648 817 porticus
692 751 748 796 et
782 740 993 795 balnea
1027 750 1083 796 et
1123 736 1532 795 conviviorum
1568 741 1932 814 elegantiam.

84 830 264 905 idque
300 829 457 902 apud
491 825 795 901 imperitos
835 820 1171 882 humanitas
1205 824 1553 895 vocabatur,
1617 846 1750 882 cum
1795 846 1930 902 pars

87 913 385 971 servitutis
412 922 574 970 esset.

251 1021 450 1084 XXII.
503 1020 745 1078 Tertius
787 1017 1226 1095 expeditionum
1269 1038 1460 1075 annus
1499 1041 1683 1077 novas
1724 1035 1928 1096 gentes

87 1109 347 1184 aperuit,
402 1107 641 1165 vastatis
678 1125 864 1182 usque
902 1105 977 1160 ad
1001 1102 1195 1160 Taum
1233 1099 1548 1180 (aestuario
1575 1125 1793 1163 nomen
1817 1106 1931 1187 est)

86 1194 448 1253 nationibus,
547 1213 661 1269 qua
715 1189 1034 1247 formidine
1089 1189 1278 1245 territi
1339 1186 1536 1247 hostes
1591 1211 1931 1269 quanquam

89 1279 486 1336 conflictatum
544 1277 731 1333 saevis
778 1274 1216 1350 tempestatibus
1279 1276 1596 1333 exercitum
1651 1277 1931 1336 lacessere

87 1385 210 1420 non
261 1363 406 1422 ausi.
491 1361 899 1437 ponendisque
944 1360 1187 1434 insuper
1225 1361 1475 1416 castellis
1510 1363 1762 1436 spatium
1797 1365 1932 1425 fuit.

88 1450 451 1505 adnotabant
483 1447 657 1522 periti
687 1467 812 1503 non
838 1445 1018 1502 alium
1045 1446 1253 1501 ducem
1281 1447 1749 1521 opportunitates
1772 1449 1935 1507 loco-

87 1555 221 1590 rum
271 1533 592 1609 sapientius
644 1532 867 1605 legisse.
963 1531 1198 1586 nullum
1236 1531 1309 1586 ab
1347 1528 1625 1604 Agricola
1672 1534 1931 1607 positum

91 1620 392 1675 castellum
428 1629 529 1675 aut
565 1618 624 1673 vi
661 1613 921 1673 hostium
970 1626 1365 1690 expugnatum
1407 1628 1508 1673 aut
1554 1618 1824 1692 pactione
1865 1641 1932 1677 ac

89 1705 225 1777 fuga
258 1705 570 1762 desertum.
657 1703 893 1758 crebrae
926 1700 1291 1777 eruptiones3
1336 1721 1474 1758 nam
1500 1703 1778 1760 adversus
1804 1725 1936 1763 mo-

148 1925 400 1981 anteserre.
468 1924 573 1968 Non
604 1923 848 1980 praeferre
863 1957 876 1979 ‚
930 1931 982 1966 ut

92 1985 147 2028 sit
173 1982 401 2027 iudicandi
427 1984 644 2030 verbum,
685 1983 761 2025 sed
792 1983 978 2040 προφέ-

92 2055 211 2097 ρειν,
262 2040 376 2083 ultra
410 2038 649 2082 Gallorum
684 2038 829 2083 studia
866 2056 975 2098 pro-

90 2101 229 2148 ferre,
276 2105 326 2139 ut
366 2097 420 2139 sit
458 2097 646 2139 verbum
680 2098 857 2155 agendi.
915 2097 977 2140 cf.

91 2154 289 2199 Walcb.
312 2155 368 2197 ad
389 2154 434 2197 h.
460 2153 490 2197 l.

149 2239 228 2294 qui
236 2269 246 2282 .
261 2270 273 2283 .
288 2239 497 2292 linguam
509 2238 779 2281 Romanam
800 2240 976 2280 abnue·

91 2297 223 2339 bant.
291 2295 545 2346 Ernestius,
583 2295 977 2338 subitum-livorum

72 2358 265 2396 'amator
295 2352 373 2407 (cf.
397 2351 613 2395 Garaton.
649 2351 703 2394 ad
734 2351 828 2396 Cic.
864 2361 978 2395 orat.

92 2425 177 2469 pro
213 2409 371 2452 Plane.
409 2425 449 2452 c.
483 2410 570 2464 4.)‚
610 2409 849 2462 legendum
883 2425 978 2451 sua·

93 2476 210 2511 serat
244 2469 526 2521 abnuerent,
569 2465 690 2523 quod
716 2475 867 2522 postea
892 2468 981 2508 ab-

93 2531 299 2568 nuerant
319 2522 484 2582 corrigi
511 2523 663 2566 voluit.
726 2523 830 2566 Non
855 2539 982 2581 opus.

151 2610 407 2651 discessum
432 2609 497 2647 ad
517 2608 829 2649 delenimenta
856 2607 984 2649 vitio·

92 2681 210 2710 rum.
272 2663 469 2707 Pichena
493 2663 688 2707 coniecit
715 2669 983 2706 descensum

95 2729 111 2779 (
149 2737 228 2766 uae
256 2722 467 2765 vocabula
500 2737 628 2779 saepe
659 2721 903 2778 permutari
936 2721 982 2763 in

94 2782 123 2824 li
160 2779 221 2823 ris
266 2779 522 2821 docuerunt
563 2779 748 2836 interpr.
782 2778 835 2821 ad
870 2777 981 2822 Hor.

94 2839 177 2896 Ep.
203 2840 240 2888 1,
268 2835 408 2890 16,7.)
432 2851 524 2878 non
550 2837 615 2878 ele
649 2845 798 2888 anter,
831 2844 877 2878 ut
894 2835 981 2878 Er-

95 2893 240 2939 nestio
271 2892 526 2943 videbatur,
569 2854 645 2935 seg
677 2892 809 2936 male.
863 2908 982 2943 uam,

95 2950 264 2995 llertel.
291 2949 461 3007 inquit,
501 2951 643 2994 virtus
670 2966 758 2993 una
782 2959 871 3001 est,
907 2950 983 2995 vi-

95 3011 156 3052 tia
188 3007 434 3052 admodum
469 3008 617 3059 varia,
666 3008 712 3050 in
748 3023 858 3065 quae
895 3024 980 3066 pro

96 3081 176 3109 sua
221 3065 408 3122 quisque
457 3072 615 3108 natura
663 3064 979 3109 discesserunt.

95 3123 427 3166 Delenimenta
495 3137 603 3166 vero
675 3123 977 3182 (θέλγητρον,

95 3182 299 3238 θέλγμα)
322 3187 426 3222 sunt
449 3178 731 3222 invitamenta
753 3179 980 3233 vitiorum,

95 3254 166 3281 res
198 3253 297 3289 eae,
340 3235 501 3292 quibus
532 3236 673 3279 animi
706 3237 800 3279 miti
834 3245 982 3289 antur,

95 3295 364 3352 placantur,
427 3290 657 3336 molliores
712 3295 790 3337 red
827 3304 979 3339 untur.

94 3353 336 3410 Pet-peram
358 3366 464 3393 vero
489 3348 763 3402 Walchium
788 3360 982 3396 conten-

100 3410 240 3459 disse,
280 3407 445 3465 ubique
477 3406 525 3449 in
544 3406 687 3450 Taciti
713 3408 834 3451 libris
856 3425 979 3466 repe-

98 3465 181 3508 riri
200 3467 562 3512 delinimentum,
591 3465 823 3513 delinitus,
856 3467 977 3508 deti-

98 3524 221 3570 m're,
255 3522 390 3565 docui
423 3521 478 3565 ad
508 3520 602 3564 An.
635 3523 677 3573 2,
697 3521 768 3570 33.
811 3524 879 3572 11,
902 3523 974 3566 37.

98 3577 405 3623 Librariorum
441 3578 497 3623 ab
537 3593 689 3624 errore
727 3578 974 3639 profectam
1032 3578 1374 3639 firmabantur.

1050 1939 1144 1967 esse
1171 1940 1266 1967 eam
1294 1923 1518 1968 scribendi
1544 1925 1792 1979 rationem,
1828 1942 1935 1973 cum

1050 1981 1214 2024 Latinis
1238 1983 1487 2025 inauditum
1512 1983 1568 2026 sit
1596 1984 1782 2027 verbum
1803 1987 1937 2029 Iim‘re

1051 2040 1343 2082 ostenderunt
1376 2038 1722 2086 Drakenborch.
1756 2043 1810 2086 ad
1843 2043 1936 2087 Liv.

1049 2098 1088 2148 6,
1112 2096 1186 2139 30.
1213 2098 1253 2148 7,
1275 2095 1345 2139 38.
1371 2098 1413 2146 9,
1438 2099 1504 2141 11.
1564 2097 1735 2144 Duker.
1762 2101 1815 2143 ad
1838 2101 1937 2147 Liv.

1048 2156 1118 2205 39,
1143 2158 1208 2198 11.
1270 2155 1453 2211 Rupert.
1486 2155 1543 2199 ad
1567 2154 1665 2201 Liv.
1687 2156 1729 2209 4,
1755 2157 1824 2202 57.

1109 2223 1219 2267 CAP.
1243 2224 1314 2266 22.
1375 2239 1523 2267 novas
1545 2233 1704 2280 gentes
1730 2232 1935 2281 aperuit.

1051 2281 1356 2325 Vid..Passov.
1381 2282 1435 2324 ad
1459 2282 1619 2327 Germ.
1644 2300 1686 2342 p.
1701 2285 1773 2329 85.
1806 2284 1934 2333 Cort.

1050 2341 1101 2382 ad
1140 2340 1306 2382 Lucan.
1337 2340 1378 2390 4,
1412 2339 1513 2382 352.
1585 2341 1681 2385 Cic.
1724 2359 1808 2401 pro
1848 2342 1938 2404 leg,

1051 2396 1212 2440 Manil.
1252 2397 1294 2445 8,
1326 2397 1398 2439 21.
1435 2396 1812 2456 patefactumque
1850 2415 1941 2445 no-

1051 2459 1163 2496 stris
1182 2455 1434 2506 legionibus
1457 2469 1558 2497 esse
1577 2466 1791 2510 pontum.
1830 2457 1942 2503 Ter-

1053 2510 1454 2611 sslgggifflaeffiis
1473 2528 1617 2555 annus
1640 2523 1705 2557 est
1726 2517 1780 2560 ab
1804 2515 1866 2564 U.
1887 2518 1941 2564 C·

1110 2652 1249 2691 usque
1277 2639 1340 2677 ad
1364 2636 1534 2681 Taum.
1593 2670 1621 2688 ‚‚
1636 2640 1769 2686 MSS.
1797 2643 1943 2690 Vatic.

1057 2698 1121 2735 ad
1147 2695 1380 2736 (l'anaum.
1440 2696 1527 2738 Sed
1551 2696 1597 2739 in
1621 2701 1823 2758 margine
1834 2703 1940 2748 MS.

1057 2751 1203 2794 Vatie.
1241 2749 1370 2794 3429.
1414 2752 1629 2798 Taum.”
1687 2759 1941 2806 [trater.

1055 2807 1264 2851 Dronkio
1299 2816 1409 2852 teste
1441 2809 1542 2854 MS.
1575 2813 1673 2856 vat.
1708 2814 1836 2861 8429.
1876 2822 1945 2861 ad

1055 2867 1211 2908 Taum
1248 2866 1292 2908 iu
1326 2874 1472 2915 textu,
1512 2867 1559 2912 in
1586 2873 1789 2928 margine
1814 2875 1944 2919 Taus-

1053 2926 1149 2966 sive
1181 2922 1399 2975 Tanws;
1437 2924 1536 2970 MS.
1563 2927 1661 2971 Vat.
1685 2931 1812 2976 4498.
1840 2932 1938 2976 Ta-

1051 2995 1219 3023 naum.
1288 2980 1367 3023 Est
1401 2980 1535 3025 hodie
1565 2986 1692 3041 firth
1729 2990 1791 3046 os
1813 2989 1941 3046 Tay,-

1051 3037 1181 3080 multi
1206 3046 1477 3094 putaverunt
1499 3039 1730 3090 Taedam.

1051 3109 1322 3206 scastellzs.
1391 3107 1493 3154 Vet.
1527 3112 1631 3158 cod.
1667 3114 1825 3160 Ursini
1865 3126 1939 3162 te-

1070 3179 1110 3207 ts

1107 3196 1192 3264 aut
1208 3223 1422 3277 pactione
1440 3225 1649 3281 acfuga.
1678 3228 1759 3272 Ed.
1778 3229 1937 3275 Oberl.

1053 3295 1291 3337 operarum
1314 3282 1423 3326 vitio
1445 3284 1689 3339 masaga,
1722 3288 1844 3344 quod
1869 3305 1938 3332 re-

1051 3337 1276 3395 petierunt
1299 3337 1537 3385 Weikert.
1571 3342 1764 3387 Naudet.
1786 3343 1938 3388 Wei-

1051 3395 1156 3436 sius.
1191 3417 1244 3427 —
1304 3394 1396 3440 Pro
1423 3399 1472 3439 vi
1489 3397 1536 3441 in
1560 3399 1630 3443 ed.
1651 3399 1754 3444 Put.
1774 3401 1937 3449 Venet-

1049 3466 1300 3509 expressum
1325 3461 1391 3496 est
1411 3456 1523 3498 vim.

1104 3523 1296 3565 crebrae
1316 3526 1608 3578 eruptiones:
1636 3541 1751 3571 nam
1774 3560 1934 3580 .....

1480 3582 1657 3629 Ernest.
1681 3600 1694 3628 ε
1761 3619 1794 3644 ,,
1810 3602 1931 3635 nam
