2150 4022
395 251 518 314 DE
575 247 1106 311 GERMANIA
1181 247 1372 310 CAP.
1416 251 1514 310 30.
1559 252 1658 309 31.

1870 249 1947 311 7'1

93 393 240 447 duce
278 405 455 463 quam
496 383 559 439 in
597 367 871 440 exercitii.
959 399 1134 437 omne
1167 381 1352 437 robur
1387 381 1452 437 in
1491 380 1734 461 pedite,
1773 399 1949 458 quem

91 490 264 549 super
289 490 451 528 arma
480 466 852 524 ferramentis
879 484 1114 543 quoque
1146 476 1203 521 et
1229 466 1414 540 copiis
1440 476 1709 525 onerant.

90 560 165 616 ad
191 556 483 632 proelium
510 553 596 609 ire
630 552 860 620 videam,
909 548 1112 608 Cattos
1147 551 1222 606 ad
1256 550 1498 607 bellurn.

894 635 1253 712 equestrium
1292 654 1430 691 sane
1464 635 1686 693 virium
1714 635 1776 692 id
1805 656 1947 711 pro-
2012 682 2026 686 t.

69 636 188 700 'sus
226 655 282 700 et
313 640 554 698 fortuita
591 650 808 713 pugna.

86 729 314 803 prium,
376 726 490 782 cito
532 743 743 798 parare
779 721 1120 790 victoriam,
1183 720 1299 776 cito
1347 722 1568 779 cedere.

1795 466 1949 522 alios

1583 551 1706 607 rari
1743 569 1947 609 excur—

1667 722 1946 777 velocitas

88 814 246 870 iuxta
267 809 679 878 formidinem,
722 807 1015 864 cunctatio
1044 805 1288 882 propior
1313 806 1673 862 constantiae
1701 818 1800 863 est.

253 941 478 1007 XXXI.
562 943 643 1003 Et
709 945 840 1002 aliis
898 941 1335 1003 Germanorum
1395 943 1631 1018 populis
1694 915 1945 1019 usurpa—-

88 1046 214 1092 tum
267 1054 402 1090 raro
471 1044 528 1090 et
583 1030 812 1107 privata
867 1030 1150 1107 cuiusque
1205 1028 1482 1086 audentia
1537 1029 1695 1104 apud
1743 1027 1944 1087 Cattos

119 1283 233 1325 rium
268 1280 520 1324 institutum
553 1277 723 1322 laudari
760 1278 974 1338 potuisse.

85 1299 307 1386 ssersuasit
338 1337 492 1380 Hessio
529 1336 605 1392 (cf.
635 1336 762 1381 Varr.
806 1336 895 1379 LL.
927 1338 978 1384 L,

84 1414 129 1455 p.
161 1397 279 1452 32),
331 1393 586 1446 Walchio‚
635 1393 715 1452 qui
762 1395 977 1451 interpre-

82 1463 199 1498 tatus
231 1462 320 1496 est:
361 1456 461 1507 und
491 1467 595 1496 was
625 1466 678 1494 so
708 1454 880 1502 selten,
917 1451 976 1503 ja

73 1514 206 1570 fast
247 1526 338 1552 nur
374 1512 634 1552 romische-r
670 1509 978 1562 Kriegszuclzt

86 1571 315 1611 verliehen
359 1571 438 1610 ·1'st
499 1575 583 1610 etc.
655 1575 697 1609 et
753 1566 972 1623 Sellingio

85 1628 116 1670 l.
163 1625 192 1667 l.
240 1643 284 1683 p.
323 1624 394 1668 24.
473 1626 530 1667 At
571 1623 685 1666 illud
722 1623 833 1677 fast
879 1638 974 1664 non

77 1685 219 1730 inest,
252 1699 334 1726 nec
358 1681 519 1725 Orellii
545 1681 678 1725 verba
703 1696 850 1722 veram
873 1680 976 1722 Pas-

84 1740 190 1783 sovii
216 1739 478 1782 senteutiam
506 1738 563 1781 ita
593 1737 898 1790 infregerunt,
932 1745 979 1780 ut

83 1806 259 1854 recepta
291 1798 508 1854 scriptura
539 1796 626 1838 iam
656 1793 797 1837 deseri
823 1794 978 1851 possit.

83 1856 227 1898 Ratio
266 1857 532 1907 disciplinae
571 1856 638 1906 (ut
679 1852 806 1893 ratio
849 1855 978 1893 ducis

83 1915 191 1969 Agr.
233 1927 272 1954 c.
307 1912 392 1967 18.)
434 1917 498 1951 est
538 1910 679 1952 iustus
713 1916 755 1950 et
784 1909 975 1951 consilio

81 1969 309 2012 institutus
354 1969 467 2011 ordo
507 1966 792 2024 disciplinae,
845 1966 974 2010 disci-

81 2026 202 2084 plina
251 2027 365 2068 bene
414 2023 671 2067 constituta.
743 2022 803 2066 cf.
846 2023 975 2067 Hart-

82 2100 234 2127 mann.
258 2083 504 2130 Observv.,
536 2083 587 2125 P.
612 2081 665 2125 ll.
690 2097 730 2140 p.
757 2083 822 2124 10.

505 2165 607 2210 MS.
649 2165 813 2224 stuttg.
864 2180 974 2208 con-

138 2182 423 2211 concessum.

79 2239 293 2268 8812811111.
371 2256 375 2259 1

139 2311 186 2352 in
203 2312 375 2365 pedite.
434 2309 520 2352 Ed.
544 2308 709 2351 Vienn.
737 2309 972 2362 impedite.

81 2369 251 2412 Solent..
282 2366 404 2410 enim
446 2365 628 2423 quidam
666 2364 768 2407 libri
803 2373 977 2410 veteres

82 2425 273 2468 litteram
295 2439 327 2465 n
350 2432 449 2467 ante
470 2439 504 2478 p
527 2430 783 2466 constanter
806 2430 977 2466 vertere

80 2485 127 2526 in
162 2497 233 2531 m,
292 2482 422 2524 etiam
456 2482 502 2522 in
539 2479 870 2538 praepositione
907 2481 971 2534 in,

81 2539 202 2599 quod
232 2539 420 2582 vidimus
442 2540 488 2580 in
520 2537 622 2580 cod.
647 2535 799 2580 Guelf.
835 2554 844 2559 ·
866 2537 973 2579 inde

81 2597 370 2655 corruptione
412 2594 583 2638 factum
629 2603 694 2637 est
735 2595 974 2649 impedire,

82 2654 201 2714 quod
231 2661 367 2697 exstat
391 2651 438 2695 in
461 2653 530 2695 ed.
555 2651 696 2695 Paris.

126 2738 445 2794 ferramenta.
505 2735 563 2779 cf.
598 2734 724 2780 Caes.
758 2735 812 2779 B.
847 2735 903 2777 G.
932 2735 972 2782 5,

77 2797 147 2840 42.
179 2796 274 2838 Sed
303 2797 437 2837 nulla
470 2795 541 2835 his
572 2792 779 2849 (Nerviis)
801 2793 970 2848 serra-

80 2862 346 2896 mentorum
391 2853 521 2907 copia
534 2885 544 2900 ,
593 2866 711 2906 quae
752 2858 867 2894 esset
910 2854 974 2892 ad

79 2914 197 2954 huno
234 2925 366 2952 usum
405 2908 477 2963 (ad
498 2907 669 2951 ‘vallum
704 2916 747 2950 et
780 2906 973 2960 fossam)

80 2972 277 3012 idonea.-
305 2966 474 3021 gladiis
499 2967 714 3020 caespites
734 2968 970 3007 circumci-

36 3064 41 3066 s
80 3031 216 3072 dere,
253 3026 469 3066 manibus
490 3024 758 3079 sagulisque
787 3032 972 3064 terram

83 3083 336 3126 exhaurire
372 3082 671 3135 cogebantur.
747 3079 897 3138 Veget.
931 3082 972 3129 Q,

80 3141 152 3184 25.

140 3228 354 3264 onerant.
412 3221 488 3266 Sic
508 3221 644 3264 MSS.
659 3221 832 3264 Vaticc.
851 3220 972 3262 1862.

80 3280 210 3323 2964.
248 3287 291 3322 et
328 3279 456 3324 4498.
499 3279 592 3322 Lon
628 3278 688 3322 ol.
740 3278 969 3321 flammei.

82 3339 244 3394 stuttg.
281 3337 385 3380 edd.
417 3337 560 3379 Paris.
598 3295 806 3379 glorium.
840 3336 974 3378 Rom.

84 3403 129 3437 et
150 3395 307 3437 deinde
319 3393 630 3449 Lips.Ernest.
649 3394 771 3435 Brot.
793 3409 891 3450 sqq.
917 3414 970 3424 -

83 3460 335 3493 mouerant
349 3452 450 3494 MS.
464 3450 576 3493 Tur.
598 3450 698 3493 edd.
711 3450 825 3507 Spir.
843 3450 970 3492 Kath.

85 3507 187 3550 Put.
205 3507 271 3551 M.
294 3517 336 3551 et
363 3510 418 3551 V.
455 3507 660 3550 Beroald.
695 3508 791 3550 Ale.
825 3507 968 3549 Rhen-

22 3567 27 3573 '
86 3564 189 3608 Atd.
213 3564 386 3623 Micy-ll.
405 3563 788 3610 Viteb.Melanth.
805 3573 847 3608 et
868 3571 968 3621 post

1049 1276 1250 1336 Lipsium
1278 1275 1380 1320 edd.
1398 1276 1532 1321 Pich.
1559 1276 1740 1321 Gruter.
1768 1293 1866 1336 sqq.
1892 1277 1946 1320 ad

1048 1335 1322 1379 Ernestium.

1092 1418 1225 1469 *alios
1269 1422 1334 1461 ad
1375 1420 1613 1474 proelium
1655 1420 1726 1462 ire
1771 1421 1946 1468 videas,

1052 1475 1211 1519 Cattos
1261 1479 1326 1517 ad
1375 1479 1566 1520 bellum.
1643 1477 1704 1521 cf.
1751 1487 1846 1522 not.
1893 1479 1948 1522 ad

1047 1533 1161 1576 Hist.
1185 1535 1227 1582 2,
1248 1534 1322 1577 40.
1679 1550 1682 1562 ·

1104 1608 1280 1647 cedere.
1350 1605 1437 1649 Ed.
1466 1606 1584 1663 Spir.
1622 1609 1805 1670 cistere}
1846 1608 1946 1650 vul-

1048 1662 1139 1718 gari
1175 1661 1463 1709 confusione.
1517 1663 1731 1708 Ceterum
1763 1665 1817 1707 de
1839 1664 1945 1708 Cat-

1050 1719 1103 1760 tis
1135 1719 1242 1762 haec
1276 1720 1409 1762 etiam
1445 1721 1599 1777 accipe
1633 1722 1765 1764 dicta.
1833 1722 1948 1766 Sunt

1052 1777 1126 1830 qui
1152 1784 1307 1833 putent
1325 1776 1471 1819 inesse
1490 1779 1754 1821 sententiam
1780 1778 1828 1821 in
1849 1779 1949 1822 uni·

1049 1850 1225 1875 versum
1249 1834 1600 1890 pronuntiatam.
1639 1836 1708 1880 οἱ.
1725 1836 1948 1892 Dilthejus

1047 1899 1091 1932 et
1117 1889 1384 1933 Rieklefsius
1417 1891 1473 1934 ad
1506 1892 1548 1934 h.
1579 1891 1608 1936 l.
1668 1892 1840 1937 Verum
1863 1893 1947 1938 Ta-

1047 1947 1162 2048 Eitus
1196 1963 1290 1990 non
1325 1947 1573 1993 delectatur
1608 1951 1754 1994 verbis
1790 1951 1947 1996 inani-

1080 2021 1147 2048 us.

1105 2077 1326 2118 velocitas
1369 2107 1382 2119 .
1419 2108 1430 2120 .
1464 2110 1477 2123 .
1527 2080 1820 2121 constantiae
1863 2087 1944 2123 est.

1048 2133 1105 2177 cf.
1142 2134 1233 2177 Au.
1270 2134 1311 2184 6,
1341 2134 1415 2177 42.
1446 2136 1572 2178 Nam
1600 2139 1768 2189 populi
1795 2137 1942 2190 impe-

1047 2191 1176 2234 rium
1200 2191 1338 2233 iuxta
1362 2193 1653 2243 libertatem,
1679 2209 1943 2247 paucorum

1047 2251 1307 2292 dominatio
1345 2252 1503 2304 regiae
1539 2252 1722 2292 libidini
1745 2253 1940 2304 propior

1049 2315 1134 2350 est.
1204 2306 1326 2350 Haec
1367 2308 1499 2349 etiam
1538 2308 1676 2351 verba
1714 2308 1768 2350 de
1804 2309 1944 2352 Cattis

1050 2365 1225 2415 valent,
1256 2373 1305 2407 ut
1328 2364 1547 2422 intelligas
1571 2364 1687 2422 apud
1712 2380 1812 2413 eos,
1833 2365 1877 2408 h.
1901 2382 1939 2409 e.

1048 2438 1206 2465 eorum
1241 2422 1476 2479 opinione,
1515 2422 1791 2464 velocitatem
1822 2422 1941 2465 iuxta

1046 2479 1366 2529 formidinem,
1396 2479 1725 2521 cunctationem
1753 2481 1943 2536 propio-

1045 2552 1141 2579 rem
1165 2535 1438 2578 constantiae
1463 2535 1630 2579 haberi.
1687 2535 1765 2580 Sic
1779 2536 1943 2580 Noster

1044 2593 1149 2635 infr.
1172 2608 1214 2636 c.
1238 2592 1310 2635 35.
1342 2595 1390 2634 id
1417 2593 1724 2646 praecipuum
1759 2595 1941 2636 virtutis

1044 2668 1099 2692 ac
1125 2651 1295 2692 virium
1320 2658 1651 2704 argumentum
1678 2659 1771 2703 est,
1799 2650 1940 2695 intell.

1043 2708 1158 2763 apud
1189 2707 1406 2750 Chaucos.
1439 2731 1496 2740 -
1554 2707 1782 2763 Proprior
1806 2718 1938 2753 exstat

1044 2766 1091 2807 in
1119 2765 1220 2808 cod.
1246 2764 1469 2810 Hummel.

1100 2849 1346 2892 cunctatio.
1405 2848 1488 2891 Ed.
1515 2846 1634 2907 Spir.
1659 2852 1883 2894 cantatio·-

1102 2932 1214 2976 CAP.
1235 2931 1304 2975 31.
1350 2930 1410 2974 Et
1430 2933 1535 2975 aliis
1558 2963 1669 2975 .....
1695 2933 1857 2985 vertit,
1887 2942 1936 2976 ut

1036 2992 1251 3045 ,orimum
1280 2997 1366 3032 etc.
1426 2989 1612 3032 Veteres
1644 2990 1747 3033 libri
1784 2990 1934 3035 locum

1045 3047 1164 3093 varie
1204 3047 1428 3093 dividunt.
1500 3047 1617 3090 Edd.
1653 3048 1769 3105 Spir.
1804 3048 1934 3097 Kath.

1044 3107 1146 3148 Put.
1179 3104 1247 3146 M.
1273 3113 1314 3147 et
1339 3104 1393 3148 V.
1426 3112 1591 3162 puncta
1624 3113 1800 3162 ponunt
1832 3115 1934 3148 ante.

1042 3178 1157 3205 rara
1200 3171 1243 3203 et
1285 3170 1385 3220 post
1433 3163 1590 3204 vertit.
1679 3161 1934 3205 Posteriora

1047 3220 1146 3262 loco
1197 3227 1432 3277 sequentes
1478 3220 1669 3262 editores
1715 3228 1931 3276 punctum

1027 3286 1264 3319 ¹commate
1288 3285 1534 3324 mutarunt.
1594 3276 1677 3320 Ed.
1703 3277 1840 3319 Paris.
1866 3284 1934 3318 est

1042 3342 1087 3375 et
1106 3334 1215 3376 aliis
1232 3334 1580 3377 Germanorum
1601 3335 1780 3388 postolis
1802 3347 1932 3375 usur·

1038 3400 1235 3445 patum:
1298 3405 1417 3433 rara
1465 3393 1701 3433 audentia.
1790 3392 1932 3444 Apud

1045 3449 1232 3492 Chattos
1252 3456 1339 3492 etc.
1398 3447 1639 3491 Rhenanus
1659 3463 1778 3490 anno
1803 3447 1928 3491 1533.

1041 3505 1202 3548 edidit:
1251 3506 1543 3549 constantiae
1578 3511 1662 3547 est.
1732 3504 1791 3546 Et
1825 3506 1931 3548 aliis

1042 3565 1396 3607 Germanorum
1421 3563 1610 3618 populls
1639 3571 1930 3618 usurpatum,
