2150 4022
363 209 667 270 mne-x
743 181 1583 301 ADNOTATIONUM.

34 315 247 438 ανὲψεὲε
260 336 386 380 conf.
399 351 504 380 cum
519 336 734 389 abripere
744 331 800 377 H.
812 331 855 387 3,
870 333 936 376 17.

38 424 200 497 Arrius
227 451 484 495 Antoninus
507 449 564 492 H.
589 451 629 504 1,
647 449 722 492 77.

40 510 201 554 Arrius
226 507 448 551 Varusfl.
469 508 513 564 4,
534 507 605 550 39.

38 569 89 611 L.
112 566 357 610 Arruntius
391 567 481 608 An.
515 564 558 619 3,
597 565 663 606 11.
724 564 779 606 de
809 579 936 607 nom.

39 627 317 726 Δεοπίρωὲε
333 624 433 722 5Αῐὲ.
465 626 503 677 1,
530 623 599 666 13.
631 622 673 676 6,
697 622 769 665 47.

86 697 232 725 rsaces
297 710 310 723 ο
360 711 375 736 ,
427 709 440 724 ο

41 739 283 782 Arsacidae
304 738 391 780 An.
409 738 459 787 2,
487 740 526 780 1.

42 796 331 840 Arsamosata
347 825 361 847 ,

99 854 190 897 An.
218 854 287 908 15,
314 854 380 894 10.

45 910 236 954 Arsania
258 911 427 953 flumen
453 909 540 953 An.
570 908 636 965 15,
661 911 730 953 15.

47 970 332 1023 Artabanus,
355 969 414 1009 -de
442 969 598 1023 script.
623 970 714 1012 An.
737 970 780 1023 2,
801 966 846 1010 3.

46 1027 279 1080 Artaxata,
334 1026 388 1067 de
420 1026 585 1066 ‹le-elin.
622 1025 752 1067 huius
785 1025 942 1068 vocab.

105 1085 195 1125 An.
221 1084 264 1139 2,
286 1083 356 1126 56.

47 1140 274 1195 Artaxias,
325 1134 534 1196 Ἀρτάξης
578 1139 667 1183 An.
711 1139 755 1193 2,
803 1138 847 1182 3.
904 1154 944 1182 ν.

106 1197 279 1244 Theod.
312 1198 593 1242 Schmidium
629 1197 686 1240 ad
719 1197 831 1240 Hor.
856 1196 942 1255 Ep.

109 1255 142 1310 1,
168 1256 236 1310 12,
258 1257 332 1299 26.

51 1320 187 1356 artus
223 1315 417 1356 obiicere
455 1312 545 1356 An.
579 1314 623 1367 2,
661 1313 758 1366 15„
807 1313 944 1358 dativ.

107 1373 306 1413 artubus
327 1379 370 1413 et
392 1372 572 1411 artibus
594 1375 684 1412 An.
701 1370 770 1424 15,
782 1370 850 1412 64.
887 1371 952 1414 cf.

109 1426 374 1471 Schneider.
393 1427 464 1469 lat.
481 1426 710 1470 Formenl.
727 1430 763 1471 Ι.
791 1444 832 1485 p.
847 1428 945 1471 337.

53 1494 212 1536 artus,
257 1485 312 1527 de
338 1485 500 1528 adieet.
537 1485 756 1541 scriptura
789 1489 878 1528 An.
906 1487 949 1540 2,

111 1542 190 1584 66.
211 1542 254 1596 4,
274 1542 346 1586 32.
369 1542 439 1584 49.
469 1541 539 1583 58.
585 1544 651 1596 12,
672 1543 738 1586 63.
786 1544 854 1597 13,
874 1544 945 1585 28.

112 1599 185 1644 38.
219 1602 286 1653 14,
303 1601 346 1641 4.
390 1599 443 1643 H.
460 1598 502 1653 3,
520 1598 594 1643 47.
627 1604 671 1653 4,
687 1601 756 1642 26.
789 1600 948 1645 Germ.

115 1658 184 1701 17.
208 1658 279 1699 20.
341 1674 378 1698 v.
406 1657 635 1699 Drakenb.
668 1659 722 1700 ad
745 1657 825 1700 Sil.
855 1659 951 1700 ltal.

115 1715 214 1767 Vll,
250 1711 356 1758 280.
419 1713 544 1756 Cort.
589 1715 642 1756 ad
688 1715 801 1758 Sall.
851 1717 949 1772 lug.

114 1789 154 1815 c.
179 1774 248 1815 52.
307 1780 445 1815 artae
476 1787 553 1812 res
586 1772 639 1813 H.
667 1774 706 1826 4,
732 1774 799 1816 50.
861 1787 945 1814 01·-

116 1838 188 1873 tus
210 1840 253 1872 et
275 1833 403 1872 altus
425 1829 549 1871 conf.
574 1829 630 1876 H.
654 1832 695 1884 2,
716 1832 786 1873 24.

57 1890 289 1936 Arulenus
317 1886 369 1930 H.
394 1887 439 1930 3.
463 1888 537 1930 80.

59 1963 176 1991 arva
201 1955 244 1988 et
265 1959 407 1986 arma
433 1945 556 1987 conf.
586 1947 696 2001 Agr.
722 1946 793 1989 31.

57 1998 153 2049 arx
177 2003 283 2061 quid
315 2002 371 2043 sit
399 2003 480 2043 An.
508 2005 576 2058 14,
601 2003 675 2045 31.
735 2018 818 2060 per
850 2018 950 2045 me-

113 2063 347 2119 taphoram
373 2058 541 2101 diet'um
567 2059 696 2104 Orat.
725 2064 790 2103 10.
845 2077 949 2103 cum

114 2134 206 2162 ara
230 2116 354 2161 conf.
379 2120 466 2159 An.
496 2121 563 2173 14,
583 2117 652 2160 31.

60 2179 338 2227 ascendere,
372 2189 464 2219 uon
492 2178 771 2217 adscendere
796 2177 884 2217 An.
913 2178 954 2230 5,

120 2237 186 2276 10.
207 2230 329 2275 conf.
345 2246 446 2273 cum
472 2237 712 2274 escendere
728 2235 816 2276 An.
833 2233 900 2288 13,
913 2233 953 2274 5.

60 2304 280 2333 ascensus
306 2291 394 2330 An.
423 2287 490 2343 13,
510 2287 583 2330 39.

61 2345 379 2404 Asciburgium
409 2343 567 2389 Germ.
594 2344 636 2389 3.

62 2407 213 2447 ascire
237 2406 342 2460 Agr.
369 2403 436 2444 19.

63 2463 241 2513 Cassius
261 2461 608 2516 Asclepiodotus
632 2462 720 2503 An.
750 2462 814 2515 16,
837 2459 910 2503 33.

45 2522 166 2563 'Asia
181 2549 195 2575 ,
214 2523 309 2576 apro
333 2519 443 2561 Asia
466 2518 642 2561 minore
669 2521 758 2561 An.
786 2524 829 2574 2,
851 2520 924 2564 47.

432 794 665 853 quomodo
712 793 937 838 scribatur

63 2579 256 2631 Asitius,
297 2578 437 2619 oratio
473 2584 632 2619 contra
670 2592 770 2618 eum
808 2576 978 2619 habita-

121 2635 248 2679 Orat.
271 2633 345 2676 21.

64 2693 213 2736 asinus
237 2708 258 2734 a
284 2691 458 2734 Iudaeis
481 2691 628 2734 cultus
654 2690 712 2734 H.
735 2692 774 2744 5,
797 2691 839 2733 4.

64 2752 335 2804 aspernari,
376 2765 421 2793 v.
459 2765 563 2792 usus
598 2751 683 2791 An.
709 2749 749 2793 3.
770 2751 842 2791 21.
896 2747 957 2790 'de

120 2808 338 2862 scriptura
367 2807 451 2849 An.
478 2809 517 2848 1.
546 2806 611 2848 16.

48 2871 319 2917 'asportare
341 2865 431 2906 An.
459 2865 527 2919 16,
550 2866 619 2909 11.

67 2928 200 2963 astus
228 2923 312 2962 An.
342 2923 408 2976 12,
431 2921 499 2964 33.

69 2978 316 3079 asjllrgdegcgn
337 2978 495 3045 Tacito
518 2979 841 3079 freqilienshArg
859 2977 958 3078 4⁹4}

187 3066 197 3076 .
296 3066 304 3076 .
368 3053 415 3078 m
480 3046 619 3079 artieu
642 3052 677 3078 is
761 3065 773 3078 .
810 3059 850 3083 a,
946 3065 958 3078 .

126 3092 186 3136 ef.
238 3052 476 3140 Ruddim.p
506 3095 616 3136 Inst.
667 3109 734 3151 gr.
798 3092 855 3135 T.
903 3094 961 3135 ll.

70 3166 332 3251 atpconsus.
367 3223 469 3250 cum
495 3223 550 3249 ac
570 3208 661 3253 An.
688 3211 727 3263 1,
748 3210 789 3251 2.
815 3207 886 3250 36.
920 3210 962 3262 2,

128 3265 201 3309 45.
244 3267 286 3318 6,
306 3264 378 3308 22.
414 3267 481 3320 11,
505 3265 573 3308 37.
609 3266 675 3321 13,
697 3267 768 3308 21.
789 3267 861 3309 26.
895 3267 961 3312 14,

130 3322 204 3365 64.
235 3323 292 3366 Η.
320 3323 358 3377 1,
380 3322 450 3364 20.
484 3345 534 3354 --
598 3339 700 3366 eum
722 3324 962 3379 atqueAn.

134 3381 202 3434 12,
223 3381 293 3423 20.
355 3395 460 3422 cum
485 3387 570 3422 aut
595 3381 682 3423 An.
706 3381 777 3433 13,
794 3383 867 3423 21.
912 3379 965 3423 Η.

132 3438 176 3490 4,
201 3437 272 3480 60.
331 3452 435 3480 cum
472 3444 515 3478 et
550 3439 636 3479 An.
667 3439 735 3493 12,
768 3441 804 3481 1.
848 3437 904 3481 Η.
925 3439 967 3490 4,

138 3494 206 3536 14.
263 3500 316 3536 at
334 3492 712 3541 certeGerm.33.
770 3503 822 3537 αι
844 3497 966 3537 em'm

137 3554 226 3597 An.
264 3551 307 3605 4,
350 3552 422 3595 40.
492 3560 545 3594 at
586 3551 858 3596 nunc'cum
913 3566 968 3593 ac

1773 211 1899 271 427

1064 353 1186 381 nunc
1208 338 1332 381 conf.
1358 337 1466 396 Agr.
1487 336 1559 380 39.
1621 341 1674 378 at
1696 338 1740 378 si
1766 345 1810 380 et
1843 352 1902 380 ac

1064 395 1108 438 si
1142 394 1267 438 conf.
1310 397 1398 437 An.
1439 397 1508 450 11,
1545 394 1615 438 16.
1691 391 1803 437 Vide
1847 395 1904 437 de

1067 452 1150 495 hac
1195 451 1412 509 particula
1444 452 1719 510 disputantes
1753 450 1903 495 Hand.

1067 510 1115 553 in
1159 509 1351 552 Tursell.
1396 509 1500 552 Vol.
1543 510 1578 553 1.
1624 524 1670 566 p.
1717 509 1814 551 417.
1862 517 1906 552 et

1068 565 1304 624 Wagner.
1317 565 1662 624 Quaest.Virgil.
1679 565 1907 609 XXXVII.

1009 632 1202 677 atavus,
1234 623 1288 666 de
1311 623 1458 681 signif.
1474 625 1560 666 An.
1578 625 1648 678 14,
1665 623 1733 667 53.
1780 621 1904 667 conf.

1068 698 1171 725 cum
1200 684 1380 723 abavus
1400 683 1487 725 An.
1512 681 1582 737 15,
1603 680 1674 724 35.

1009 741 1162 782 Ateste
1191 739 1244 780 H.
1268 737 1309 786 3,
1332 739 1375 780 6.

1010 798 1060 840 P.
1086 796 1277 838 Atel‘lius
1302 795 1453 838 Hister
1482 795 1570 839 An.
1597 796 1663 848 12,
1678 796 1759 843 29.
1883 850 1886 852 v

1013 854 1304 898 Athenienses
1354 854 1402 894 in
1446 852 1637 898 civitatis
1683 854 1778 896 iure
1819 853 1906 896 tri-

1032 962 1035 966 st
1070 912 1249 954 buendo
1279 908 1484 952 liberales
1511 911 1602 954 An.
1622 911 1664 960 2,
1688 912 1758 954 58.

1015 968 1176 1011 Atilius
1200 967 1432 1010 Colatinus
1457 969 1543 1010 An.
1566 969 1606 1018 2,
1630 969 1702 1011 49.

1015 1026 1180 1069 Atilius
1206 1023 1407 1082 Vergilio
1433 1025 1485 1068 H.
1509 1026 1548 1075 1,
1571 1026 1642 1068 41.

1017 1084 1153 1126 Atilia
1179 1084 1270 1126 An.
1298 1084 1365 1132 15,
1387 1083 1458 1126 56.
1482 1082 1553 1124 71.

1015 1148 1155 1197 atque
1190 1155 1270 1198 pro
1304 1141 1450 1182 etiam
1481 1140 1648 1182 dictum
1680 1138 1737 1183 H.
1768 1138 1810 1189 3,
1836 1138 1912 1181 71.

1074 1198 1195 1241 conf.
1232 1213 1335 1240 cum
1371 1213 1427 1239 ac
1455 1196 1510 1239 H.
1541 1196 1584 1247 3,
1615 1196 1657 1237 3.
1720 1213 1821 1239 curn
1859 1202 1914 1237 at

1072 1258 1159 1299 An.
1187 1255 1254 1307 12,
1273 1256 1346 1298 20.
1412 1270 1514 1297 cum
1554 1261 1696 1309 utque
1728 1255 1816 1296 An.
1845 1252 1914 1305 13,

1075 1315 1144 1356 54.
1203 1321 1341 1369 atque
1366 1313 1479 1354 haec
1505 1311 1590 1354 An.
1620 1313 1661 1362 4,
1690 1314 1757 1356 12.
1844 1356 1848 1359 ,

1020 1372 1171 1427 atqui,
1203 1378 1315 1428 part.
1344 1369 1408 1412 vis
1432 1370 1540 1425 Agr.
1564 1370 1635 1411 30.

1019 1437 1234 1473 attamen
1262 1436 1305 1470 et
1332 1434 1572 1473 actamen
1598 1425 1721 1469 eon-f.
1740 1425 1831 1469 An.
1851 1425 1917 1477 14,

1075 1488 1145 1529 21.
1171 1485 1242 1527 55.
1304 1485 1362 1529 cf.
1389 1485 1471 1526 sub
1500 1499 1571 1525 ac.

1022 1545 1166 1592 Attia,
1196 1552 1335 1584 mater
1358 1541 1550 1599 Augusti
1576 1540 1708 1596 Orat.
1735 1541 1807 1583 28.

1023 1603 1208 1645 Atticus
1242 1599 1367 1643 conf.
1403 1614 1509 1642 cum
1537 1601 1760 1654 antiquus
1784 1597 1916 1642 Orat.

1023 1717 1223 1758 attineri
1244 1717 1333 1757 An.
1361 1713 1426 1764 15,
1450 1713 1520 1756 57.

973 1815 976 1817 .
1023 1773 1170 1817 Attius
1184 1806 1196 1824 ‚
1229 1772 1284 1814 de
1303 1770 1500 1813 nominis
1524 1772 1679 1828 script.
1697 1769 1825 1814 Orat.
1843 1772 1916 1814 20.

1077 1831 1179 1872 add.
1205 1829 1549 1872 Drakenborch.
1576 1831 1632 1872 ad
1657 1827 1752 1871 Li‘v.
1783 1830 1818 1882 l,
1842 1829 1918 1871 36.

1076 1887 1249 1931 Duker.
1287 1887 1340 1928 ad
1374 1886 1498 1930 Flor.
1534 1887 1571 1942 l,
1603 1887 1643 1934 6,
1677 1887 1721 1928 4.
1772 1886 1920 1929 Beier.

1059 1947 1134 1988 'ad
1172 1945 1268 1989 Cic.
1307 1942 1398 1986 Off.
1434 1943 1511 1986 ΙΙΙ.
1553 1960 1598 2002 p.
1631 1942 1730 1987 343.
1774 1958 1921 2001 nuper

1080 2003 1292 2053 fuerunt,
1342 2000 1418 2058 qui
1464 2017 1554 2044 scr.
1589 2003 1754 2044 Accius
1787 2017 1921 2058 prae-

1081 2060 1253 2113 ferrent
1297 2075 1343 2100 ex
1389 2058 1781 2115 praestantissimis
1823 2057 1921 2101 Cic.

1083 2118 1245 2165 codd.,
1278 2118 1327 2158 ut
1351 2115 1493 2158 Orell.
1520 2116 1784 2159 Steinmetz.
1810 2115 1868 2159 al.
1951 2155 1955 2160 .

1025 2178 1245 2218 attollere
1271 2176 1354 2216 An.
1384 2174 1451 2225 15,
1476 2173 1546 2215 30.

1026 2232 1231 2276 attractio
1261 2246 1473 2288 pronom.
1504 2229 1681 2277 relativ.
1707 2230 1763 2274 H.
1782 2232 1824 2283 2,
1849 2229 1921 2275 84.

1026 2291 1219 2331 attritus
1245 2289 1300 2330 H.
1327 2288 1367 2338 1,
1389 2290 1460 2330 10.

1026 2347 1160 2388 Attus
1187 2345 1372 2397 Clausus
1394 2345 1486 2387 An.
1509 2345 1551 2396 4,
1574 2346 1618 2388 9.

1027 2405 1180 2445 auctio
1206 2412 1246 2443 et
1274 2404 1392 2443 actio
1417 2402 1540 2444 conf.
1567 2403 1621 2445 H.
1645 2407 1682 2459 1,
1709 2405 1783 2448 20.
1816 2420 1923 2448 cum

1085 2461 1268 2501 exactio
1295 2458 1418 2500 conf.
1446 2461 1556 2516 Agr.
1583 2461 1651 2505 19.

1027 2519 1259 2558 auctitare
1286 2518 1374 2558 An.
1396 2516 1437 2564 6,
1460 2520 1528 2561 16.

1028 2583 1191 2616 auctor
1233 2581 1274 2614 et
1315 2577 1479 2615 ductor
1523 2574 1646 2618 conf.
1685 2575 1740 2619 H.
1773 2576 1816 2628 3,
1850 2576 1922 2621 74.

1073 2647 1190 2674 ¹eum
1219 2638 1386 2672 orator
1411 2630 1536 2675 con‘f.
1562 2633 1651 2675 An.
1681 2633 1748 2681 13,
1768 2634 1846 2677 -34,

1030 2697 1197 2731 auctus
1215 2687 1478 2742 fluminum
1512 2693 1583 2733 An
1635 2694 1676 2741 l,
1703 2692 1773 2734 56.
1831 2707 1922 2735 au-

1085 2753 1187 2787 ctus
1213 2753 1252 2786 et
1276 2752 1411 2786 actus
1434 2745 1627 2790 confifl.
1650 2750 1689 2796 1,
1706 2749 1774 2792 12.
1799 2749 1840 2798 4,
1853 2751 1926 2795 25.

1030 2806 1201 2846 audere
1231 2817 1333 2843 cum
1363 2811 1557 2847 accusat.
1582 2807 1667 2848 An.
1694 2805 1735 2854 3,
1760 2807 1832 2851 67.
1878 2824 1924 2853 v.

1088 2859 1262 2906 Duker.
1314 2859 1367 2900 ad
1415 2861 1553 2904 Flor.'
1583 2863 1618 2917 l,
1663 2864 1734 2908 17.
1797 2863 1924 2908 conf.

1090 2933 1193 2961 cum
1230 2919 1400 2958 audire
1430 2919 1517 2961 An.
1547 2920 1612 2970 13,
1637 2921 1706 2963 36.
1757 2923 1824 2970 14,
1854 2924 1924 2965 58.

1090 2976 1145 3018 H.
1179 2976 1216 3024 1,
1248 2975 1319 3016 60.
1352 2974 1422 3017 84.
1448 2975 1508 3025 ¹4,
1541 2977 1610 3018 49.
1674 2982 1852 3022 audens
1884 2987 1937 3022 et=

1090 3032 1291 3074 audiens
1326 3032 1451 3075 conf.
1486 3032 1539 3076 H.
1575 3037 1612 3084 1,
1645 3034 1688 3078 3.
1722 3037 1763 3078 6.
1835 3053 1924 3078 au-

1091 3089 1278 3131 dentius
1314 3096 1354 3130 et
1388 3092 1656 3134 audientius
1688 3094 1745 3137 H.
1778 3093 1818 3145 2,
1850 3094 1925 3141 78.

1093 3146 1191 3189 ddd.
1216 3147 1302 3188 An.
1327 3145 1394 3196 13,
1420 3147 1491 3190 40-

1034 3205 1201 3247 audire
1224 3212 1265 3244 et
1291 3207 1466 3247 audere
1490 3205 1615 3248 conf.
1644 3206 1736 3250 An.
1764 3206 1832 3263 13,
1857 3207 1929 3253 36.
1960 3230 1963 3233 ·

1095 3266 1161 3308 14,
1189 3261 1259 3301 58.
1306 3260 1359 3303 H.
1390 3265 1430 3316 1,
1459 3264 1529 3305 60.
1554 3263 1623 3306 84.
1659 3267 1702 3313 4,
1730 3264 1802 3308 49.
1846 3282 1928 3310 au·

1094 3319 1227 3361 diens
1269 3334 1370 3360 cum
1409 3324 1592 3363 audens
1632 3322 1755 3365 conf.
1797 3322 1853 3366 H.
1891 3325 1932 3377 1,

1096 3376 1138 3418 3.
1166 3375 1210 3418 6.
1259 3377 1524 3419 audientius
1551 3393 1654 3421 cum
1678 3382 1931 3425 audentius

1098 3432 1152 3474 11.
1178 3428 1317 3487 2‚'78.

1041 3489 1330 3533 auditorium
1357 3490 1485 3534 Orat.
1511 3492 1555 3535 9.
1580 3493 1652 3537 29.

1041 3547 1230 3591 auditus
1253 3555 1296 3591 et
1319 3551 1474 3592 adicus
1496 3550 1626 3596 conf.
1646 3549 1735 3596 An.
1762 3553 1829 3604 13,
1852 3553 1895 3600 5.
