2150 4022
461 224 584 285 DE
642 219 1176 283 GERMANIA
1228 222 1425 284 CAP.
1460 224 1564 286 40.

1855 230 1938 288 89

259 357 386 419 XL.
466 354 695 414 Contra
716 352 1139 427 Langobardos
1159 356 1419 428 paucitas
1442 355 1740 416 nobilitat.
1802 358 1941 432 plu-

91 445 257 505 riinis
302 463 369 500 ac
422 438 837 499 valentissimis
881 437 1234 495 nat-ionibus
1278 441 1454 501 cincti
1499 461 1625 499 non
1675 460 1783 517 per
1831 443 1942 503 ob-

90 531 386 608 sequium,
439 528 539 583 sed
578 524 821 602 proeliis
858 534 914 580 et
953 523 1343 598 periclitando
1381 527 1494 583 tuti
1531 537 1686 586 sunt.
1771 526 1942 586 Reu-

91 616 257 690 digni
292 613 506 670 deinde
547 623 603 668 et
634 608 898 668 Aviones
937 619 995 665 et
1023 603 1206 681 Angli
1241 620 1301 665 et
1338 609 1549 668 Varini
1583 624 1640 669 et
1671 608 1940 671 Eudoses

89 714 148 760 et
181 701 519 759 Suardones
571 707 628 754 et
670 690 1005 753 Nuithones
1048 693 1397 751 fluminibus
1449 708 1550 754 aut
1599 697 1762 757 silvis
1807 715 1941 761 mu-

149 935 263 979 CAP.
292 931 365 976 40.
428 932 604 976 Contra
645 930 982 985 Langobardos

85 995 304 1049 paucitas
337 991 566 1034 nobilitat.
649 989 721 1031 De
759 988 979 1045 scriptura

89 1051 297 1104 Langob.
332 1048 424 1095 vid.
456 1056 555 1094 not.
593 1046 648 1090 ad
683 1045 777 1089 An.
810 1046 878 1096 11,
907 1043 978 1086 17.

89 1117 133 1153 et
149 1107 378 1151 Pertzius:
413 1106 602 1148 Italien.
623 1103 781 1146 Reise.
812 1118 855 1160 p.
874 1100 978 1144 223.

89 1165 235 1210 Codd.
263 1163 402 1207 MSS.
435 1170 626 1212 veteres,
667 1160 830 1217 quibus
860 1174 979 1202 con-

88 1223 289 1267 tinentur
313 1221 431 1278 leges
453 1217 838 1276 Langobardicae,
869 1231 976 1260 con-

88 1280 285 1323 sentiunt
324 1278 373 1320 in
408 1278 641 1331 Langob.,
695 1282 745 1317 ut
778 1273 969 1318 voeabu-

85 1337 182 1379 'lum
217 1335 440 1379 derivetur
476 1350 500 1376 a
533 1331 808 1376 Germanico
851 1334 975 1384 lang.

86 1395 198 1438 Mox
222 1394 270 1436 in
303 1392 395 1435 eius
427 1393 580 1435 locum
615 1388 827 1432 successit
847 1388 978 1430 Lon—

87 1454 187 1507 gob.
222 1468 245 1494 a
281 1448 420 1493 latino
459 1452 666 1501 longum.
737 1446 822 1489 Hic
843 1446 979 1487 Lan-

86 1511 191 1564 gob.
214 1507 317 1551 edd.
342 1505 553 1550 Beroald.
579 1503 742 1548 Alciat.
770 1502 976 1546 Rhenan-

87 1565 194 1611 Ald.
229 1563 409 1622 Micyll.
445 1562 634 1605 Pichen.
667 1561 853 1604 Gruter.
878 1575 978 1617 sqq.

86 1647 144 1656 —
178 1623 381 1676 Longob.
405 1619 544 1664 MSS.
572 1618 748 1663 Vatiec.
780 1617 903 1660 1518.
935 1625 979 1659 et

85 1680 217 1723 4498.
258 1703 317 1712 -
385 1677 587 1732 Largob.
628 1675 764 1720 MSS.
800 1673 974 1719 Vaticc.

570 1746 604 1774 n

90 1796 215 1840 1862.
242 1803 285 1839 et
301 1793 431 1839 2964.
448 1819 493 1827 -
518 1791 700 1867 largob.
724 1785 826 1832 MS.
838 1785 977 1830 Stutt-

87 1903 198 1955 gart.
232 1946 235 1949 ,
284 1892 608 1940 Accusativum
638 1889 978 1943 Langobardos

77 1953 179 2008 *(vel
192 1950 545 2006 Langobardos>
567 1955 723 1991 tenent
744 1945 878 1989 MSS.
890 1943 976 1988 Va·

87 2011 191 2056 tice.
216 2011 397 2054 Fames.
425 2008 589 2065 stuttg.
626 2004 727 2046 edd.
762 2002 974 2046 Norimb.

85 2069 223 2112 Rom.
263 2067 381 2125 Lips.
416 2081 516 2123 sqq.
609 2060 732 2105 Ante
773 2059 973 2119 Lipsium

85 2126 300 2170 edebatur
315 2122 635 2178 Langobardis
656 2120 872 2173 paucitas
893 2133 975 2159 no-

87 2184 355 2239 bilitasque,
426 2183 546 2236 quod
593 2176 816 2232 plurimis
865 2183 976 2224 etc.‚

87 2256 199 2298 quae
231 2246 397 2284 exstant
428 2239 475 2282 in
507 2237 608 2280 edd.
634 2233 839 2278 Rhenan.
868 2232 977 2279 Ald.

85 2297 262 2355 Micyll.
300 2325 359 2333 -
425 2295 480 2339 L.
507 2294 751 2349 paucitas,
805 2291 976 2332 nobili-

89 2365 189 2399 tas:
219 2358 339 2411 quod
366 2355 431 2408 pl.
457 2361 541 2395 etc.
577 2351 645 2393 ed.
670 2348 774 2392 Ald.
805 2370 861 2380 -—
919 2347 976 2391 L.

82 2413 300 2468 paucitas
359 2410 698 2462 nobilitasque:
761 2405 978 2460 plurimis

88 2478 172 2514 etc.
196 2470 296 2514 edd.
318 2468 420 2510 Put.
437 2466 506 2510 M.
531 2463 820 2511 etV.Vienn.
835 2461 976 2519 Rhag.

84 2527 297 2570 Beroald.
337 2548 398 2558 -—
463 2523 520 2567 L.
550 2522 766 2577 paucitas
805 2520 972 2562 nobili-

87 2593 188 2628 tas:
211 2583 433 2640 plurimis
452 2589 540 2624 etc.
566 2577 702 2627 MSS.
722 2576 830 2621 Tur.
856 2575 976 2619 Lon-

87 2642 176 2700 gol.
200 2642 303 2685 edd.
329 2640 445 2697 Spir.
470 2636 603 2681 Kath.
630 2635 772 2678 Paris.
799 2658 856 2665 —
899 2633 977 2677 Ni·

86 2701 252 2743 mirum
289 2707 523 2756 postquam
562 2696 709 2737 forma
743 2691 973 2746 nobilitat,

88 2771 200 2815 quae
226 2764 363 2799 exstat
387 2754 436 2796 in
460 2751 595 2795 MSS.
616 2752 799 2794 Farnes.
825 2749 977 2791 Hum-

88 2814 219 2866 mel.,
266 2810 435 2857 abierat
477 2811 525 2852 in
567 2809 808 2861 nobilitas,
860 2806 976 2849 mira

87 2871 178 2915 loci
201 2870 404 2914 confusio
429 2874 580 2910 exorta
602 2874 684 2909 est.
741 2864 856 2907 Edd.
877 2864 974 2906 No·

90 2927 224 2971 rimb.
249 2926 382 2970 Rom.
405 2924 599 2968 retinent
619 2923 976 2976 Langobardos,

91 2999 343 3042 quanquam
378 2990 570 3041 pergunt
597 2981 818 3035 paucitas
847 2981 980 3022 nobi-

90 3043 220 3084 litas.
307 3039 391 3083 Ed.
424 3040 612 3082 Monac.
657 3037 980 3091 Longobardis

87 3097 254 3153 paucis
287 3098 607 3152 nobilitasque.
680 3094 784 3138 MS.
809 3093 977 3151 stuttg.

134 3171 168 3198 n
587 3153 685 3195 itas

91 3213 403 3288 langobardos
455 3225 609 3286 pauca
745 3209 976 3254 nobilitas.

91 3337 148 3346 —
183 3310 322 3370 Quod
344 3316 444 3354 ante
467 3309 687 3365 plurimis
716 3307 896 3355 duravit
925 3308 979 3351 ab

92 3369 289 3415 editione
302 3367 469 3413 Alciati
490 3382 628 3426 usque
645 3365 700 3410 ad
710 3365 982 3416 Ernesfium,

94 3442 120 3469 a
151 3441 241 3484 quo
275 3426 475 3470 deletum
510 3433 575 3468 est
609 3424 666 3467 ob
706 3438 982 3467 consensum

93 3491 294 3527 veterum
348 3483 586 3526 librorum.
671 3480 981 3525 Restituerunt

95 3538 280 3584 Passov.
322 3538 448 3584 Hess.
483 3536 685 3584 Walch.
708 3537 822 3590 alii,
880 3535 983 3596 quia

1051 931 1223 989 egregie
1260 930 1474 976 inserviat
1509 933 1781 980 transitioni.
1850 935 1940 981 Sed

1050 988 1202 1031 eadem
1245 989 1461 1031 sententia
1494 988 1565 1031 vel
1599 992 1694 1035 sine
1735 997 1861 1050 quod
1895 1001 1940 1038 et

1050 1046 1293 1102 elegantius
1314 1045 1481 1106 prodit.

1104 1137 1299 1204 proeliis
1319 1145 1365 1181 et
1383 1138 1708 1191 periclitando.
1753 1136 1839 1185 ‘'Ev
1862 1140 1941 1186 διὰ
2026 1171 2034 1177 ,κ

1050 1195 1209 1250 δυοῖν,
1267 1212 1297 1238 1.
1330 1211 1374 1253 q.
1406 1194 1589 1252 proeliis
1623 1196 1939 1253 periclitando.

1048 1253 1109 1296 cf.
1132 1251 1266 1295 Roth.
1296 1268 1343 1310 p.
1362 1252 1433 1295 54.
1491 1253 1764 1298 Edd.Paris.
1795 1255 1939 1299 etNo-

1047 1310 1182 1353 rimb.
1205 1326 1288 1368 pro
1310 1318 1356 1352 et
1374 1309 1531 1352 ferunt
1553 1327 1622 1354 ac.

1108 1394 1357 1447 Reudigni.
1458 1393 1536 1437 Sic
1577 1393 1715 1438 MSS.
1762 1394 1939 1441 Vaticc.

1050 1451 1178 1495 1518.
1212 1461 1255 1495 et
1283 1451 1413 1496 4498.
1440 1450 1551 1494 Tur.
1583 1452 1821 1510 stuttgart.
1860 1453 1942 1508 (ibi

1048 1525 1312 1643 Reiidigni)
1355 1565 1461 1609 edd.
1495 1564 1613 1625 Spir.
1653 1550 1787 1611 Kath.
1835 1567 1940 1613 Put.

1047 1666 1117 1711 M.
1151 1674 1194 1709 et
1226 1664 1294 1709 V.
1321 1665 1456 1708 Rom.
1490 1665 1696 1710 Beroald.
1737 1683 1839 1726 sqq.
1883 1697 1943 1705 —

1051 1725 1286 1779 Veudigni
1315 1722 1451 1766 MSS.
1476 1722 1623 1767 Vatic.
1650 1718 1774 1770 2964.
1813 1726 1942 1770 Lon-

1049 1782 1140 1838 gol.
1191 1782 1261 1824 ed.
1304 1780 1511 1824 Norimb.
1552 1807 1613 1817 —-
1681 1783 1945 1837 Veusdigm'

1048 1838 1152 1882 MS.
1195 1837 1340 1883 Vatic.
1390 1837 1517 1881 1862.
1564 1862 1623 1873 -
1702 1838 1942 1887 Cluverius

1049 1895 1317 1939 coniiciebat
1335 1895 1584 1950 Deuringi.

1104 1980 1266 2032 Angli.
1326 1978 1403 2022 Sic
1423 1978 1528 2023 edd.
1544 1978 1749 2024 Rhenan.
1774 1980 1941 2040 (1533.)

1046 2035 1152 2079 Ald.
1176 2052 1277 2093 sqq.
1336 2036 1522 2080 Graecis
1550 2037 1736 2082 audiunt
1753 2036 1958 2097 ’Ἀγγειῶ

1047 2097 1120 2137 λοι
1151 2094 1222 2141 vel
1249 2092 1471 2152 Ἄγγιλοι.
1502 2117 1563 2126 —
1618 2097 1784 2149 Anglii
1803 2097 1940 2143 MSS.

1047 2151 1223 2195 Vaticc.
1260 2153 1386 2197 1518.
1410 2161 1453 2196 et
1471 2150 1596 2197 4498.
1629 2151 1743 2197 Tur.
1772 2155 1937 2214 stuttg.

1048 2209 1151 2252 edd.
1179 2210 1297 2268 Spir.
1322 2209 1452 2255 Kath.
1478 2225 1577 2268 sqq.
1605 2211 1659 2254 ad
1672 2210 1940 2257 Rhenanum

1048 2276 1093 2310 et
1116 2265 1601 2332 nuper'Passov.Hess.
1626 2267 1719 2312 alii.
1738 2292 1795 2302 —-
1826 2270 1940 2314 Rhe-

1047 2340 1152 2366 nam
1219 2325 1583 2368 emendationem
1630 2327 1941 2370 ‹retinuerunt
2011 2364 2016 2371 i

1046 2380 1240 2427 Bekker.
1263 2381 1467 2428 Waleh.
1494 2381 1584 2425 atii.
1661 2381 1783 2438 Quia
1816 2384 1940 2427 Bro-

1045 2438 1185 2481 terius
1231 2440 1286 2482 de
1330 2439 1508 2489 duobus
1539 2438 1769 2487 Vaticanis
1812 2450 1941 2496 tacet,

1045 2496 1316 2596 ἓιιῃῖξιᾶιιω
1357 2505 1423 2540 est
1462 2496 1566 2547 illos
1605 2498 1860 2542 consentire
1891 2499 1940 2545 in

1091 2568 1151 2608 ng
1172 2570 1202 2596 1.
1626 2583 1632 2596 .

1105 2638 1398 2682 Suardones.
1457 2635 1535 2681 Sic
1565 2636 1669 2682 MS.
1696 2637 1940 2684 Tur..edd.

1049 2694 1168 2751 Spir.
1194 2694 1328 2739 Kath.
1350 2695 1452 2738 Put.
1476 2694 1546 2739 M.
1574 2704 1616 2738 et
1637 2695 1696 2740 V.
1727 2695 1938 2740 Beroald.

1049 2766 1149 2809 sqq.
1204 2777 1259 2787 —
1327 2752 1562 2795 Suarines
1591 2752 1730 2797 MSS.
1763 2754 1938 2798 Vaticc.

1050 2810 1174 2852 1518.
1212 2810 1334 2853 1862.
1366 2818 1410 2854 et
1433 2809 1565 2854 4498.
1599 2811 1640 2865 (a
1665 2810 1768 2854 MS.
1792 2811 1938 2856 Vatic.

1046 2867 1175 2911 2964.
1208 2867 1253 2910 id
1283 2867 1553 2911 vocabulum
1582 2869 1720 2924 abest)
1747 2868 1940 2926 Longol.

1051 2925 1154 2969 edd.
1186 2923 1393 2969 Norimb.
1433 2924 1568 2968 Rom.
1605 2953 1664 2961 --
1720 2928 1941 2969 suarines

1049 2997 1131 3026 seu
1156 2985 1418 3025 suardones
1434 2982 1535 3028 MS.
1548 2982 1715 3040 stuttg.
1776 2983 1940 3027 Utram

1050 3039 1319 3097 scripturam
1352 3055 1435 3099 pro
1472 3055 1575 3083 vera
1610 3039 1794 3092 habeas,
1840 3057 1963 3090 am-⁴

1049 3098 1237 3155 biguum
1261 3105 1349 3146 est,-
1377 3107 1419 3141 et
1443 3097 1578 3142 nimis
1604 3097 1763 3140 sterilis
1782 3096 1940 3141 talium

942 3158 962 3192 t
1050 3171 1203 3198 rerum
1227 3153 1496 3213 disquisitio.
1537 3154 1624 3197 Ed.
1639 3154 1941 3203 Pa1·is.Suar-

1051 3226 1177 3268 mes,
1212 3214 1334 3270 quod
1367 3212 1674 3271 patrocinatur
1695 3212 1941 3269 scripturae

1050 3271 1297 3316 Suarines.

1108 3355 1389 3398 Nuithones.
1479 3351 1584 3397 MS.
1616 3351 1768 3397 Vatic.
1808 3352 1937 3398 1862.

1054 3411 1351 3467 Niutlzones,
1405 3410 1491 3455 levi
1543 3426 1714 3453 errore.
1801 3409 1938 3456 MSS.

1052 3469 1282 3515 Hummel.
1327 3476 1370 3512 et
1399 3469 1632 3526 stuttgart.
1669 3467 1940 3513 Vuitlzones.

1053 3529 1135 3576 Ed.
1153 3526 1296 3572 Paris.
1313 3526 1574 3570 Nuithmes.
