2150 4022
415 241 695 324 ‘1131211
741 260 1067 335 AGRIC.
1115 261 1349 323 VITA
1393 261 1584 327 CAP.
1626 249 1685 327 4.

137 398 269 456 Caii
302 393 567 453 Caesaris
606 393 867 449 meritus

134 484 324 539 iussus
363 490 446 549 et,
489 479 627 556 quia
654 479 964 546 abnuerat,
1011 478 1348 535 interfectus
1392 475 1494 540 est.

134 565 388 623 Procilla
429 565 543 621 fuit
575 583 742 620 rarae
781 563 1075 622 castitatiS.

1873 270 1991 327 117

982 412 1236 469 namque
1279 393 1365 454 M.
1401 396 1673 452 Silanum
1715 415 1985 454 accusare

1595 479 1792 537 Mater
1830 479 1982 539 Iulia

1183 563 1247 618 in
1281 558 1458 620 huius
1497 565 1631 622 sinu
1666 566 1983 640 indulgen-

133 652 327 727 tia'que
367 651 644 706 educat-us
673 669 778 723 per
819 668 1052 705 omnem
1088 643 1466 704 honestarum
1505 652 1717 708 artium
1756 653 1978 709 cultum

129 736 443 810 pueritiam
479 734 1049 809 adulescentiamque
1079 733 1377 804 transegit.

1464 737 1695 793 arcebat
1730 757 1864 793 eum
1905 738 1979 794 ab

129 821 441 876 inlecebris
477 819 847 895 peccantium
891 830 1118 893 praeter
1170 817 1355 892 ipsius
1405 819 1623 875 bonam
1659 822 1979 895 integram-

130 926 245 982 que
268 917 571 973 naturam‚
613 905 773 980 quod
804 905 998 960 statim
1025 905 1306 978 parvulus
1332 903 1529 958 sedem
1555 925 1619 961 ac
1644 908 1979 980 magistram

129 991 460 1048 studiorum
500 989 827 1046 Massiliam
863 984 1169 1057 habuerit,
1212 989 1410 1045 locum
1445 986 1669 1046 Graeca
1707 993 1979 1051 comitate

129 1244 223 1286 dito
254 1244 537 1302 praecipuam
575 1245 667 1286 vim
703 1259 796 1285 esse
829 1241 1016 1300 positam

128 1301 174 1343 in
194 1302 464 1358 pronomine
490 1302 614 1354 ipsis.
673 1300 760 1343 Res
786 1300 944 1357 pendet
968 1315 1017 1341 ex

126 1358 389 1400 auctoritate
423 1359 662 1400 librorum.
748 1358 861 1400 Nam
901 1357 1017 1410 ipsis

126 1422 224 1472 apte
249 1414 348 1456 addi
378 1431 509 1457 nemo
536 1414 802 1458 infitiabitur
825 1415 901 1468 (cf.
930 1417 1014 1456 An.

127 1474 195 1521 14,
218 1472 287 1514 55.
314 1476 363 1514 in
393 1488 450 1514 ea
480 1475 581 1519 insa
615 1481 800 1526 aetate,
835 1471 928 1514 vid.
954 1471 1013 1513 ibi

125 1532 265 1584 not.):
325 1539 469 1586 potest
513 1546 622 1574 vero
670 1530 804 1572 etiam
848 1545 897 1570 ea
945 1529 1012 1571 vis

125 1586 286 1628 oiiiitti.
347 1586 535 1629 Dahlius
561 1587 658 1630 vult
691 1589 879 1642 suisque
917 1590 1004 1627 vir·

126 1645 319 1694 tutibus,
356 1645 480 1700 quasi
503 1645 754 1701 eloquentia
778 1653 822 1686 et
843 1645 1012 1699 sapien·

125 1700 184 1742 iia
204 1716 295 1742 non
319 1703 407 1743 sint
430 1702 630 1744 virtutes.
689 1701 747 1742 At
779 1700 812 1742 si
841 1703 1013 1741 comica

125 1764 190 1799 est
212 1757 359 1799 virtus
381 1758 496 1815 apud
524 1758 713 1801 Sueton.
738 1758 814 1800 vit.
834 1756 1012 1799 Terent.

125 1830 167 1857 c.
196 1815 268 1862 5..
308 1816 521 1871 sapientia
553 1823 595 1858 et
630 1815 884 1872 eloquentia
918 1830 1011 1856 non

124 1871 274 1914 minus
321 1881 442 1915 recte
492 1873 608 1914 inter
647 1873 829 1916 virtutes
877 1887 1011 1915 sensu

123 1927 331 1971 Romano
358 1930 633 1975 referuntur.

177 2013 246 2057 M.
258 2011 496 2057 Sitonum.
555 2012 632 2056 Sic
652 2011 754 2056 edd.
772 2011 890 2070 Lips.
914 2027 1011 2068 sqq.

120 2091 179 2103 --
207 2070 275 2114 M.
302 2069 540 2112 Silianam
572 2070 676 2113 ‘MS.
704 2069 848 2112 vatic.
879 2067 1008 2112 3429.

122 2130 250 2181 (teste
293 2126 519 2184 Dronkio)
562 2136 605 2170 et
647 2127 864 2170 editiones
907 2136 1009 2169 ante

118 2183 336 2241 Lipsium.
426 2185 485 2228 cf.
526 2193 621 2227 not.
666 2186 720 2227 ad
763 2185 854 2228 An.
894 2185 937 2234 2,
964 2183 1007 2225 4.

121 2242 400 2299 Seripturam
473 2259 496 2284 a
558 2241 710 2299 Lipsio
781 2249 1007 2299 receptam

119 2307 302 2342 tuentur
323 2299 495 2342 nummi
519 2308 557 2341 et
577 2299 743 2356 lapides
767 2315 870 2340 cum
898 2300 1009 2355 opti-

119 2360 204 2399 mis
239 2356 431 2399 MSStis.
504 2357 574 2399 De
605 2358 698 2399 viro
732 2357 790 2399 cf.
828 2356 939 2399 llist.
967 2356 1008 2407 4,

118 2414 189 2455 48.
254 2415 438 2460 sueton,
457 2412 550 2457 Cal.
576 2413 700 2456 012.
724 2423 764 2454 et
787 2413 857 2456 23.
918 2413 1007 2456 Dio

121 2470 191 2527 59,
216 2471 259 2515 8.
320 2470 450 2512 Philo
486 2473 615 2526 legat.
638 2470 692 2512 ad
716 2470 891 2513 Caium.

178 2548 244 2590 et,
278 2541 386 2595 quia
407 2541 650 2590 abnuerat.
706 2538 936 2581 Acidalius
964 2547 1008 2580 et

119 2597 355 2640 delendum
391 2598 621 2647 censebat,
676 2604 718 2638 et
750 2595 809 2638 ita
844 2595 1008 2639 oratio·

120 2671 226 2697 nem
260 2653 580 2712 elegantiorem
617 2653 715 2697 fore
751 2653 1006 2697 observavit

120 2711 370 2755 Ernestius.
415 2711 519 2754 Non
544 2710 693 2755 video.
749 2711 891 2753 Immo
916 2711 1005 2753 duo

120 2779 349 2813 momenta
374 2767 732 2824 distinguuntur:
760 2768 903 2810 iussus
927 2776 1006 2816 est,

121 2834 163 2869 et
201 2825 386 2876 deinde,
431 2825 534 2879 quia
578 2827 817 2876 abnuerat,
861 2826 1002 2868 inter—

119 2882 263 2926 fectus
291 2891 369 2926 est.
427 2882 600 2926 Similia
632 2892 737 2926 sunt
760 2882 866 2926 insr.
901 2899 940 2925 c.
961 2884 1003 2926 7.

119 2941 431 2990 deprehensus
472 2956 526 2981 ac
570 2942 731 2982 statim
767 2942 813 2982 in
843 2949 1006 2994 partes

120 3005 440 3051 transgressus
482 3004 579 3048 θείς
640 3012 679 3040 c.
713 2999 757 3041 9.
790 3001 1006 3040 detentus

121 3070 176 3096 ac
198 3056 359 3095 statim
384 3058 449 3096 ad
471 3068 598 3108 spem
627 3057 898 3098 consulatus
926 3070 1002 3097 re-

121 3117 308 3154 vocatus
339 3112 421 3158 est.
490 3112 582 3156 An.
606 3113 648 3160 Ξ,
671 3113 740 3155 56.
780 3112 1010 3155 interiecti

121 3177 165 3211 et
186 3169 375 3222 saepius
401 3169 636 3211 discordes
664 3177 798 3225 sunt,
844 3168 919 3212 ubi
946 3169 1009 3212 vi-

110 3225 177 3274 ¹de
207 3233 297 3269 not.
356 3226 445 3269 An.
465 3225 504 3277 4,
522 3228 586 3270 12.
599 3226 749 3282 ferox
768 3230 1010 3278 scelerum,

118 3289 163 3325 et
183 3285 288 3339 quia
307 3284 470 3336 primu
498 3292 834 3339 provenerant,
870 3287 1003 3327 volu-

122 3348 224 3382 tare
252 3354 422 3382 secum.
484 3339 596 3384 uisi.
617 3341 660 3395 ὃ,
683 3342 756 3384 44.
780 3343 954 3395 legiam·
974 3358 1005 3384 a

124 3397 318 3440 Claudio
339 3398 639 3452 praepositus
671 3408 715 3442 et
747 3402 867 3442 bello
903 3402 992 3442 cla-

123 3467 205 3495 rus
228 3462 404 3508 egerat.

179 3521 227 3563 in
274 3524 405 3566 liuius
454 3525 560 3568 sinu
612 3526 1004 3582 indulgentiaque.

126 3579 355 3642 Heinsius!
389 3597 492 3624 cum
521 3581 794 3641 indulgentia
823 3584 870 3627 in
902 3585 1006 3627 edu·

1091 1241 1270 1285 catione
1321 1256 1425 1284 eum
1477 1241 1745 1289 offenderet,
1807 1245 1978 1287 censuit

1088 1299 1353 1354 legendum:
1397 1301 1443 1341 in
1477 1301 1606 1342 cuius
1635 1302 1738 1341 sinu
1770 1301 1983 1353 diligenti
2011 1340 2017 1347 .

1088 1371 1202 1406 cura
1235 1357 1303 1399 vel
1338 1358 1631 1410 indulgentia
1664 1360 1853 1413 absque.
1914 1359 1974 1401 At

1087 1416 1376 1468 indulgentia
1410 1415 1455 1457 in
1490 1415 1655 1456 bonam
1691 1425 1863 1470 partem
1904 1415 1975 1458 di—

1087 1472 1204 1515 citur
1228 1471 1396 1525 (Gan,
1428 1472 1581 1525 Huld)
1603 1479 1645 1513 et
1667 1472 1837 1528 optime
1866 1488 1974 1515 con·

1088 1528 1210 1573 venit
1234 1529 1336 1572 voci
1363 1530 1413 1570 in
1448 1531 1569 1572 sinu.
1641 1528 1702 1571 cf.
1727 1527 1821 1574 Liv.
1844 1534 1883 1582 1,
1904 1530 1975 1574 39.

1079 1586 1278 1639 proinde
1301 1589 1551 1627 materiem
1577 1587 1775 1638 ingentis
1795 1590 1974 1640 publice

1080 1645 1394 1698 privatimque
1437 1643 1617 1685 decoris
1657 1649 1785 1685 omni
1814 1647 1971 1686 indul-

1084 1702 1238 1753 gentia
1278 1708 1446 1741 nostra
1486 1701 1772 1743 nutriamus.
1852 1701 1974 1746 Dial.

1085 1758 1139 1799 de
1159 1756 1307 1799 Oratt.
1343 1773 1382 1799 e.
1404 1757 1447 1799 9.
1474 1759 1822 1810 indulgentiam
1837 1761 1973 1813 prin-

1082 1816 1194 1867 cipis
1216 1815 1403 1868 ingenio
1421 1815 1613 1856 mereri.
1669 1814 1859 1860 sueton.
1872 1815 1974 1860 Tib.

1083 1888 1123 1915 c.
1141 1873 1213 1914 46.
1236 1887 1331 1922 una
1352 1875 1493 1914 modo
1514 1872 1797 1914 liberalitate
1819 1888 1882 1915 ex
1903 1875 1972 1916 in·

1080 1931 1318 1983 dulgentia
1363 1929 1514 1970 vitrici
1537 1936 1830 1982 prosecutus.
1906 1930 1972 1975 ld.

1083 1987 1177 2029 Vit.
1216 2002 1258 2029 c.
1290 1986 1333 2028 5.
1369 1987 1626 2039 principum
1666 1988 1968 2042 indulgentia.

1082 2043 1296 2101 Egregius
1332 2043 1386 2085 de
1421 2042 1499 2086 tali
1535 2043 1801 2086 educatione
1847 2045 1972 2089 locus

1083 2109 1220 2143 exstat
1242 2101 1289 2143 in
1315 2100 1434 2143 Dial.
1452 2100 1512 2143 ‘de
1538 2100 1689 2144 Oratt.
1725 2118 1766 2146 c.
1791 2102 1863 2146 28.

1136 2216 1367 2257 habuerit.
1428 2213 1502 2258 Sic
1528 2223 1702 2259 veteres
1726 2216 1844 2260 libri.
1901 2218 1970 2262 Li-

1078 2274 1201 2330 psius
1228 2280 1499 2315 >correxerat
1542 2275 1796 2323 habuerat,
1847 2276 1967 2331 quod

1079 2347 1222 2386 nuper
1255 2329 1423 2388 placuit
1451 2329 1698 2374 Walchio.
1761 2332 1971 2383 Pichena‚

1077 2389 1298 2444 Bernegg.
1322 2401 1419 2444 sqq.
1441 2388 1746 2445 praetulerunt
1776 2397 1968 2431 veterem

1080 2446 1369 2501 scripturam.
1469 2444 1701 2486 Ernestius
1757 2445 1968 2489 suadebat

1078 2505 1284 2544 haberet.
1343 2501 1651 2544 Adversantur
1670 2500 1903 2546 Dronkius
1925 2511 1968 2546 et

1079 2557 1317 2604 Ilertelius.
1387 2557 1491 2599 Non
1523 2557 1640 2600 enim
1679 2574 1730 2600 ex
1759 2575 1836 2605 sua
1868 2576 1967 2618 per-

1079 2632 1188 2659 sona
1220 2615 1344 2656 aiunt
1365 2614 1570 2657 Tacitum
1603 2614 1713 2660 haee
1735 2616 1968 2672 addidisse,

1078 2673 1154 2716 sed
1173 2687 1365 2722 causam,
1383 2680 1431 2714 ut
1453 2673 1506 2714 ab
1531 2672 1628 2729 ipso
1643 2673 1851 2730 Agricola
1865 2691 1965 2733 pro-

1079 2731 1230 2780 dinam,
1264 2744 1358 2771 esse
1381 2730 1681 2785 cogitandam.
1739 2730 1842 2773 Non
1864 2733 1968 2781 satis·

1078 2794 1226 2837 recte,
1277 2795 1327 2828 ut
1362 2787 1469 2837 mihi
1509 2785 1701 2832 videtur.
1791 2789 1850 2831 Ex
1888 2806 1965 2832 sua

1078 2859 1271 2902 persona
1303 2843 1498 2901 scriptor
1521 2844 1635 2887 haud
1661 2844 1795 2888 dubie
1823 2848 1964 2903 loqui-

1074 2912 1161 2944 tur.
1253 2900 1364 2943 Nam
1426 2908 1472 2943 nt
1528 2901 1711 2959 obliqua
1764 2905 1966 2947 oratione

1075 2960 1183 3002 haec
1215 2967 1395 3014 possent
1425 2958 1565 3016 accipi
1594 2960 1735 3010 dicta,
1766 2969 1867 3003 ante
1892 2962 1962 3003 ‹le-

1076 3016 1208 3058 bebat
1252 3016 1409 3058 scribit
1470 3017 1686 3059 Arcuisse
1730 3034 1835 3059 eum
1881 3028 1964 3061 etc.

1078 3074 1224 3115 Immo
1271 3074 1351 3116 alia
1395 3082 1456 3115 est
1494 3075 1804 3131 grammatices
1838 3077 1966 3124 ratio,

1078 3140 1121 3173 et
1165 3127 1321 3186 triplex
1368 3129 1610 3188 particulae
1663 3135 1784 3187 quod
1844 3149 1961 3175 usus.

1081 3186 1258 3229 lnducit
1292 3203 1342 3231 ea
1375 3203 1575 3238 causam,
1614 3189 1672 3230 ob
1709 3205 1840 3246 quam
1877 3190 1952 3231 ali-

1082 3243 1189 3300 quid
1214 3252 1278 3286 est
1297 3254 1372 3288 aut
1393 3245 1455 3293 fit,
1486 3262 1566 3302 per
1588 3261 1634 3288 se
1659 3255 1963 3288 constantem:

1076 3310 1171 3343 tum
1203 3300 1385 3358 ponitur
1422 3319 1525 3345 cum
1561 3302 1819 3345 indicativo.
1903 3305 1963 3347 cf.

1078 3358 1168 3402 An.
1205 3361 1245 3406 1,
1278 3360 1345 3403 14.
1377 3359 1483 3416 Quo
1530 3363 1682 3401 minus
1719 3362 1844 3402 idem
1876 3377 1963 3415 pru

1077 3415 1236 3458 Druso
1294 3420 1644 3470 postularetur,
1702 3432 1758 3459 ea
1806 3434 1963 3468 causa,

1078 3476 1203 3527 quod
1249 3476 1523 3528 designatus
1576 3476 1735 3516 consul
1782 3474 1965 3519 Drusus

1078 3543 1394 3587 praesensque
1421 3539 1547 3579 erat;
1588 3530 1650 3575 ib.
1668 3547 1706 3574 c.
1736 3533 1799 3574 16.
1820 3535 1965 3576 nullis

1081 3590 1211 3631 novis
1251 3590 1424 3644 causis,
1477 3588 1567 3631 nisi
1602 3592 1725 3643 quod
1761 3597 1971 3633 mutatus
