2150 4022
222 209 349 273 242

716 200 851 299 DE
906 194 1573 284 ORATomBUs

231 339 514 397 subnixos
556 338 620 392 in
662 356 891 392 summa
935 356 1136 394 rerum
1178 335 1448 392 omnium
1490 337 1854 396 abundantia
1897 338 2080 394 confi-

232 420 442 492 tentes,
486 424 542 477 id
575 423 736 498 quod
767 421 1059 496 optimum
1091 421 1164 477 sit
1193 441 1252 476 se
1289 442 1413 484 non
1444 416 1702 478 habere?
1774 419 1915 478 'Iam
1939 442 2079 479 vero

228 510 331 586 qui
378 518 710 579 togatorum
749 507 1060 564 comitatus
1101 517 1158 562 et
1195 505 1485 578 egressus!
1555 526 1703 583 quae
1742 507 1808 562 in
1841 507 2078 582 publico

229 592 474 669 specics!
523 610 672 668 quae
703 590 768 646 in
791 591 1027 648 iudiciis
1052 589 1385 648 veneratio!
1435 593 1596 667 quod
1629 592 1912 665 gaudium
1938 590 2081 648 con-

231 677 508 751 surgendi
531 674 969 752 adsistendique
992 676 1147 732 inter
1168 687 1423 732 tacentes
1454 687 1510 732 et
1531 677 1599 748 jn
1621 696 1809 733 unum
1834 696 2082 733 conver-

229 767 369 820 sos:¹
402 762 562 820 coire
599 762 887 840 populum
921 752 977 819 el
1003 761 1401 818 circumfundi
1427 781 1706 818 coronam
1739 773 1795 820 et
1818 762 2081 838 accipere

224 951 441 998 Pithoeus
462 984 475 1006 ,
540 949 644 994 satis
691 950 809 994 mala
856 951 1117 994 coniectura

227 1013 373 1067 ipsius
394 1009 610 1052 orbitatis
628 1010 788 1064 gratia
810 1007 985 1059 reiecta,
1011 1023 1116 1067 pro-

226 1068 376 1129 posuit
420 1065 775 1124 adprobavitque
811 1066 985 1123 Lipsio‚
1035 1064 1117 1107 Pi-

227 1128 420 1174 chenae,
450 1124 724 1180 Bernegger.
750 1122 1003 1167 Heumann.
1028 1123 1112 1164 Er—

224 1192 341 1226 nest.
357 1181 567 1224 Oberlin.
585 1180 763 1224 Schub..
785 1178 977 1223 Seebod.
1005 1179 1116 1224 aliis.

223 1241 423 1284 Nimium
468 1238 587 1282 enim
628 1237 718 1280 illis
766 1238 943 1281 videtur
979 1240 1117 1286 orbis,

227 1308 270 1343 at
295 1313 404 1343 vero
427 1302 636 1354 reputent
657 1295 807 1346 velim,
827 1295 1036 1353 pleraque
1061 1295 1115 1337 ab

225 1358 357 1414 Apro
380 1361 508 1397 aucta
530 1369 621 1396 esse
644 1361 778 1410 atque
800 1351 1086 1410 amplificata.

284 1451 444 1482 rerum
511 1435 740 1479 omnium.
853 1433 1116 1478 Verborum

227 1494 578 1542 collocationem
635 1493 778 1535 debeo
835 1491 942 1536 MS.
994 1491 1119 1535 Nea-

227 1556 324 1613 pol.
381 1556 603 1607 [quocum
663 1549 881 1594 convenit
931 1550 1116 1593 Fames.

227 1613 359 1661 cod.;
386 1609 577 1653 adsentit
599 1607 949 1661 Boetticberus].
1004 1606 1120 1650 Edd.

226 1684 384 1713 omnes
416 1674 590 1723 praeter
614 1665 816 1714 SchulZ„
856 1665 933 1721 qui
967 1664 1120 1707 neseio

223 1727 344 1770 unde
366 1738 533 1767 rerum
555 1725 763 1765 onmium
780 1722 1121 1779 exprimendum

226 1782 418 1830 curavit,
438 1780 639 1825 exhibent
650 1781 863 1822 omnium
879 1794 1052 1823 rerum.
1065 1803 1122 1814 -

223 1842 316 1884 Pro
358 1841 408 1881 id
451 1841 573 1894 quod
609 1840 840 1892 optimum
874 1840 934 1880 sit
969 1838 1005 1880 l.
1041 1838 1120 1880 Fr.

222 1897 432 1943 Gronov.
469 1895 722 1952 corrigebat
758 1895 810 1936 id
839 1897 964 1950 quod
995 1897 1123 1949 apud

226 1963 272 2001 te
294 1955 379 2003 sit,
409 1953 533 2012 quod
555 1951 861 2010 spernendum
887 1959 964 1998 est.

284 2045 557 2092 togatorum
591 2036 844 2078 comitatus
876 2043 921 2077 et
957 2049 1121 2090 egres-

226 2110 321 2140 sus.
383 2094 558 2147 Togati
576 2109 668 2135 non
699 2102 828 2144 sunt,
867 2101 916 2135 ut
939 2092 1120 2148 Dronk.

228 2153 462 2212 explicuit,
513 2165 748 2194 causarum
787 2158 984 2201 actores,
1033 2165 1121 2207 pa·-

230 2210 377 2258 troni,
405 2217 631 2255 oratores,
661 2207 738 2250 sed
766 2206 850 2265 ipsi
878 2207 998 2252 cives
1021 2207 1121 2250 Ro-

228 2268 351 2311 mani
381 2265 455 2311 vel
489 2265 699 2312 clientes,
741 2265 817 2321 qui
846 2274 1047 2308 oratores
1071 2265 1119 2308 in

229 2327 384 2368 forum
411 2323 576 2367 ducere
602 2322 796 2378 indeque
820 2322 1008 2364 domum
1042 2338 1119 2364 re-

230 2384 396 2425 ducere
433 2381 650 2423 solebant.
723 2377 796 2422 Cf.
830 2377 1029 2422 Walch.
1066 2379 1121 2422 ad

227 2439 383 2498 ‚Agr-ir.
409 2455 448 2481 c.
472 2439 514 2481 9.
556 2438 642 2482 An.
668 2438 735 2486 16,
756 2437 830 2478 27.
860 2438 1018 2489 globus
1043 2443 1119 2477 to-

229 2506 466 2553 gatorum.
530 2495 631 2537 Nic.
661 2493 831 2536 Heinsii
867 2494 1120 2537 emendatio

228 2560 327 2598 iam
357 2554 437 2610 qui
467 2559 741 2606 togatorum
771 2551 1019 2593 comitatus
1050 2559 1121 2594 est

230 2625 414 2667 egresso
468 2609 692 2652 refellitur
747 2608 897 2653 verbis
921 2639 934 2657 ,
1006 2624 1122 2667 quae

228 2685 328 2726 cap.
368 2670 436 2711 11.
472 2668 707 2723 leguntur:
750 2681 834 2708 nec
871 2666 1122 2708 comitatus

227 2728 341 2769 istos
366 2733 409 2767 et
435 2738 653 2779 egressus
683 2731 770 2766 aut
788 2723 1119 2780 frequentiam

227 2783 572 2827 salutationum
593 2783 872 2837 concupisco.

282 2866 472 2921 species.
531 2864 604 2908 De
627 2863 839 2921 dignitate
865 2871 907 2907 et
934 2871 1117 2907 externo

226 2920 466 2984 splendore
495 2922 667 2964 dictum
696 2929 872 2978 praeter
905 2920 1031 2965 locos
1061 2923 1117 2965 ab

225 2985 408 3038 interpr.
446 2979 616 3021 adlatos
648 2978 765 3036 apud
800 2978 948 3022 Cicer.
979 2978 1117 3022 Tusa.

225 3041 339 3095 disp.
368 3040 406 3092 1,
431 3036 501 3078 28.
534 3037 588 3077 de
623 3045 715 3079 nat.
750 3036 876 3080 deor.
898 3036 940 3088 2,
962 3035 1034 3080 39.
1063 3035 1118 3079 de

207 3104 394 3139 sseneet.
420 3110 460 3138 e.
487 3093 554 3137 16.

283 3181 406 3234 quod
436 3177 664 3232 gaudium
697 3178 1008 3232 consurgendi
1024 3178 1117 3218 ad-

225 3237 524 3290 sistendique.
594 3233 732 3276 MSS.
770 3235 908 3292 Neap.
957 3234 1115 3289 [Fam.

224 3294 341 3352 apud
374 3290 583 3345 Bekker]
627 3298 667 3332 et
704 3291 876 3336 Vaticc.
914 3295 1038 3347 quod
1070 3292 1118 3333 id

221 3351 466 3405 gaudium,
517 3349 637 3405 quod
669 3348 828 3390 vitium
861 3357 1011 3390 ortum
1050 3355 1115 3390 est

224 3425 273 3450 ex
301 3405 660 3463 praecedentium
683 3405 928 3448 litterarum
956 3405 1114 3463 repeli-

219 3466 361 3508 tioue.
395 3462 638 3511 Ernestius,
661 3470 708 3505 ut
726 3470 927 3505 tacentes
943 3462 1113 3511 habeat,

221 3523 297 3565 cui·
348 3529 638 3578 opponatur,
717 3534 824 3578 pro·
850 3522 1121 3563 adsistendi

1189 949 1288 992 vult
1338 948 1476 992 scribi
1527 949 1823 1005 dicendique,
1881 957 1926 992 et
1975 948 2080 992 Nic.

1189 1006 1398 1049 Heinsius
1445 1005 1557 1049 adeo
1596 1014 1740 1064 captat
1782 1006 2083 1056 coniecturas,

1188 1072 1238 1106 ut
1263 1080 1355 1106 non
1377 1062 1526 1106 solum
1547 1066 1844 1117 consurgenti
1860 1065 2080 1106 assisten-

1190 1123 1338 1177 tique,
1398 1121 1475 1163 sed
1521 1121 1653 1164 etiam
1695 1121 1929 1165 assztienti
1971 1138 2082 1167 cor-

1189 1180 1336 1237 rigere
1359 1178 1484 1224 velit.

1247 1269 1292 1305 et
1324 1262 1375 1304 in
1410 1276 1554 1304 unum
1592 1275 1847 1306 conuersos.
1930 1262 2083 1319 Quam

1189 1318 1421 1362 Acidalius
1443 1334 1500 1373 ex·
1517 1319 1778 1363 coniectura
1803 1319 1975 1364 addidit
1999 1336 2084 1364 co-

1187 1376 1367 1435 pulam,
1405 1391 1631 1434 quamque
1659 1376 1953 1420 lleumannus
1985 1395 2081 1421 ser-

1189 1433 1324 1482 vavit,
1355 1449 1454 1476 eam
1476 1449 1599 1476 nunc
1619 1433 1816 1480 firmavit
1831 1436 1928 1481 MS.
1943 1435 2083 1493 Neap.

1189 1491 1444 1536 auctoritas.
1513 1490 1773 1534 Temeraria
1803 1507 1910 1535 vero
1941 1492 2082 1536 Hein-

1190 1549 1312 1591 siana
1335 1547 1586 1591 emendatio
1609 1555 1698 1591 est:
1733 1550 1783 1592 in
1804 1565 1952 1592 unum
1973 1565 2082 1593 con-

1190 1620 1329 1647 verso
1382 1619 1464 1647 ore
1514 1606 1635 1647 coire
1683 1609 1928 1660 populum.
2010 1607 2083 1651 De

1191 1670 1419 1706 structura
1452 1662 1610 1706 verbb.
1645 1677 1744 1720 sqq.
1776 1665 1901 1707 coire
1929 1681 2085 1721 popu·

1189 1723 1290 1763 lum
1319 1720 1377 1764 ef.
1400 1717 1600 1763 Waleh.
1624 1721 1680 1764 ad
1706 1721 1860 1789 Agric.
1884 1739 1928 1781 p.
1954 1723 2054 1768 310.

1249 1803 1563 1860 circumfundi
1599 1818 1844 1857 coronam.
1924 1806 2084 1865 Copu-

1193 1861 1284 1905 lam
1316 1869 1420 1904 ante
1448 1861 1761 1916 circumfundi
1780 1863 1895 1906 male
1920 1864 2085 1910 ‹lelex-'it

1191 1919 1442 1963 Acidalius.
1473 1942 1526 1952 —
1587 1933 1749 1961 coram
1770 1929 1905 1964 exstat
1924 1921 1971 1965 in
1982 1921 2084 1968 MS.

1191 1975 1333 2034 Neap.
1359 1975 1460 2018 edd.
1476 1975 1595 2032 Spir.
1618 1975 1720 2019 Pul.
1738 1975 1840 2021 Riv.
1862 1978 1966 2022 Ber.
1981 1979 2081 2024 Alc.

1191 2033 1337 2076 Rhen.
1362 2032 1469 2076 Ald.
1502 2032 1619 2090 Lips.
1651 2032 1826 2078 Pithoe.
1859 2034 2083 2095 Bernegg.

1195 2090 1406 2134 Gronov.
1436 2098 1480 2132 et
1514 2106 1658 2149 nuper
1682 2090 1874 2136 Seebod.
1899 2091 2082 2139 Dronk.

1191 2148 1364 2191 Osann.
1397 2147 1536 2202 Quod
1559 2147 1816 2205 intelligunt
1837 2148 1901 2194 illi
1924 2151 1978 2193 de
2002 2167 2082 2210 po·

1192 2205 1323 2263 pulo,
1364 2205 1441 2262 qui
1465 2212 1681 2261 quantum
1711 2207 1913 2264 proxime
1942 2210 2083 2266 possit

1191 2262 1246 2306 ad
1264 2270 1492 2304 oratorem
1516 2262 1728 2305 accedere
1748 2273 1939 2308 conatur
1959 2282 2083 2319 eum·

1192 2335 1280 2376 que
1305 2318 1535 2362 confertus
1561 2319 1835 2371 circumdat,
1854 2337 1956 2380 quo
1981 2339 2083 2367 me-

1192 2376 1280 2419 lius
1325 2375 1420 2419 eius
1464 2377 1602 2420 verba
1646 2377 1843 2436 excipiat.
1923 2382 1987 2424 At
2035 2380 2081 2431 id

1190 2433 1340 2492 ipsum
1373 2435 1475 2476 satis
1509 2433 1599 2476 iam
1634 2433 1877 2479 indicatum
1905 2436 1970 2480 est
1992 2440 2080 2481 cit·-

1191 2490 1439 2546 cumsundi
1458 2491 1711 2542 vocabulo,
1740 2492 1800 2536 ita
1821 2501 1869 2536 ut
1886 2495 2081 2539 otiosum

1193 2556 1236 2591 et
1261 2548 1522 2604 languidum
1549 2557 1661 2591 esset
1681 2563 1842 2593 coram
1864 2551 2081 2599 additum.

1191 2606 1358 2664 Recepi
1388 2606 1523 2663 igitur
1545 2605 1824 2662 ingeniosam
1852 2608 2082 2659 coniectu·

1191 2679 1290 2706 ram
1321 2661 1512 2706 Acidalii
1552 2671 1594 2703 et
1637 2662 1800 2707 Schelii
1843 2663 2083 2719 coronata,

1191 2736 1304 2778 quae
1334 2727 1376 2761 et
1408 2737 1455 2761 ex
1480 2718 1684 2776 vulgatae
1715 2719 1921 2765 lectionis
1947 2726 2081 2770 vesli-

1191 2776 1272 2834 giis
1298 2775 1418 2819 sacili
1444 2776 1620 2819 elicitur
1640 2777 1822 2844 negotio
1844 2788 1886 2822 et
1906 2790 2080 2826 senten·

1188 2836 1297 2878 tiam
1334 2832 1535 2876 continet
1567 2834 1857 2892 aptissimam.
1925 2838 2082 2898 Neque

1188 2900 1338 2934 tamen
1354 2891 1567 2947 intelligo,
1581 2891 1856 2937 curlleinsio
1872 2888 2080 2952 etSchul'·

1189 2947 1259 2990 zio
1283 2948 1448 2990 rectius
1479 2948 1683 2993 videatur
1709 2965 1908 3009 corona,
1957 2955 2080 3013 quod

1187 3005 1381 3048 Seebod.
1408 3019 1588 3061 quoque
1610 3006 1656 3048 in
1681 3007 1785 3051 edit.
1807 3025 1875 3068 pr.
1895 3012 2080 3070 recepit.

1188 3061 1299 3105 nihil
1320 3063 1430 3104 certi
1455 3063 1573 3104 enim
1597 3063 1750 3122 colligi
1777 3075 1923 3124 potest
1942 3085 1991 3111 ex
2005 3069 2078 3113 Si·-

1187 3118 1235 3162 lii
1270 3118 1373 3161 loco
1400 3119 1479 3161 lib.
1503 3120 1544 3162 7.
1575 3137 1610 3165 v.
1632 3121 1755 3173 308„
1789 3122 1835 3167 in
1862 3141 1953 3182 quo
1976 3141 2075 3168 ccr-

1186 3177 1260 3219 nis
1272 3209 1285 3231 9
1321 3182 1373 3216 ut
1395 3185 1591 3219 armata
1608 3180 1989 3235 circumfundare
2008 3199 2078 3226 co·

1187 3248 1310 3276 rona
1332 3233 1413 3276 alia
1437 3234 1748 3291 accipiendum
1776 3248 1841 3282 est
1859 3239 2076 3297 significa·

1187 3291 1331 3340 tione,
1371 3291 1424 3332 de
1447 3307 1533 3347 qua
1565 3293 1622 3335 cf.
1646 3292 1840 3355 lnterpr.
1866 3300 1919 3338 ad
1947 3297 2076 3342 Caes.

1188 3347 1290 3395 bell.
1320 3345 1439 3390 Gall.
1466 3350 1504 3396 7,
1526 3348 1595 3392 72.
1655 3351 1793 3393 Recte
1825 3351 1910 3396 dici
1976 3371 2075 3400 osse

1186 3405 1574 3460 circumfunditur
1597 3421 1773 3450 corona
1792 3409 1924 3454 docet
1935 3370 2078 3461 'ii-acii.

1188 3464 1274 3505 Αη.
1302 3465 1340 3512 1,
1363 3463 1432 3506 68.
1457 3465 1567 3506 exin
1591 3467 1797 3508 clamore
1822 3475 1866 3508 et
1897 3468 2075 3523 impetu

1184 3521 1327 3575 tergis
1381 3521 1733 3564 Germanorum
1790 3526 1956 3570 circum
1984 3543 2071 3570 un-
