2150 4022
116 304 118 306 ,
186 262 313 322 202
458 214 717 319 iuml
762 216 1084 322 Acme.
1129 261 1362 323 VITA
1427 263 1622 327 cAP.
1660 265 1763 329 41.

120 413 122 415 ·
186 391 335 449 citus
373 390 437 446 in
464 388 693 446 Moesia
717 387 1018 468 Daciaque
1053 405 1108 450 et
1133 392 1457 450 Germania
1485 393 1916 474 Pannoniaque
1951 409 2041 457 te-

183 477 451 536 meritate
492 486 593 532 aut
625 494 732 550 per
763 476 1061 549 ignaviam
1097 479 1317 535 ducum
1350 480 1574 536 amissi:
1630 492 1717 539 tot
1755 483 2043 540 militares

181 563 300 619 viri
328 571 578 618 cumtot
609 556 954 629 cohortibus
985 563 1302 639 expugnati
1337 574 1392 621 et
1429 566 1609 640 capti:
1668 587 1777 624 nec
1813 568 1932 625 iam
1965 569 2040 625 d'e

180 647 368 704 limite
397 645 635 721 imperii
661 657 718 703 et
738 646 901 722 ripa,
946 650 1046 704 sed
1077 650 1149 704 de
1177 645 1444 704 hibernis
1470 651 1770 724 legionum
1806 664 1866 710 et
1899 673 2041 729 pos—

182 732 438 788 sessione
462 731 814 790 dubitatum.
902 733 984 790 ita
1003 779 1019 803 ‚
1066 754 1199 789 cum
1226 735 1443 791 damna
1465 737 1699 792 damnis
1726 739 2040 796 continua-

142 878 144 881 ,
181 828 388 875 rentur
422 828 597 894 atque
635 818 826 873 omnis
855 838 1046 875 annus
1074 819 1385 876 funeribus
1411 831 1467 876 et
1493 821 1760 879 cladibus
1786 817 2041 897 insigni-

179 914 375 972 retur,
428 903 779 978 poscebatur
813 924 914 959 ore
944 904 1110 977 vulgi
1136 906 1255 961 dux
1279 902 1582 978 Agricola:
1642 910 2045 984 comparanti--

178 989 292 1048 bus
343 988 567 1054 cunctis
612 988 908 1061 vigorem,
965 991 1356 1047 constantiam
1405 1002 1486 1072 et,
1515 1003 1818 1067 expertum
1864 995 2037 1052 bessis

178 1074 448 1130 animum
485 1094 620 1130 cum
655 1074 869 1130 inertia
906 1085 962 1131 et
997 1075 1318 1132 formidine
1354 1096 1579 1136 eorum.
1668 1079 1884 1154 quibus
1912 1100 2037 1137 ser-

175 1159 455 1216 monibus
487 1158 626 1216 satis
661 1171 887 1217 constat
911 1157 1241 1218 Domitiani
1279 1182 1514 1238 quoque
1555 1182 1726 1220 aures
1763 1167 2037 1223 verbera-

613 1332 618 1367 Ι

234 1411 284 1454 in
297 1409 492 1454 Moesia.
550 1409 653 1454 MS.
667 1408 768 1454 Vat.
783 1409 911 1454 3429.
937 1411 1068 1466 (teste

174 1466 378 1520 Dronk.)
418 1467 559 1511 Misia
601 1489 660 1501 -·-
708 1469 810 1512 edd.
854 1468 956 1513 Put.
1002 1486 1071 1527 pr.

173 1527 304 1571 Med.
348 1525 464 1570 Ven.
515 1524 726 1568 Beroald.
772 1525 875 1570 Alc.
924 1525 1068 1570 Rhcn.

172 1584 338 1643 Mysia.
397 1583 456 1628 cf.
475 1590 569 1628 not.
594 1583 649 1626 ad
673 1583 785 1627 Hist.
812 1586 850 1633 1,
869 1584 941 1627 76.

191 1685 198 1688 ’
229 1667 591 1724 Pannoniaque.
663 1667 764 1712 MS.
798 1667 902 1712 Vat.
941 1668 1069 1712 3429.

174 1733 221 1770 et
239 1724 521 1780 Pannonia,
554 1725 672 1768 idem
696 1725 745 1768 in
768 1726 869 1771 edd.
884 1726 1069 1771 Becker.

173 1792 218 1826 et
248 1783 416 1827 Hertel.
448 1782 660 1826 Broterio
697 1799 877 1855 quoque
907 1786 1070 1844 vulga-

167 1850 269 1886 tum
285 1840 441 1884 durius
464 1850 584 1885 certe
607 1857 692 1884 nec
714 1858 764 1884 ex
779 1841 925 1886 'laciti
941 1859 1068 1885 more

172 1899 427 1944 videbatur.
499 1897 587 1942 Sed
613 1897 672 1941 cf.
699 1901 788 1943 An.
813 1902 849 1952 1,
873 1901 915 1943 4.
953 1904 1067 1942 dum

172 1959 419 2011 Augustus
458 1963 619 1998 aetate
661 1959 850 2000 validus
889 1975 941 2002 se
957 1974 983 2014 q
999 1973 1067 2000 ue

173 2022 231 2057 et
261 2017 454 2056 domum
486 2021 541 2055 et
563 2029 731 2069 pacem.
764 2018 1040 2059 sustentavit
1055 2034 1069 2067 ;

170 2071 281 2114 ibid.
315 2071 357 2124 4,
390 2067 432 2114 4.
473 2086 645 2126 seque
676 2088 744 2115 ac
779 2076 983 2118 maiores
1013 2083 1069 2115 et

167 2137 388 2185 posteros
421 2131 693 2184 municipali
717 2134 936 2174 adultero
954 2131 1070 2185 soe-

172 2188 344 2239 dab‚at,·
400 2186 510 2229 ibid.
535 2186 575 2238 4,
599 2187 643 2229 2.
676 2194 729 2229 ut
754 2190 897 2231 simul
923 2191 1068 2244 impe-

172 2245 250 2300 ria
275 2244 534 2298 acciperent
557 2259 871 2301 numeroque
906 2255 958 2289 et
988 2262 1067 2289 ro·-

173 2305 282 2345 bore
318 2310 372 2345 et
402 2303 506 2345 visu
534 2302 662 2346 inter
680 2317 732 2345 se
750 2304 933 2360 fiducia
958 2305 1071 2360 zjosis

173 2389 296 2407 .....
334 2363 629 2409 crederetur,
677 2376 790 2418 quos
818 2362 944 2406 locos
982 2361 1064 2404 de-

171 2418 331 2462 bemus
356 2415 602 2464 Walchio.

230 2509 300 2545 tot
322 2502 553 2545 militares
576 2503 675 2547 viri.
734 2501 814 2547 Sic
837 2503 940 2547 edd.
961 2503 1072 2546 anti·

175 2575 290 2617 quae
313 2575 487 2604 omneS.
547 2560 723 2619 Lipsius
750 2561 945 2604 malebat
976 2563 1069 2603 mi-

174 2619 339 2659 litares
369 2621 579 2674 numeri,
625 2628 674 2663 ut
705 2618 765 2662 ita
789 2622 980 2662 numeri
1003 2621 1070 2663 in·

174 2673 484 2732 telligerentur
507 2676 726 2727 Romani,
771 2677 981 2720 cohortes
1002 2693 1072 2721 so·

177 2730 334 2784 ciales;
373 2731 409 2776 I.
445 2732 524 2777 Fr.
558 2733 823 2777 Gronovius
856 2735 1072 2778 Observv.

175 2788 230 2840 ll,
252 2789 324 2833 ΞΟ.
344 2793 426 2847 ’[ρ.
450 2791 547 2836 195.
586 2790 660 2835 ed.
691 2792 917 2846 Frotsch.]
951 2795 1070 2835 mili·

178 2855 307 2889 tares
335 2848 446 2899 vici,
488 2865 622 2906 quam
657 2850 964 2893 coniecturam
997 2849 1071 2891 fir-

177 2920 302 2947 mare
327 2905 470 2949 voluit
493 2909 581 2951 An.
612 2907 678 2956 12,
705 2907 776 2950 38.
811 2924 865 2950 ac
898 2909 949 2949 ni
985 2910 1071 2950 cito

174 2962 286 3005 vicis
309 2977 365 3003 ac
395 2966 595 3006 castellis
613 2965 850 3018 proximis
872 2967 1072 3008 subven-

178 3027 279 3062 tum
302 3019 462 3075 soret,
520 3021 595 3062 ubi
632 3022 764 3066 codd.
802 3024 1070 3078 scripturam

177 3079 351 3119 nuntiis
401 3077 700 3130 restituimus3
752 3081 840 3123 An.
890 3081 954 3131 14,
996 3081 1067 3124 30.

174 3135 468 3188 praesidium
488 3138 687 3187 posthac
708 3139 983 3190 impositum
1011 3139 1071 3179 vi·

179 3192 243 3235 cis
269 3192 505 3248 excisique
539 3195 630 3235 luci
660 3197 808 3237 saevis
840 3196 1069 3250 supersti-

179 3251 378 3292 tionibus
424 3251 574 3300 sacri,
636 3252 711 3293 ubi
762 3268 920 3295 omnes
967 3251 1070 3295 libri

178 3307 311 3349 victis
335 3314 544 3359 tuentur,
576 3315 618 3349 et
642 3308 755 3351 Hist.
787 3309 826 3356 5,
853 3312 927 3353 20.
959 3318 1069 3351 tan-

181 3371 372 3420 tumque
391 3365 497 3407 belli
519 3366 770 3419 superfuit,
809 3376 859 3410 ut
887 3366 1070 3421 praesi-

181 3424 260 3464 dia
280 3425 564 3476 cohortium,
588 3426 778 3466 alarum
793 3457 804 3478 ‚
838 3426 1072 3479 legionum

181 3482 377 3523 modicis
401 3480 512 3523 vicis
541 3482 887 3536 quadripartita
915 3483 1075 3524 Ciuilis

183 3537 435 3589 invaserit,
475 3536 554 3580 ubi
589 3553 691 3581 cum
725 3538 990 3581 melioribus
1026 3538 1075 3581 li·

181 3593 274 3638 bris
306 3594 602 3653 scripsimus„
625 3627 636 3639 .
666 3627 678 3640 .
714 3597 948 3651 legionum
980 3611 1073 3639 uno

1139 1413 1212 1454 die
1254 1411 1405 1455 Civilis
1447 1413 1799 1468 quadripartito
1844 1416 2034 1458 invase-

1139 1472 1216 1513 rit.
1307 1470 1563 1513 Probarunt
1618 1481 1764 1514 tamen
1813 1471 2035 1516 Gronovii

1142 1527 1505 1570 emendationem
1540 1528 1747 1572 Heinsius
1781 1530 1836 1573 ad
1869 1527 2035 1572 Vellei.

1142 1584 1240 1628 Pat.
1275 1586 1320 1636 2,
1358 1586 1456 1627 115.
1493 1592 1536 1627 et
1566 1586 1770 1638 Arztius,
1806 1587 1885 1630 sed
1918 1586 1956 1629 is
1986 1587 2036 1630 in

1112 1663 1119 1675 ι
1141 1641 1511 1686 adnotationibus
1535 1643 1766 1688 militares
1787 1645 1882 1688 viri
1901 1673 2034 1689 .....

1142 1700 1369 1743 trucidati
1401 1699 1721 1758 corrigendum
1754 1700 1933 1754 suadet,
1977 1700 2035 1746 V.

1141 1757 1203 1800 D.
1257 1758 1303 1799 in
1356 1756 1530 1816 ephem.
1580 1758 1648 1801 lit.
1693 1758 1869 1803 lenens.
1916 1758 2035 1818 apud

1140 1814 1352 1858 Dronk.:
1396 1822 1463 1857 tot
1487 1818 1717 1859 limitores
1739 1817 1838 1859 vici.
1896 1816 2036 1860 Scili-

1141 1881 1211 1915 cet
1249 1872 1403 1916 offensi
1437 1882 1540 1916 sunt
1575 1888 1734 1916 omnes
1766 1873 1834 1917 illi
1863 1873 1908 1918 in
1944 1889 2032 1919 ex-

1134 1931 1337 1982 pugnati
1386 1931 1606 1973 vocabulo
1662 1931 1717 1974 de
1775 1932 2034 1976 hominibus

1140 1995 1379 2044 usurpato;
1406 1987 1482 2030 sed
1507 1987 1563 2031 cf.
1588 1988 1715 2032 Curt.
1738 1989 1779 2038 6,
1800 1989 1842 2033 6.
1866 1993 1930 2031 ad
1951 2005 2033 2034 cx-

1136 2048 1415 2098 pugnandos
1458 2058 1561 2096 eos,
1616 2045 1697 2101 qui
1729 2046 1857 2088 edita
1893 2063 2035 2090 mon-

1141 2103 1258 2143 tium
1305 2111 1665 2155 occupaverant,
1719 2105 1867 2155 redit3
1923 2105 2030 2150 ibid.

1139 2161 1182 2210 9,
1203 2161 1245 2201 4,
1271 2161 1470 2202 inclusos
1499 2162 1738 2202 moenibus
1764 2170 2005 2216 expugnat
2019 2182 2032 2214 ,-

1140 2217 1265 2260 Flor.
1304 2217 1346 2267 2,
1387 2219 1429 2266 2,
1470 2219 1536 2260 16.
1587 2222 1848 2273 expugnati
1887 2220 2038 2262 Poeni

1142 2283 1237 2316 toto
1258 2274 1387 2317 mari
1399 2291 1413 2325 ,·
1442 2274 1598 2318 lustin.
1621 2275 1661 2327 3,
1689 2279 1727 2324 5,
1754 2279 1793 2320 1.
1817 2277 2037 2321 Messenii

1136 2347 1224 2387 per
1247 2332 1442 2374 insidias
1462 2342 1822 2387 est-pugnantum
1847 2334 1889 2384 8,
1902 2335 1944 2387 4,
1962 2337 2033 2380 11.

1141 2391 1423 2444 expugnatis
1445 2392 1676 2432 veteribus
1705 2393 1896 2443 incolis;
1934 2393 2034 2452 epi-

1141 2455 1254 2490 tom.
1286 2446 1381 2490 Liv.
1405 2447 1476 2491 62.
1515 2448 1570 2506 Q.
1602 2449 1810 2492 Marcius
1837 2449 2035 2495 Stoenos

1138 2512 1324 2558 gentem
1348 2505 1570 2557 Alpinam
1593 2511 1896 2560 expugnavit.
1929 2507 2033 2552 vid.

1142 2561 1422 2605 Freinshem.
1464 2563 1561 2606 lnd.
1598 2562 1721 2606 Flor.
1758 2565 1798 2606 h.
1835 2582 1883 2607 va
1945 2567 2031 2610 Re·

1144 2621 1339 2663 ctissime
1359 2619 1372 2662 i
1407 2621 1494 2662 itur
1517 2629 1706 2662 recentt.
1731 2622 1831 2666 edd.
1851 2622 2029 2668 Broter.

1143 2677 1324 2720 Ernest.
1414 2677 1573 2720 berlin.
1617 2676 1797 2722 Dronk.
1841 2679 2031 2725 Becker.

1142 2734 1310 2778 Hertel.
1342 2733 1539 2777 Walcb.
1579 2735 1617 2776 1.
1654 2734 1826 2779 Bekker
1860 2740 2033 2796 antiqu.

1143 2793 1246 2835 edd.
1269 2791 1542 2848 scripturam
1565 2792 1864 2839 retinuerunt.
1910 2796 2030 2840 Mili·

1142 2857 1274 2891 tares
1305 2850 1395 2890 viri
1426 2857 1650 2893 vocantur
1672 2850 1756 2908 ipsi
1777 2852 1937 2905 duces,
1982 2861 2031 2901 ut

1142 2909 1233 2951 An.
1267 2906 1333 2956 15,
1364 2906 1432 2950 26.
1467 2906 1670 2950 Corbulo
1704 2910 1774 2950 vir
1807 2913 2033 2955 militaris

1143 2963 1385 3022 appellatus
1423 2973 1487 3007 est
1526 2973 1568 3007 et
1606 2965 1724 3022 apud
1756 2965 1864 3011 Sall.
1897 2967 2030 3014 Catil.

1142 3023 1209 3072 59,
1252 3021 1293 3064 6.
1365 3021 1566 3064 Petreius
1608 3024 1750 3064 homo
1793 3027 2032 3071 militaris.

1141 3079 1222 3130 [cf.
1241 3078 1382 3121 Kritz·
1409 3079 1462 3121 ad
1487 3079 1669 3122 Sallust.
1686 3081 1782 3126 Cat.
1809 3099 1849 3127 c.
1872 3084 1943 3135 45,
1963 3086 2031 3142 2.]

1200 3152 1306 3178 cum
1327 3138 1495 3178 inertia
1520 3146 1562 3178 et
1571 3138 1836 3192 formidine
1853 3156 2032 3185 eorum.

1141 3194 1193 3236 In
1223 3210 1358 3251 marg,
1385 3193 1488 3236 cod.
1505 3192 1743 3239 Vat.3429.
1765 3197 1874 3242 haee
1898 3198 2032 3243 verba

1142 3252 1362 3308 adscripta
1403 3250 1640 3307 leguntur:
1691 3255 1802 3305 „AL
1833 3257 2034 3298 inerciae

1143 3316 1186 3350 et
1207 3308 1513 3364 sormidini.'’
1573 3311 1750 3354 Eorum
1773 3328 1930 3356 omnes
1963 3328 2034 3356 ex·

1140 3366 1294 3409 hibent
1317 3366 1441 3414 libri,
1467 3367 1587 3423 quod
1611 3382 1747 3425 quum
1773 3368 2032 3425 languidum

1141 3423 1369 3468 videretur
1398 3439 1483 3466 nec
1512 3425 1615 3468 satis
1651 3424 1862 3478 latinum,
1915 3428 2033 3471 Gro.

1142 3480 1230 3523 tius
1271 3480 1527 3538 corrigebat
1567 3491 1852 3538 ceterorum,
1909 3490 2032 3543 quod

1139 3535 1339 3580 Hertelio
1388 3539 1616 3595 placebat,
1669 3538 1775 3583 item
1799 3571 1802 3574 -
1825 3541 2032 3589 Ernestio

1145 3595 1368 3640 Oberlino
1401 3603 1444 3637 et
1469 3594 1504 3638 Ι.
1531 3595 1750 3640 Bekkero.
1816 3599 2031 3646 Infelicis-
