2150 4022
338 255 631 320 ²,11321211'1
678 236 1000 317 Acme.

1181 70 1208 77 l

1040 258 1092 312 v
1114 257 1280 319 ITA
1335 255 1455 317 CA
1470 257 1537 320 122
1572 222 1669 319 19.
1828 258 1948 319 153

91 395 410 449 merum
434 385 701 456 mollire}
758 385 1146 455 circumcisiS‚
1212 408 1362 463 quae
1410 387 1478 444 ‘in
1517 397 1824 464 quaestum
1853 407 1947 444 re*

90 470 256 551 perta
294 474 422 548 ipso
455 471 714 528 tributo?
744 470 981 544 gravius
1006 469 1460 531 tolerabantur.

1545 481 1803 548 tia-mque
1839 493 1947 547 per

92 556 427 621 ludibrium.
457 556 725 614 adsidere
766 556 982 613 clausis
1017 551 1247 631 horreis
1292 568 1348 613 et
1395 574 1584 614 emere
1625 557 1783 614 ultro
1819 558 1948 616 fru-

89 769 365 837 scripserunt
430 770 524 813 sine
591 768 752 812 idonea
823 783 980 819 causa3

88 828 320 888 Heia-slus,
365 835 415 877 ut
431 826 577 890 solet?
616 837 786 876 temere
821 842 981 886 corre-

87 884 149 928 xit
162 901 182 940 :-
220 900 369 941 aequa
401 882 483 940 (vel
517 885 769 940 aequabili)
801 882 982 926 vilitate

91 945 366 985 imminuere
397 950 444 985 et
471 943 680 997 mollire,
706 941 789 984 'vel
820 942 981 985 immi·
1010 971 1015 979 .

88 1009 258 1050 nutam
272 1003 466 1050 mollire.
476 1024 519 1032 -
536 1000 626 1048 Pro
639 1015 887 1045 munerum
897 999 984 1043 Pu-

94 1052 389 1101 teolani'edd.
414 1074 568 1100 omnes
594 1065 636 1099 et
649 1055 984 1114 Beroald.-³ope-

11 1134 15 1138 ’
88 1130 242 1157 rarum
285 1130 440 1157 errore
482 1114 686 1158 exhibent
717 1128 985 1157 numerum.

89 1171 288 1214 munera
342 1171 540 1230 intellige
605 1171 782 1219 officia,
867 1187 979 1228 quae

90 1236 368 1286 praestantur
390 1261 404 1281 ,
468 1228 735 1285 vectigalia,
759 1270 761 1273 ,
798 1229 980 1280 tributa,

92 1301 205 1342 quae
273 1285 490 1345 imperata
534 1294 668 1331 sunt.
770 1283 978 1330 Omnino

90 1356 202 1388 vero
254 1343 476 1391 sententia
529 1343 642 1388 baec
695 1352 792 1387 est:
860 1342 979 1400 'fru-

90 1400 234 1445 menti
263 1411 308 1447 et
328 1401 603 1447 tributorum
637 1401 892 1451 auctionem
924 1401 978 1444 ab

89 1456 306 1514 Agricola
360 1459 418 1501 ita
466 1457 688 1501 mollitam
734 1474 856 1509 esse,
915 1466 979 1507 ut,

89 1514 213 1572 quod
259 1526 521 1574 posceretur
568 1515 783 1573 amplius,
841 1532 981 1574 aequa

90 1573 186 1628 lege
220 1572 476 1629 dispertiret
515 1575 634 1618 inter
669 1589 853 1622 omnes,
898 1589 983 1617 nec

90 1629 333 1688 quicquam
375 1632 625 1676 remitteret-
663 1631 742 1682 iis,
793 1630 870 1687 qui
909 1638 984 1672 aut

90 1687 303 1743 praesidis
334 1689 472 1746 gratia
506 1697 579 1730 aut
607 1703 764 1731 manca
787 1688 984 1731 exactio*

92 1743 161 1786 nis
182 1743 381 1789 formula
402 1746 551 1791 minus
572 1745 817 1788 dederant..

147 1827 446 1884 circumcisis,
504 1844 622 1885 quae
662 1829 708 1872 in
738 1837 982 1886 quaestum

91 1889 279 1939 reperta
299 1888 400 1940 ipso
423 1896 480 1929 tr.
505 1900 579 1941 gr.
606 1889 684 1929 tol.
746 1887 861 1931 Edd.
879 1886 983 1930 Put.

93 1954 162 2001 pr.
203 1943 327 1986 Me‘d.
352 1942 470 1987 Ven.
505 1942 711 1987 Beroald.
747 1943 851 1988 Alc.
888 1946 983 1986 cir-

91 1999 307 2048 cumcisis
362 2002 412 2042 in
469 2010 715 2057 quaestum
774 2010 980 2058 reperta,

94 2071 218 2112 quae
269 2066 384 2109 etc.;
446 2060 512 2102 ed.
553 2058 657 2104 Riv.
709 2060 986 2103 circumcisis

92 2127 210 2170 qaae
237 2115 284 2157 in
310 2124 558 2172 quaestum
581 2124 797 2171 reperta,
838 2132 958 2172 quae
971 2136 986 2168 ‚-

90 2172 370 2229 transposito
402 2173 716 2231 ”pronomine
796 2174 981 2218 relativo

92 2229 345 2273 emendavit
364 2231 516 2274 locum
544 2231 811 2284 Rhenanus,
847 2247 982 2291 quem

92 2287 267 2344 sequuti
293 2297 398 2331 sunt
426 2289 620 2338 editores
657 2305 815 2332 omnes
847 2305 980 2348 prae-

92 2350 163 2386 ter
182 2343 420 2388 Pichenam
433 2379 445 2397 ,
477 2347 552 2404 qui
572 2348 772 2402 repertis
791 2345 983 2391 malebat

94 2409 252 2444 contra
275 2401 556 2447 latinitatem.
924 2403 926 2406 ’

146 2499 234 2538 per
272 2486 527 2530 ludibrium
563 2489 779 2532 adsidere
815 2488 984 2534 clausis

93 2544 275 2586 horreis
296 2551 381 2592 etc,
443 2544 617 2588 Clausa
638 2548 811 2589 horrea
832 2554 983 2593 utrum

94 2599 184 2644 sint
208 2595 522 2647 Romanorum
549 2619 604 2646 an
640 2602 986 2660 provincialium

92 2657 402 2715 intelligenda,
454 2660 572 2706 inter
603 2659 869 2718 interpretes
901 2659 985 2702 dis·

94 2725 314 2773 ceptatur.
390 2716 616 2763 Omnium
655 2717 988 2761 accuratissime

97 2771 151 2815 de
196 2774 294 2818 hoc'
318 2774 421 2822 loco
456 2775 691 2832 disputavit
717 2773 987 2822 Walchius,

97 2844 229 2886 quem
251 2831 287 2874 si
312 2831 567 2889 sequimur,
598 2831 759 2877 horrea
787 2832 860 2876 hic
883 2841 988 2878 sunt

96 2886 433 2940 Romanorum,
457 2889 505 2932 in
531 2890 692 2946 quibus
715 2890 940 2933 frumenta
964 2905 988 2932 a

96 2945 443 3001 provincialibus
470 2947 517 2989 in
539 2946 787 2991 Britannici
813 2956 855 2990 et
878 2945 988 2990 Ger·

98 3001 266 3044 manici
304 3005 520 3049 exercitus
555 3021 684 3048 usum
718 3012 866 3061 empta
905 3002 989 3047 ad-

98 3069 402 3110 servarentur,
448 3060 515 3104 his
539 3061 853 3109 Romanorum
877 3060 987 3104 hor-

98 3114 184 3158 reis
198 3115 402 3160 Britanni
422 3119 622 3162 adsidere
642 3135 720 3176 per
739 3118 987 3162 ludibrium

99 3174 377 3230 cogebantur
399 3176 591 3233 empturi
613 3176 920 3227 frumentum,
951 3175 988 3219 si

101 3229 279 3285 quando
303 3241 378 3274 aut
401 3234 459 3279 ob
481 3233 620 3277 annui
641 3243 886 3290 proventus
904 3241 988 3276 ste·

99 3286 310 3331 rilitatem
344 3298 419 3332 aut
456 3290 514 3333 ob
556 3291 771 3346 frumenti
807 3290 987 3348 copiam

103 3359 313 3401 agrorum
336 3346 455 3391 vires
471 3347 754 3391 excedentem
775 3347 882 3406 ipsis
906 3349 988 3390 im-

102 3410 298 3458 peratam
313 3405 502 3460 penuria
517 3404 785 3449 laborarent.
807 3405 989 3462 quando

106 3473 211 3501 vero
242 3476 292 3509 ex
320 3460 495 3505 horreis
527 3462 622 3504 istis
658 3462 990 3507 emendicantes

107 3514 233 3572 quasi
257 3515 482 3565 immenso
514 3517 658 3577 pretio
691 3518 770 3565 sibi
802 3535 992 3577 parave-

107 3579 206 3622 rant
228 3572 530 3625 frumentum,
566 3575 690 3620 idem
723 3577 868 3634 pretio
898 3585 987 3623 sta-

1053 777 1150 813 tuto
1184 783 1327 825 eoque
1357 768 1533 811 minore
1554 768 1749 813 vendere
1771 768 1943 815 Roma·

1053 826 1124 875 nis
1154 826 1454 889 cogebantur,
1486 835 1535 869 ut
1559 825 1841 871 frumentum
1862 829 1944 872 im-

1053 892 1259 942 peratum
1287 890 1578 940 praestarent.
1641 882 1787 928 Vertit
1808 885 1844 928 is
1867 886 1946 944 igi-

1055 950 1156 984 tur:
1203 944 1330 983 denn
1363 941 1451 982 wie
1482 956 1592 981 zum
1613 940 1758 983 Hohn
1782 956 1946 989 waren

1055 1002 1119 1042 sie
1141 1014 1204 1045 an
1228 999 1604 1041 verschlossenen
1627 998 1869 1044 Sclaeuern-
1886 1017 1947 1051 zu

1026 1054 1232 1099 'horren
1277 1058 1374 1096 und
1411 1054 1632 1097 Getraide
1661 1071 1764 1113 ⁴pon
1802 1059 1947 1101 selbst

1055 1129 1117 1155 zu
1142 1115 1425 1167 erhandeln,
1470 1115 1567 1154 und
1598 1128 1680 1154 um
1704 1113 1947 1158 Gesetztes
2001 1108 2008 1113 ”

1056 1173 1333 1213 abzulassen
1375 1170 1634 1224 gen'o'thzigt.
1724 1170 1784 1213 At
1827 1173 1946 1215 enim

1052 1235 1174 1275 veros
1189 1228 1295 1285 quid
1317 1227 1402 1271 sibi
1425 1227 1533 1272 velit
1552 1226 1664 1270 illud
1688 1242 1777 1271 von
1801 1232 1947 1274 selbst

1052 1286 1242 1342 (ultro)
1298 1285 1345 1329 in
1397 1283 1475 1328 tali
1523 1280 1947 1334 ⁴verborunss‘seric

1052 1343 1126 1387 vix
1156 1351 1366 1401 apparet3
1417 1357 1469 1384 ea
1513 1342 1634 1389 vocis
1675 1342 1944 1400 significatio

1051 1401 1106 1444 ab
1150 1400 1239 1444 boc
1278 1401 1386 1443 loco
1430 1415 1617 1457 prorsus
1667 1409 1732 1443 est
1782 1400 1945 1451 aliena.

1051 1474 1156 1501 nam
1181 1457 1414 1516 quomodo
1439 1456 1620 1501 tandem
1655 1457 1716 1508 is,
1761 1459 1838 1515 qui
1868 1457 1950 1506 ul«,-

1052 1525 1126 1559 tro
1147 1516 1177 1558 i.
1192 1531 1232 1557 e.
1248 1530 1328 1557 sua
1344 1523 1503 1571 sponte
1525 1513 1634 1561 emit
1655 1514 1950 1569 frumentum,

1053 1572 1219 1629 poterit
1258 1571 1452 1628 quereri.
1513 1580 1577 1614 est
1621 1572 1770 1629 potius
1819 1576 1949 1623 ultro

1055 1630 1366 1687 accipiendum
1388 1644 1469 1685 pro
1489 1632 1718 1682 amplius,
1745 1631 1950 1685 insuper,

1050 1696 1317 1741 praeterea,
1340 1685 1627 1743 scriptorque
1638 1687 1848 1733 indicavit
1862 1703 1949 1744 qua

1054 1743 1233 1790 ratione
1246 1742 1387 1789 vexati
1400 1744 1488 1792 sint
1501 1742 1722 1804 Britanni.
1756 1743 1851 1800 Qui
1866 1745 1950 1797 im*-

1054 1810 1205 1859 perata
1218 1799 1445 1845 frumenta
1455 1800 1512 1850 ad
1523 1800 1836 1849 Romanorum
1848 1803 1950 1854 bore
1990 1816 1994 1822 '

1054 1875 1130 1903 rea
1147 1866 1498 1915 asportaverant,
1514 1874 1594 1915 per
1610 1857 1861 1909 ludibrium
1876 1860 1948 1903 de·

1055 1915 1479 1970 tinebautur‚‚dum
1502 1914 1817 1973 acciperentur
1844 1916 1949 1965 frus-,-

1053 1982 1204 2015 menta
1246 1973 1484 2028 (adsidere
1525 1973 1694 2019 clausis
1738 1976 1951 2032 horreis),

1059 2031 1166 2089 quid
1207 2030 1331 2088 quod
1367 2028 1502 2078 etiam
1542 2039 1618 2075 aut
1656 2030 1737 2072 alia
1776 2031 1951 2076 indico·

1054 2089 1218 2131 bantur
1250 2086 1435 2145 horrea,
1484 2087 1540 2131 ad
1574 2103 1687 2144 quae
1719 2089 1951 2139 ferrentur

1055 2146 1286 2188 frumenta
1348 2144 1580 2199 (devonia
1631 2146 1851 2188 itinerum
1904 2155 1949 2193 cc

1053 2202 1377 2258 longinquitas
1411 2204 1654 2263 regionum
1691 2226 1750 2235 —-
1790 2203 1950 2260 defi-r·-

1054 2264 1195 2313 rent),
1217 2266 1291 2302 aut
1306 2258 1742 2304 omninorfrumenta
1762 2261 1818 2304 ab
1841 2261 1947 2308 civi-

1054 2317 1217 2361 tatibus
1234 2315 1378 2359 adlata
1399 2317 1789 2373 improbabantur.
1824 2319 1952 2373 Quas

1056 2374 1282 2418 molestias
1337 2382 1388 2416 ut
1439 2375 1664 2423 vitarent,
1725 2375 1953 2421 malebant

1054 2429 1352 2487 provinciales
1410 2447 1488 2473 sua
1546 2431 1776 2475 frumenta
1835 2435 1946 2477 reti-

1055 2505 1164 2531 nere
1206 2496 1249 2529 et
1294 2487 1415 2530 ultro
1461 2503 1611 2530 emere
1651 2505 1675 2532 a
1711 2489 1950 2545 Romanis,

1055 2545 1203 2607 pretio
1232 2552 1380 2588 tamen
1416 2544 1680 2602 grandiore,
1722 2547 1829 2604 quia
1868 2563 1947 2604 ves

1059 2611 1211 2646 cturae
1295 2610 1500 2659 sumptus
1586 2604 1949 2652 aestimabantun

1059 2659 1328 2716 Neutiquam
1363 2674 1472 2703 vero
1500 2674 1650 2702 sermo
1673 2669 1738 2704 est
1760 2661 1814 2704 de
1837 2678 1950 2722 pro-

1059 2716 1320 2760 vincialium
1355 2715 1541 2763 horreis
1590 2718 1644 2760 ab
1695 2719 1949 2777 publicanis

1059 2775 1130 2819 vel
1170 2773 1405 2832 praefectis
1441 2773 1617 2817 clausis.
1690 2775 1762 2819 Ad
1806 2778 1950 2821 nostri

1058 2832 1145 2876 loci
1188 2829 1575 2887 comparationem
1616 2831 1807 2892 adpositi
1846 2843 1951 2878 sunt

1060 2887 1348 2933 Ciceroniani
1407 2888 1456 2931 in
1515 2898 1648 2933 oratt.
1713 2891 1948 2936 Verrinar.

1060 2955 1148 2989 act.
1183 2945 1241 2988 ll.
1288 2944 1366 2987 lib.
1399 2943 1449 2987 3:
1481 2960 1521 2988 c.
1557 2946 1654 2990 72:
1705 2948 1950 2992 civitatum

1046 3003 1351 3059 frumentum
1370 3004 1634 3066 improbare
1646 3038 1658 3056 ,
1687 3019 1825 3048 suum
1841 3022 1950 3061 pro-

1058 3064 1194 3111 bare5
1234 3075 1338 3101 cum
1362 3074 1501 3103 suum
1528 3064 1799 3117 probasset,
1835 3078 1948 3118 pre-

1061 3120 1179 3159 tium
1243 3118 1287 3158 ei
1328 3115 1582 3171 frumento
1643 3122 1951 3164 constituere:

1061 3178 1184 3231 quod
1225 3176 1552 3227 constituisset,
1599 3178 1653 3220 id
1690 3177 1952 3222 civitatibus

1059 3232 1282 3288 auferre3
1332 3230 1442 3274 ibid.
1483 3249 1522 3276 c.
1550 3234 1648 3276 77.:
1688 3239 1952 3288 permultos

1059 3297 1277 3331 aratores
1310 3289 1358 3331 in
1384 3291 1567 3333 alteras
1592 3295 1815 3334 decumas
1835 3301 1880 3335 et
1901 3295 1950 3336 ia

1060 3349 1174 3388 haec
1218 3347 1481 3399 octingenta
1530 3350 1678 3391 millia
1726 3350 1950 3402 modium,

1062 3406 1186 3459 quod
1235 3413 1445 3459 emptum
1490 3408 1668 3460 populo
1718 3407 1947 3453 Romano

1061 3464 1263 3516 darent,
1306 3475 1404 3504 non
1441 3463 1681 3511 habuisse,
1724 3471 1768 3506 ct
1801 3480 1835 3507 a
1868 3472 1948 3510 tuo

1058 3526 1369 3571 procuratore
1393 3550 1406 3564 .
1435 3551 1446 3562 .
1469 3521 1663 3571 emisse
1719 3535 1817 3580 cap.
1850 3523 1947 3567 82:

1062 3575 1360 3619 instituerunt
1394 3576 1659 3630 (avariores
1691 3581 1949 3633 magistra-
