2150 4022
165 232 286 294 172

460 229 704 294 1UL11
749 229 1076 294 AGRIC.
1102 229 1371 296 2V1TA‘
1398 232 1720 305 CAP.28.

158 363 440 433 terfectis‚
484 363 755 419 nondum
793 362 1030 435 vulgato
1069 383 1307 421 rumore
1343 376 1409 422 ut
1446 355 1810 431 miraculum¹
1841 388 2014 444 prae-

157 446 542 519 vehebantur.
629 453 765 502 mox
801 439 911 504 hac
941 460 1115 525 atque
1153 449 1254 505 illa
1297 450 1511 525 raptis
1542 462 1599 508 et
1631 473 1779 514 cum.
1801 455 2014 529 pleriss-

160 555 274 612 qne
310 532 742 590 Britannorum
793 551 896 588 sna
945 532 1379 591 defensantium
1428 536 1654 610 proelio
1684 541 2013 613 congressi,

156 641 228 677 ac..
254 639 423 694 saepe
444 618 723 687 victoreS,
768 618 1086 695 aliquando
1117 620 1298 694 pulsi,
1343 639 1425 677 eo
1449 622 1524 677 ad
1563 633 1887 685 extremum
1915 626 2014 682 in·-

152 864 386 918 remigare
411 861 517 905 dixit
536 877 618 920 pro
644 864 927 916 gubernare,
954 861 1045 903 im-

154 921 230 964 ino
284 930 526 978 utrumque
582 918 785 963 officium
836 927 1047 963 accurate

152 979 443 1035 distinguitur
488 979 541 1037 ab
578 977 716 1023 Ovid.
752 976 940 1020 Metam.
979 976 1045 1028 13,

150 1036 250 1080 366.
290 1043 552 1093 quantoque
603 1043 754 1078 ratem
798 1035 879 1091 qui
922 1043 1041 1076 tem-

145 1101 313 1150 perat,
373 1095 523 1135 anteic
559 1093 767 1147 Remigis
821 1091 1040 1148 officium,

150 1159 324 1208 quanto
337 1156 438 1193 dux
451 1153 598 1193 milite
610 1155 779 1193 maior:
794 1151 839 1193 T
831 1158 946 1192 anto
960 1165 1044 1204 ego

147 1217 194 1252 te
215 1225 399 1264 supero·
446 1210 499 1252 Et
518 1218 684 1267 pugnat
703 1209 831 1251 huius
854 1207 1044 1266 scriptu-

148 1283 223 1310 rae
258 1280 413 1310 sensus
449 1283 549 1310 cum
584 1283 684 1323 sqq.
721 1265 917 1307 amissis
957 1280 1045 1319 per

148 1326 383 1368 inscitiam
406 1326 601 1377 regendi
617 1325 838 1370 navibus,
870 1340 918 1364 ex
943 1322 1042 1381 qui-

147 1383 231 1425 bus
251 1391 374 1424 recte
395 1381 650 1438 coiligitur‚
693 1398 749 1424 ne
782 1396 922 1423 unum
949 1381 1043 1438 qui-

146 1439 248 1482 dem
282 1441 626 1497 gubernatorem
667 1439 719 1482 iis
758 1437 1045 1495 superfuisse,

146 1497 222 1556 qui
252 1498 287 1541 si
314 1496 543 1543 adfuisset,
578 1496 703 1541 navis
728 1496 1043 1553 gubernandae

145 1556 370 1598 rationem
425 1554 535 1597 alios
587 1553 751 1597 docere
809 1553 1040 1610 potuisset.

147 1612 303 1668 Quare
325 1612 596 1655 servandum
629 1611 746 1654 duco
774 1611 1038 1664 remigran-

145 1677 204 1714 te.
292 1668 380 1726 Alii
432 1670 475 1712 id
526 1669 754 1728 accipiunt
801 1684 888 1726 pro
932 1684 1040 1726 par-

144 1726 300 1786 ticipio
347 1727 574 1786 perfectae
625 1727 838 1776 actionis,
894 1734 943 1768 ut
985 1725 1041 1768 sit

145 1801 291 1841 quum
351 1801 470 1828 unus
517 1786 846 1838 remigrasset,
908 1793 1039 1841 quem

143 1844 284 1902 igitur
317 1844 483 1901 fugisse
524 1851 750 1892 statuunt3
801 1841 876 1884 alii
920 1843 1041 1898 iique

143 1901 312 1945 rectius
346 1911 390 1945 et
422 1901 742 1958 remigrantem
778 1899 843 1955 (h.
881 1915 918 1942 e.
956 1914 1039 1941 na-

143 1975 249 2004 vem
275 1975 353 2007 eo,
385 1959 504 2001 unde
535 1957 738 2016 profecta
763 1965 879 2008 erat,
910 1958 1040 1999 redu-

144 2032 244 2061 cere
280 2019 542 2065 conantem)
583 2025 627 2058 et
662 2015 775 2058 duos
809 2023 1039 2071 suspectos

146 2073 211 2129 (h.
233 2090 271 2116 e.
295 2082 509 2131 tanquam
532 2073 648 2116 idem
677 2073 916 2116 consilium
947 2072 1039 2114 vol·

143 2141 301 2174 verent
365 2132 537 2188 animo)
602 2129 864 2173 interfectos
929 2146 1037 2172 esse.

142 2189 255 2232 Tres
277 2189 412 2248 igitur
435 2189 573 2232 trium
602 2187 927 2230 liburnicarum
962 2203 1039 2245 gu·

141 2249 403 2291 bernatores
425 2244 650 2291 interfecti
673 2254 792 2288 sunt.

198 2332 621 2385 pracvehebantur.
683 2331 759 2375 Sic
783 2329 918 2373 MSS.
942 2327 1038 2371 Va-

143 2389 246 2432 ticc.
271 2390 399 2443 (teste
429 2389 654 2443 Bromia),
702 2387 781 2431 sed
815 2388 861 2430 in
894 2403 1036 2444 marg.

143 2446 253 2492 cod.-
278 2446 437 2491 3429.2
484 2446 634 2498 „alius
678 2446 809 2489 habet
836 2447 1035 2500 praebe-

141 2505 364 2550 bantur.”
423 2504 540 2548 Illud
566 2512 832 2562 receperunt
855 2502 1038 2560 Bipont.

145 2561 356 2609 Oberlin.
386 2578 484 2621 sqq.
532 2579 689 2605 omnes
737 2577 820 2620 pro
876 2561 1034 2618 vulga-

141 2633 188 2668 ιο
232 2623 623 2676 provehebantur.
716 2619 860 2663 Immo
904 2633 1036 2678 prae—

141 2683 417 2728 vehebantur
470 2677 727 2723 Britanniae
775 2693 901 2730 oras,
960 2676 1040 2718 bo·

141 2740 336 2784 minibus
393 2755 416 2781 e
466 2747 582 2783 terra
632 2735 1038 2793 prospectantibus,

143 2813 156 2839 (
177 2814 282 2840 uare
306 2796 508 2839 additum
531 2801 635 2853 puta
660 2801 709 2836 ut
734 2795 1037 2836 miraculum.

141 2813 493 2913 liraepositionis
511 2868 630 2907 prae
652 2851 948 2909 significatum
971 2868 1039 2892 ex-

140 2913 310 3015 fllicavi
343 2927 477 2969 supra
505 2910 559 2953 ad
588 2926 684 2965 cap.
707 2908 802 2960 23„
836 2908 910 2950 ubi
937 2906 1037 2949 add.

186 2972 257 3014 ist.
282 2970 323 3022 2,
343 2969 384 3012 2.
417 2983 552 3010 oram
587 2969 791 3009 Achaiae
824 2974 868 3008 et
894 2965 1037 3007 Asiae

141 3047 197 3073 ac
219 3031 357 3071 laeva
385 3026 531 3069 maris
550 3031 843 3078 praevectus.

200 3126 321 3156 mox
338 3113 423 3154 hac
446 3116 585 3163 atque
605 3108 689 3148 illa
715 3109 848 3160 rapti
866 3114 910 3149 et
933 3121 1036 3148 eum

142 3179 228 3215 etc.
288 3169 366 3212 Sic
397 3166 531 3210 tacite
558 3163 753 3208 correxit
777 3164 1035 3211 Rhenanus,

143 3244 275 3287 quem
303 3226 497 3269 editores
521 3221 574 3264 ad
609 3237 747 3264 unum
779 3237 939 3263 omnes
971 3238 1036 3264 se·

142 3284 269 3344 quuti
303 3290 422 3327 sunt.
501 3279 604 3323 MS.
627 3278 724 3322 Vat.
755 3279 883 3322 3429.
921 3293 1036 3320 mox

140 3347 206 3386 ad
226 3356 404 3397 aquam
430 3346 571 3395 atque
604 3344 654 3378 ue
686 3335 772 3378 illa
800 3338 935 3386 rapti
959 3351 1036 3379 se-

140 3415 272 3452 cum3
298 3398 398 3442 edd.
423 3396 627 3452 antiquae
645 3408 783 3449 usque
804 3392 857 3435 ad
875 3393 1040 3438 Aiciat·

140 3472 258 3501 mox
283 3459 347 3499 ad
362 3459 535 3510 aquam
556 3461 695 3507 atque
720 3458 769 3492 ut
785 3452 866 3492 illa
889 3453 1037 3504 raptis

140 3530 313 3559 secum.
386 3511 546 3556 Bosius
587 3508 780 3552 correxit
820 3520 939 3548 mox
976 3511 1040 3550 ab,

141 3588 267 3629 aqua
290 3575 375 3615 hac
399 3579 539 3625 atque
558 3568 663 3610 illac
683 3566 832 3621 rapti,
875 3564 1038 3608 Dionis

1117 860 1305 905 sortasse
1328 870 1543 920 sequutus
1565 863 1718 907 verba=
1747 865 2010 923 περιέπλιυ·

1117 932 1207 962 σαν
1241 944 1296 952 -
1328 917 1389 969 ὥς
1423 937 1514 964 που
1546 918 1597 965 τό
1628 935 1676 965 τε
1713 922 1839 981 κῦμα
1873 922 1952 966 καὶ
1982 919 2007 967 ὁ

1115 973 1288 1034 ἄνεμος
1320 977 1487 1027 αὐτοὺς
1516 978 1676 1037 ἔφερες
1714 979 2009 1040 similiterque

1118 1035 1331 1078 Iacobus=
1385 1051 1503 1079 mox
1534 1038 1593 1079 ab
1626 1052 1754 1093 aqua
1785 1046 1926 1095 atque
1963 1038 2014 1080 υἱ

1111 1095 1427 1147 procellarum
1460 1095 1569 1137 acti.
1640 1094 1763 1138 Male
1794 1100 1900 1139 'uter
1934 1111 2006 1138 ue.

1117 1147 1242 1194 Alias
1279 1152 1614 1194 emendationes
1647 1151 1880 1209 proposuit
1940 1153 2008 1196 ei-

1116 1207 1225 1265 ling.
1262 1209 1505 1252 observatt.
1541 1226 1583 1266 p.
1605 1210 1678 1253 25.
1714 1210 1930 1261 suadens,
1959 1219 2009 1254 ut

1116 1266 1338 1308 scribatur
1359 1266 1425 1309 vel
1452 1279 1568 1309 mox
1589 1270 1653 1308 ad
1670 1282 1846 1322 aquam
1866 1275 2011 1324 atque

1117 1325 1248 1364 utilia
1268 1325 1497 1376 rapienda
1524 1341 1627 1366 cum
1649 1326 1908 1380 plerisque,
1938 1324 2007 1368 vel

1116 1395 1234 1422 mox
1256 1389 1420 1423 autem
1452 1397 1627 1437 aquam
1661 1389 1801 1436 atque
1834 1384 2008 1426 utensi·

1115 1440 1180 1478 lia
1214 1447 1459 1491 raptantes
1498 1455 1598 1480 cum
1637 1441 1882 1495 plerisque.
1956 1441 2006 1483 ln

1115 1494 1198 1539 hac
1246 1495 1449 1553 displicet
1495 1505 1681 1545 autem,
1735 1511 1869 1554 quam
1900 1513 2005 1554 par-

1110 1554 1295 1597 ticulam
1349 1569 1442 1596 non
1489 1552 1600 1597 solet
1634 1552 1817 1597 Tacitus
1860 1554 2007 1598 inter-

1112 1627 1283 1670 ponere
1308 1619 1397 1653 tam
1424 1611 1638 1664 otiosam,
1667 1619 1764 1654 tuin
1783 1614 2008 1655 utensilia

1111 1676 1359 1723 raptantes
1391 1684 1487 1711 non
1512 1668 1662 1712 minus
1679 1686 1702 1712 a
1724 1677 1930 1715 veterum
1959 1670 2008 1714 Ιί-

1112 1728 1299 1771 brorum
1315 1726 1537 1783 scriptura
1547 1726 1733 1779 recedit,
1744 1731 1878 1785 quam
1893 1724 2009 1771 Rhe-

1113 1783 1218 1827 nani
1250 1783 1492 1830 correctio.
1554 1784 1884 1844 Quampriore
1899 1783 2006 1830 loco

1111 1842 1296 1899 Selling.
1322 1841 1473 1900 posuit
1495 1837 1875 1892 emendationem,
1905 1859 2005 1886 eam

1112 1900 1288 1957 aegrius
1312 1900 1446 1942 etiam
1470 1899 1568 1942 fero
1595 1908 1691 1941 tum
1719 1901 1777 1942 ob
1811 1901 2003 1954 rapien-

1110 1960 1203 2011 da,
1236 1957 1285 1999 in
1309 1956 1432 2015 quod
1456 1965 1545 1999 tam
1571 1956 1689 1999 facili
1724 1957 1908 2015 negotio
1934 1959 2006 2004 vix

1113 2013 1379 2059 commutari
1405 2014 1548 2070 potuit
1569 2014 1698 2068 rapti
1722 2029 1795 2066 se,
1829 2024 1926 2059 tum
1948 2017 2005 2058 ob

1111 2087 1286 2127 aquam
1339 2078 1520 2126 atque
1571 2073 1728 2123 utilia,
1791 2081 2004 2131 tanquam

1111 2146 1238 2186 aqua
1270 2137 1312 2171 et
1347 2130 1479 2170 utilia
1514 2145 1585 2172 res
1625 2129 1713 2171 sint
1749 2129 2003 2174 diversissi-

1108 2203 1231 2239 mae,
1267 2186 1409 2228 immo
1440 2185 1642 2242 proclive
1679 2193 1744 2229 est
1774 2187 2002 2246 corrigere

1109 2249 1174 2287 ad
1194 2260 1368 2301 aquam
1395 2245 1585 2299 aliaque
1603 2246 1749 2286 utilia.
1807 2244 1896 2287 Sed
1914 2261 2004 2288 me·

1110 2301 1197 2345 lius
1239 2318 1334 2343 rem
1376 2302 1578 2360 expedies
1619 2301 1835 2358 legendo:
1888 2318 2005 2347 mox

1109 2364 1172 2404 ud
1198 2374 1376 2416 aquam
1400 2367 1540 2415 atque
1562 2359 1698 2400 utilia
1717 2360 1909 2412 rapturi
1926 2374 2000 2404 se-

1109 2434 1211 2461 cum
1264 2418 1500 2472 plerisque
1554 2417 1903 2460 Britannorum
1944 2442 2004 2452 —-

1109 2474 1358 2528 congressi.
1421 2478 1496 2516 Ad
1519 2489 1696 2530 aquarn
1733 2475 1926 2532 explica,
1965 2475 2002 2521 si

1111 2533 1293 2591 quando
1360 2531 1406 2574 in
1471 2538 1635 2574 terram
1707 2531 2002 2588 transiverant

1110 2607 1270 2650 aquam
1300 2588 1506 2647 petituri;
1535 2588 1727 2642 rapturi
1737 2589 1796 2631 ob
1811 2589 2002 2648 scriptu·

1110 2665 1185 2692 rae
1228 2647 1548 2704 compendium
1586 2646 1714 2688 facile
1757 2643 1879 2690 abire
1953 2665 2001 2691 o-

1109 2706 1195 2749 tuit
1239 2706 1284 2747 in
1327 2704 1471 2759 rapti.
1572 2702 1808 2756 congredi
1847 2703 2000 2751 dativo

1110 2763 1234 2820 iungi
1280 2777 1419 2818 aeque
1463 2761 1576 2803 bene
1615 2774 1747 2818 quam
1786 2760 1923 2808 ablat.
1957 2772 2001 2810 et
2040 2758 2043 2761 ¹

1110 2836 1217 2862 cum
1258 2817 1609 2876 praepositioni,
1648 2831 1740 2859 non
1778 2827 1841 2862 est
1875 2820 1999 2875 quod

1110 2878 1297 2920 doceam
1324 2874 1517 2918 uberius.
1577 2875 1636 2918 cf.
1653 2873 1787 2919 Ovid.
1813 2875 2000 2927 Metam.

1113 2936 1180 2984 12,
1205 2934 1279 2976 76.
1314 2934 1610 2986 congreditur
1643 2932 1801 2987 Cygno
1813 2948 1829 2984 ;
1870 2935 1996 3006 Vin-g.

1106 2992 1224 3037 Aen.
1263 2996 1300 3039 1,
1336 2990 1435 3034 479.
1483 3003 1760 3044 congressus
1796 2991 2000 3047 Αοὴίἱὶις

1109 3065 1242 3106 quem
1293 3047 1586 3106 antiquorum
1642 3063 1818 3092 morem
1863 3059 1998 3095 vocat

1107 3106 1284 3152 Servius
1308 3105 1363 3148 ad
1387 3105 1429 3149 b.
1455 3105 1482 3148 1,
1541 3105 1618 3148 Sic
1642 3105 1826 3150 demum
1859 3108 1998 3153 verba

1108 3169 1206 3222 sqq.
1245 3178 1335 3206 sua
1377 3163 1755 3218 defensantium,
1805 3164 1994 3222 quaein

1106 3220 1309 3265 Rhenani
1344 3220 1538 3263 lectione
1570 3233 1664 3262 non
1699 3219 1865 3265 habent
1904 3237 1996 3279 quo

1108 3278 1382 3325 referantur,
1413 3275 1589 3336 egregie
1613 3279 1887 3336 respondent
1908 3282 1996 3325 uti·

1107 3339 1172 3380 lia
1191 3336 1403 3389 rupturis
1424 3350 1596 3378 secum.

1165 3408 1254 3436 sua
1281 3392 1658 3447 defensantium.
1714 3393 1766 3436 ln
1793 3393 1994 3450 margine

1108 3451 1206 3494 MS.
1234 3450 1376 3493 Vatic.
1401 3450 1526 3493 3429.
1552 3458 1600 3492 ut
1623 3465 1713 3492 sua
1738 3449 1994 3506 defensan-

1107 3511 1248 3562 tium,
1284 3508 1405 3563 quod
1438 3524 1463 3550 a
1483 3507 1738 3565 Pomponio
1763 3507 1900 3553 Laeto
1931 3510 1993 3555 ibi

1107 3565 1382 3623 adscriptum
1410 3564 1607 3623 prodidit
1629 3563 1882 3609 Broterius.
