2150 4022
20 542 27 548 ⁴
106 551 346 607 cemque
371 532 672 587 frameam.

488 227 610 287 DE
646 192 1204 287 ‘GERMANIA
1269 225 1463 288 CAP.
1505 229 1599 289 14.
1884 193 1965 291 39

108 364 226 421 nisi
252 361 312 418 vi
334 361 607 436 belloque
638 368 856 415 tueare.
920 355 1165 428 exigunt
1189 356 1347 412 enim
1377 356 1666 434 principis.
1688 359 1780 416 sui
1807 360 1959 416 libe-

106 449 335 506 ralitate
363 447 536 502 illum
562 442 908 502 bellatorem
942 459 1190 515 equum,
1233 441 1398 497 illam
1427 454 1727 500 cruentam
1755 440 1958 501 v'ictri-

758 546 897 581 nam
926 525 1131 598 epulae
1158 536 1247 592 et,
1284 546 1622 602 quanquam
1647 528 1954 604 incompti,

106 616 255 690 largi
299 627 494 671 tamen
548 621 858 691 apparatus
901 629 1005 684 pro
1048 609 1339 683 stipendio
1385 612 1618 672 cedunt.
1713 615 1953 671 materia

103 699 536 758 munificentiae
587 716 693 771 per
741 696 895 751 bella
947 705 1004 750 et
1051 705 1272 767 raptus,
1363 693 1484 751 Nec
1530 708 1694 753 arare
1735 709 1952 756 terram

104 798 206 843 aut
234 795 561 859 exspectare
595 800 815 836 annum
862 791 980 836 tam
1009 778 1177 834 facile
1202 781 1585 853 persuaseris,
1641 804 1816 858 quam
1848 783 1954 840 v'0..

102 891 232 928 care
274 866 469 926 hostes
517 879 572 924 et
617 865 861 926 vulnera
905 863 1137 921 mereri.
1233 863 1467 937 pigrum
1516 866 1850 940 quinimmo
1879 868 1951 925 Σ-θῐζ

100 956 258 1012 iners
294 955 528 1011 videtur
567 951 781 1009 sudore
825 945 1169 1025 adquirere,
1234 949 1389 1024 quod
1439 950 1625 1023 possis
1669 953 1951 1026 sanguine

100 1059 326 1116 parare.

98 1270 209 1299 vero
269 1253 379 1310 quia
439 1249 749 1308 anteponitur,
823 1258 871 1293 ut
932 1249 987 1291 ad

98 1321 339 1362 utrumque
367 1309 615 1352 membrum
643 1308 871 1364 pertineat.

154 1376 332 1412 tueare..
399 1365 475 1409 Sic
501 1364 636 1408 MSS.
663 1364 832 1406 Vaticc.
860 1363 986 1408 1518.

97 1433 139 1470 et
163 1426 288 1468 4493.
318 1423 479 1479 Stuug.
507 1421 728 1466 Arundel.
759 1421 987 1476 Hunmiei.

94 1480 468 1540 edd.Spi1-.Kath.
494 1479 595 1521 Put.
621 1479 688 1520 M.
713 1478 822 1521 etV.
847 1478 989 1523 Paris.

95 1540 237 1598 Pogg.
261 1537 467 1580 Beroaid.
495 1537 594 1580 Alc.
617 1536 802 1578 Monac.
818 1535 983 1578 vienn.

95 1596 300 1642 Rhenan.
323 1594 492 1649 (1519.)
513 1592 636 1636 Picb.
650 1594 868 1649 Bet-negg.
883 1610 978 1650 sqq,

96 1648 272 1698 Ernest.
341 1653 466 1695 Brot.
529 1649 719 1705 Lougoi.
787 1650 983 1692 Bred0v-.

98 1708 292 1755 Seebod.
358 1709 536 1750 Passov.
605 1706 728 1748 Hess.
797 1705 984 1749 Bekker.

96 1765 294 1812 Walch.
343 1793 400 1802 -
469 1772 602 1806 tuat-e
644 1765 712 1805 ed.
752 1762 885 1806 Rom.
930 1789 984 1798 -—

97 1828 317 1868 tueantur
348 1819 451 1864 MS.
487 1819 630 1863 Vatic.
664 1819 817 1867 2964„
869 1819 983 1862 liber

8 1875 13 1878 .
95 1880 285 1938 scriptus
316 1878 451 1936 Lipsii
486 1876 690 1930 (fortasse
726 1876 982 1933 Bamberg.)

95 1936 428 1982 eddsNorimb.
455 1933 655 1976 Rhenan.
684 1933 846 1989 (1533.)
879 1935 979 1976 Ald.

94 1993 274 2052 Micyll.
308 1992 423 2049 Lipst
455 1990 588 2035 Grut.
616 1991 794 2046 ssipont.
821 1990 979 2033 Oberl.

92 2051 185 2096 alii.
231 2074 285 2087 «-
344 2055 532 2093 tuentur
567 2049 665 2091 MS.
689 2047 832 2092 Vatic.
859 2049 981 2091 1862.

93 2109 229 2166 idque
286 2106 500 2164 Nlicyllus
563 2113 611 2147 ut
670 2106 978 2149 coniecturam

93 2182 219 2211 suam
244 2162 391 2223 posuit
413 2162 460 2204 in
484 2162 700 2220 margine.
761 2162 876 2206 Satis
898 2181 981 2220 ap-

91 2231 218 2282 paret
243 2229 427 2265 tuentur
447 2229 486 2262 et
512 2227 730 2262 tueantur
750 2235 841 2262 esse
866 2221 980 2263 facta

123 2297 172 2323 er
205 2278 452 2325 inscitiam,
495 2292 604 2334 quae
638 2276 980 2319 similitudinem

89 2297 220 2381 liuius
252 2333 440 2378 membri
476 2346 579 2376 cum
618 2334 983 2391 praecedentibus

90 2394 234 2437 veltet.
308 2392 487 2434 Tueare
526 2400 568 2434 et
606 2390 880 2447 optimorum
924 2392 981 2434 li·-

90 2453 277 2496 brorum
321 2449 583 2492 auctoritate
627 2456 670 2488 et
714 2451 978 2505 praestantia

91 2524 168 2553 sua
209 2507 380 2551 nititur.
452 2504 509 2549 cf.
545 2504 634 2548 An.
672 2503 712 2555 6,
752 2504 794 2547 8.
839 2509 978 2546 adse-

91 2579 264 2623 quare;
295 2565 336 2614 3,
361 2562 431 2606 54.
456 2575 686 2604 coerceas.
745 2561 859 2604 Hist.
879 2564 916 2610 1,
940 2564 976 2605 l.

89 2622 363 2668 adverseris.
375 2649 432 2656 -
445 2618 654 2664 Ceterum
677 2635 725 2661 ex
747 2619 850 2661 edd.
864 2619 980 2675 Spir.

88 2681 191 2724 Pus.
215 2680 397 2735 aliisque
419 2685 636 2735 punctum
661 2676 842 2733 reposui
879 2685 980 2719 ante

92 2749 422 2792 magnumque.
483 2733 587 2776 Non
615 2733 732 2774 enim
757 2742 847 2776 arte
873 2749 978 2776 cum

90 2792 458 2854 praecedentibus
491 2790 600 2833 haec
631 2790 894 2842 cohaerent,
937 2799 979 2832 et

90 2851 341 2908 saepissime
372 2865 459 2905 que
492 2863 654 2890 novam
683 2847 843 2905 incipit
873 2865 977 2891 sen-

88 2908 287 2952 tentiam.

146 2965 436 3008 liberalitate.
500 2961 601 3007 MS.
636 2962 800 3019 Stuttg.
835 2962 980 3004 Iiber-

90 3031 210 3073 tate,
237 3021 409 3077 vulgari
433 3019 715 3062 confusione.
774 3019 824 3061 In
841 3018 979 3061 Hunn-

88 3079 192 3124 mel.
214 3093 297 3136 pro
317 3077 537 3132 princepis
561 3075 719 3135 legitur
746 3076 977 3132 principes

90 3154 138 3182 ex
163 3134 330 3178 librarii
356 3133 601 3177 oscitantia.

145 3207 263 3235 nam
292 3194 454 3247 epulae
489 3198 556 3241 et,
592 3205 864 3247 quanquam
900 3193 971 3234 ιἠ-

90 3252 282 3302 compti,
334 3249 455 3303 largi
496 3255 655 3290 tamen
698 3257 971 3302 apparatus.

87 3309 164 3352 Sic
189 3306 323 3350 MSS·
346 3306 507 3360 Stuttg.
531 3305 756 3348 Hummel.
782 3305 970 3362 Lougoi.

89 3363 305 3408 Arundel-
341 3363 416 3418 (de
451 3362 585 3405 MSS.
618 3362 786 3407 Vaticc.
820 3363 974 3404 Brote-

89 3422 183 3466 rius
202 3421 260 3463 ita
284 3427 423 3470 tacet,
451 3426 500 3461 ut
524 3419 756 3462 videantur
779 3436 974 3463 consen—

94 3468 178 3533 ire)
214 3477 314 3521 edd.
344 3477 464 3534 Spir.
502 3476 576 3530 (de
612 3492 699 3532 qua
734 3477 973 3519 Passovius

93 3534 214 3579 alsus
256 3537 338 3591 est)
374 3535 512 3579 Rath.
546 3533 677 3578 Rom.
707 3534 847 3578 Paris.
883 3534 973 3577 No-

1060 1248 1195 1291 rimb.
1224 1246 1425 1291 Rhenan.
1450 1247 1616 1306 (1533.)
1641 1249 1743 1293 ΑΜ.
1771 1251 1945 1309 Micyu.

1060 1305 1176 1363 Lips.
1191 1303 1322 1348 Grut.
1338 1305 1462 1349 Pich.
1483 1323 1584 1365 sqq.
1607 1315 1649 1349 et
1672 1324 1815 1364 nuper
1836 1308 1946 1352 Bek-

1061 1361 1153 1406 ker.
1193 1387 1247 1398 -—
1305 1377 1419 1405 nam
1447 1369 1612 1417 epulae
1639 1372 1683 1407 et
1714 1368 1947 1409 convictus

1057 1421 1952 1534 ἴςῖῗξῇἷῗῖἷιῗᾝξέἒέὲῗῗὸΡέἷῆἶαῖῑ.

1057 1533 1322 1578 nac.Vienn.
1339 1535 1519 1591 Bipont.
1541 1535 1719 1580 Passov.
1745 1537 1868 1581 Hess.
1890 1539 1946 1584 al.

1058 1590 1343 1634 Vocabulum
1378 1601 1642 1646 apparatus
1677 1594 1845 1638 iubent.
1868 1611 1951 1638 ac·-
2018 1605 2020 1609 “

1057 1646 1144 1704 cipi
1171 1664 1255 1705 pro
1283 1648 1508 1705 genitiv0‚
1548 1650 1602 1693 ad
1637 1667 1770 1707 quem
1803 1652 1944 1709 perti·-

1057 1714 1189 1747 neant
1224 1705 1441 1748 adiectiva
1475 1709 1699 1761 incompti
1729 1718 1771 1751 et
1807 1710 1942 1764 largi.

1054 1761 1279 1804 Beckerus
1316 1763 1542 1816 incompti
1569 1764 1707 1808 refert
1744 1766 1944 1820 adcon-

1055 1820 1195 1861 victus
1230 1827 1272 1860 et
1304 1820 1430 1873 largi
1462 1820 1515 1862 ad
1549 1830 1825 1875 apparatus.
1868 1825 1946 1879 ..At

1055 1877 1326 1919 vocabulum
1342 1879 1569 1920 convictus
1588 1895 1772 1934 prorsus
1793 1886 1943 1938 super·

1051 1949 1298 1978 vacaneum
1343 1935 1722 1993 estssinrepsitque
1760 1952 1842 1994 per
1879 1938 1943 1980 in·
2000 1946 2001 1949 ’

1052 1990 1222 2032 scitiam
1261 2006 1443 2040 eorum,
1484 1993 1558 2048 qui
1591 1993 1758 2050 aliquid
1793 1995 1949 2039 deesse·

1051 2055 1155 2105 post
1189 2055 1236 2090 et
1269 2063 1354 2092 nec
1387 2057 1486 2106 apte
1519 2052 1768 2108 procedere
1802 2053 1948 2099 verba>

1052 2113 1099 2147 et
1128 2119 1399 2160 quanquam
1423 2122 1523 2164 sqq.
1550 2116 1772 2164 putarent.
1830 2109 1953 2153 Pas-m

1052 2163 1230 2207 sovium
1259 2178 1440 2219 quoque
1464 2164 1697 2210 offendunt
1726 2181 1944 2221 appara-

1053 2227 1129 2261 tus
1173 2227 1263 2262 tam
1298 2220 1416 2264 nude
1452 2221 1612 2280 positi:
1661 2225 1807 2268 nescit
1844 2225 1944 2282 qui-s

1055 2293 1155 2319 nam
1187 2278 1289 2320 sint.
1348 2277 1408 2321 At
1430 2281 1546 2321 'satis
1577 2279 1691 2323 lucis
1721 2280 1884 2324 habent
1915 2300 1948 2329 e·

1053 2349 1166 2378 voce
1188 2338 1373 2389 epulae,
1409 2345 1451 2378 et
1475 2336 1529 2377 de
1551 2337 1939 2397 epularumappa·

1052 2391 1222 2433 ratibus
1241 2391 1347 2434 dixit
1367 2392 1499 2434 etiam
1515 2393 1700 2436 sueton,
1715 2395 1802 2437 Vit.
1818 2412 1856 2438 c.
1871 2399 1939 2441 10.

1051 2457 1094 2490 et
1128 2447 1218 2495 13„
1263 2448 1337 2497 uhi
1376 2465 1518 2506 aeque
1552 2450 1672 2492 nude
1709 2464 1940 2509 ponuntur

1048 2512 1328 2558 apparatus.
1387 2505 1609 2548 Particula
1646 2514 1690 2548 et
1721 2509 1762 2550 vi
1796 2511 1935 2566 expli-

1050 2561 1178 2604 candi
1205 2561 1378 2613 utitur‚.
1395 2570 1445 2604 ut
1465 2562 1736 2620 saepissime.
1797 2566 1942 2610 Intel-

1051 2618 1134 2674 lige
1191 2617 1345 2675 epulas
1399 2619 1521 2677 large
1566 2636 1823 2679 quanquam
1874 2625 1952 2667 iri-3

1050 2684 1229 2733 compte
1259 2685 1490 2733 apparatas
1562 2676 1813 2724 Walchius
1847 2683 1936 2725 edi-

1051 2733 1137 2775 dit:
1185 2748 1301 2774 nam
1341 2736 1506 2788 epulae
1545 2749 1832 2792 quamquam
1871 2743 1949 2781 in*v

1049 2792 1222 2845 compti
1231 2823 1242 2839 ,
1306 2790 1432 2846 largi
1469 2799 1631 2833 tamen
1673 2804 1937 2849 apparatus

1043 2861 1133 2900 pro
1173 2848 1403 2901 stipendio
1428 2844 1624 2893 medient.
1700 2852 1787 2895 Sed
1829 2855 1936 2897 sub-

1047 2914 1220 2962 reptam
1273 2905 1479 2962 copulam
1530 2908 1694 2952 merito
1735 2912 1936 2968 reposci-

1049 2978 1165 3004 ntus.

1108 3036 1286 3076 cedunt.
1343 3033 1458 3078 Edd4
1482 3035 1604 3093 Spir.
1633 3045 1677 3080 et
1700 3038 1830 3082 Kath.
1863 3057 1936 3090 ce-

1046 3094 1187 3141 dunt,
1217 3092 1467 3149 pervulgari
1497 3094 1625 3138 vitio.
1890 3094 1903 3102 i

1104 3176 1281 3205 vocare.
1341 3162 1399 3206 cf.
1425 3172 1518 3209 not.
1540 3164 1593 3207 ad
1619 3164 1734 3211 Hist.
1755 3167 1795 3218 4,
1816 3168 1886 3210 80.

1101 3233 1271 3275 hostes,
1329 3231 1463 3276 MSS.
1478 3233 1696 3277 Arundel.
1711 3235 1936 3282 Hummel.

1044 3288 1208 3346 stuttg.
1244 3290 1342 3332 edd.
1369 3290 1508 3333 Paris.
1538 3290 1745 3334 Norimh.
1775 3293 1936 3338 Vieun.

1047 3345 1170 3388 Hcss.
1186 3345 1408 3391 Giinther.
1432 3350 1622 3391 hostem.
1682 3349 1851 3399 Parum
1871 3368 1936 3394 re·

1046 3403 1146 3445 fert.
1726 3451 1728 3453 .

1102 3480 1224 3531 quod
1260 3477 1407 3531 possis
1444 3476 1685 3531 sanguine.
1747 3462 1827 3523 Edss
1859 3480 1938 3522 Pa.

1050 3532 1140 3585 ris-ff
1165 3550 1283 3591 quae
1318 3535 1470 3590 possis
1513 3536 1762 3589 sunguine,
1809 3537 1939 3594 idque
