2150 4022
234 250 398 320 “148·
544 255 788 317 IULII
834 252 1153 319 AGRIC.
1197 194 1813 327 V'ITssAXCAP'fllss.

249 382 608 465 exemplum,
631 406 718 448 ‚ac
760 382 1008 443 recentis
1041 385 1217 459 legati
1258 381 1523 445 ani'mum
1559 378 1862 469 oppeiiril
1908 367 2100 450 ‘Tiim

249 472 556 550 Agricola,
599 490 936 548 quanquam
971 482 1297 529 transvecta
1339 480 1553 544 πεῖθε,
1602 476 1788 550 sparsi
1820 489 1927 552 per
1951 488 2099 554 pro-‘'-

248 560 504 618 vinciam
541 552 806 626 numeri,
863 564 1234 632 praesumpta
1273 550 1431 633 apud
1475 560 1725 617 militem
1759 563 1924 621 itlius
1956 564 2101 620 anni

249 646 442 724 quieS,
484 643 651 726 tarda
684 653 739 699 et
778 642 1070 699 eontraria
1108 643 1332 699 bellum
1374 640 1756 715 inchoaturo,
1796 649 2101 723 et'ple'ris-

247 751 362 809 que
408 728 693 786 custodiri
753 734 1016 803 suspecta
1077 728 1274 804 potius
1323 730 1658 800 videbatur,
1715 731 1814 789 ¹ire
1863 734 2100 791 obviam

247 813 578 873 discrimini
638 813 861 871 statuit:
934 814 1361 889 contractisque
1413 816 1714 890 legionum
1758 819 1992 889 vexillis
2045 831 2101 876 et

247 901 478 959 modica
519 899 875 956 auxiliorum
913 896 1125 968 manu,
1171 898 1309 974 quia
1342 900 1407 955 in
1436 903 1687 978 aequum
1717 904 1953 978 degredi
1977 901 2101 962 Or-

247 987 480 1044 dovices
508 1004 630 1041 non
655 985 981 1051 audebant,
1025 984 1148 1059 ipse
1175 996 1309 1041 ante
1338 1005 1573 1059 agmen,
1615 1008 1732 1064 quo
1765 989 1969 1046 ceteris
1994 1010 2101 1064 par

247 1073 480 1130 animus
533 1069 715 1126 simili
761 1069 1024 1144 periculo
1070 1081 1243 1139 esset,
1300 1072 1480 1128 erexit
1521 1072 1722 1137 aciem.
1821 1094 2099 1151 caesaque

1210 1325 1330 1368 dedit.
1353 1325 1617 1385 parenthesi.
1673 1326 1842 1369 Verum
1869 1333 1972 1374 sunt
1992 1323 2100 1369 haec

243 1328 426 1389 praebet
459 1325 605 1370 multo
643 1324 793 1368 minus
825 1334 971 1384 aptam
1009 1323 1130 1368 loco.

1209 1384 1254 1425 in
1283 1384 1562 1442 adpositione
1585 1384 1678 1427 eius
1699 1384 1896 1446 generis,
1931 1382 1985 1426 de
2006 1399 2098 1439 quo

249 1389 377 1433 lubet
411 1384 532 1428 enim
566 1383 751 1450 intelli-gi
782 1384 1028 1439 quosdam,
1061 1382 1138 1439 qui

243 1444 415 1490 bellum
458 1457 554 1485 non
609 1440 860 1499 cupiverint
900 1440 947 1482 in
990 1447 1138 1482 erecta

243 1500 528 1566 provincia:-
566 1499 641 1552 qui
687 1499 815 1565 licet:
849 1496 1041 1545 fuerint,
1093 1495 1138 1539 id

242 1574 368 1605 nunc
395 1572 488 1610 non
517 1563 731 1599 intererat
755 1571 887 1600 scire.

297 1646 354 1675 ac
376 1630 577 1673 recentis
600 1628 756 1682 legati.
810 1626 886 1670 Sic
908 1625 1009 1670 libri
1032 1631 1136 1667 vett.

242 1698 284 1734 et
306 1703 449 1746 nuper
475 1688 578 1730 edd.
602 1684 782 1728 Dronk.
807 1685 861 1727 al.
894 1708 952 1717 —
1011 1681 1137 1725 Rhe-

240 1762 384 1791 nanus
425 1746 556 1789 tacite
600 1743 737 1786 edidit
790 1749 896 1784 aut
943 1741 1138 1784 recentis

226 1815 352 1852 tete..
383 1800 756 1861 quodWalchio
801 1800 934 1843 unice
973 1814 1135 1843 verum

240 1861 432 1904 videtur.
517 1859 603 1903 Sed
643 1857 719 1916 qui
757 1859 950 1914 probant
991 1872 1135 1898 exem·

239 1917 533 1978 plun1,iidem
559 1923 676 1963 sunt,
702 1916 774 1972 qui
801 1912 1135 1972 recentislegati

240 1977 445 2021 animum
505 1973 820 2033 opperiuntur.
934 1972 1135 2015 probant

241 2034 360 2078 enim
407 2033 686 2090 exemplum,
708 2079 713 2081 μ
737 2029 779 2073 h.
814 2045 856 2072 e.
902 2030 1051 2072 animo
1092 2037 1134 2070 et

241 2090 523 2135 confessione
553 2090 599 2132 in
631 2087 883 2131 Ordovicas
913 2086 1134 2131 inclinant

240 2163 489 2206 eorumque
522 2147 722 2206 partibus
748 2145 925 2197 favent;
964 2152 1007 2188 at
1029 2144 1132 2201 quia

238 2221 332 2249 non
363 2205 465 2250 satis
489 2203 748 2255 confidunt,
781 2211 1021 2260 antequam
1053 2218 1130 2244 re-

239 2263 380 2308 centis
423 2263 553 2320 legati
585 2262 786 2304 animum
823 2259 1132 2317 cognoverim,

238 2337 262 2364 a
294 2322 413 2364 bello
446 2318 706 2378 incipiendo
743 2317 967 2362 abstinent
999 2325 1132 2374 atque

185 2413 188 2417 .
237 2378 432 2422 recentis
477 2376 607 2436 legati
639 2375 840 2418 animum
881 2375 1133 2434 opperiun-

238 2446 329 2480 tur.
389 2435 529 2491 Igitur
563 2448 620 2477 aa
655 2433 808 2476 eadem
846 2433 886 2475 vi
923 2433 1133 2476 adversa-

235 2493 329 2539 tiva
344 2493 492 2536 'utitur
513 2494 585 2547 (ac
608 2495 809 2547 tamen),
846 2507 933 2548 qua
958 2489 1132 2548 saepius

237 2559 473 2609 ponuntur
491 2548 734 2608 particulae
760 2547 1022 2607 copulandi.
1069 2546 1132 2590 cf.

236 2616 334 2652 not.
368 2608 422 2651 ad
455 2609 543 2651 An.
578 2610 615 2655 1,
641 2605 706 2649 13.
786 2604 1011 2649 Particula
1047 2613 1133 2648 aut

238 2665 362 2708 iubet
387 2664 576 2723 intelligi
601 2664 711 2709 alios
744 2679 865 2707 exem
902 2663 994 2706 lum
1018 2679 1128 2721 pro·

236 2723 364 2766 basse
397 2739 490 2766 non
522 2731 624 2765 ante
662 2723 846 2780 cognito
890 2720 1003 2778 egati
1034 2721 1131 2763 ani-

237 2796 329 2831 mo,
353 2780 461 2823 alios
481 2781 675 2838 legatum
697 2786 969 2838 exspectasse
992 2792 1132 2820 exem·

236 2836 314 2895 plo
341 2852 435 2880 non
459 2839 675 2895 probatoz
712 2837 837 2894 quod
866 2836 1016 2879 dicere
1037 2835 1130 2878 Ta-

236 2895 327 2938 cito
350 2910 445 2937 non
473 2896 518 2936 in
542 2894 695 2938 animo
718 2895 817 2938 fuit.

294 2953 510 3007 opperiri.
578 2952 692 2996 Edd.
728 2952 833 2995 Alc.
868 2950 1010 2995 Rhen.
1039 2950 1130 2994 Mi-

233 3008 344 3068 cyll.
366 3010 550 3063 operiri.
565 3034 616 3042 -
636 3010 706 3051 ed.
723 3010 826 3053 Ald.
851 3009 995 3061 operi.

294 3074 580 3109 transvecta.
638 3067 715 3110 Sic
727 3067 827 3110 MS.
839 3065 986 3110 Vatic.
1002 3064 1132 3109 8429.

237 3131 281 3166 et
304 3123 407 3167 edd.
430 3131 532 3166 ante
555 3122 844 3176 Rhenanam,
874 3123 950 3182 qui
979 3123 1126 3180 posuit

235 3189 496 3224 transacta.
586 3181 795 3226 Veterem
856 3181 1124 3239 scripturam

235 3238 507 3282 reduxerunt
523 3237 755 3281 Dronkius
778 3254 879 3296 sqq.
942 3238 998 3282 cf.
1013 3237 1127 3280 Hist.

234 3298 277 3345 2,
299 3296 369 3339 76.
390 3297 506 3339 abiit
525 3298 623 3338 iam
646 3303 689 3337 et
714 3303 1032 3339 transvectum
1060 3303 1125 3341 est

230 3361 454 3407 tempus..
680 3352 682 3355 ’

288 3413 488 3455 numeri.
549 3409 608 3455 cf.
631 3417 726 3454 not.
748 3411 802 3453 ad
828 3409 939 3453 Hist.
964 3412 1002 3462 1,
1026 3411 1069 3454 6.

291 3472 436 3511 tarda
471 3501 482 3512 .
507 3498 519 3511 .
545 3500 556 3512 .
583 3498 596 3511 .
631 3469 925 3511 inchoaturo.
1003 3467 1125 3512 Ilaec

233 3525 370 3569 verba
405 3535 615 3584 tanquam
649 3542 672 3568 e
701 3540 814 3571 voce
851 3538 1122 3581 quanquam

230 3597 325 3624 non
360 3583 597 3639 pendentia
632 3580 881 3625 Walchius
921 3582 1118 3625 circum-

1212 1440 1379 1485 dictum
1419 1450 1483 1484 est
1520 1441 1572 1484 ad
1601 1442 1690 1485 An.
1718 1436 1844 1490 1‚·2‘7.
1879 1465 1936 1474 -—
1998 1440 2097 1484 MS.

1212 1498 1354 1542 Vatic.
1388 1498 1516 1542 3429.
1547 1501 1843 1559 incohpcuro.
1903 1498 1964 1543 cf.
1998 1507 2095 1542 not.

1211 1556 1265 1599 ad
1297 1556 1409 1599 Hist.
1432 1557 1476 1607 4,
1498 1558 1571 1600 41.

1202 1649 1215 1658 κ
1268 1629 1491 1671 custodiri
1510 1659 1521 1671 .
1537 1659 1547 1671 .
1568 1659 1580 1671 .
1602 1661 1613 1672 .
1638 1630 1898 1673 videbatur.
1978 1624 2099 1674 Haec

1208 1702 1300 1729 non
1325 1695 1428 1728 sunt
1452 1702 1533 1745 pro
1553 1688 1853 1729 custodienda
1879 1689 2098 1730 videban-

1207 1751 1314 1797 tur,
1342 1743 1408 1786 uti
1435 1743 1682 1787 adfirmavit
1703 1743 1981 1788 Walchius:
2020 1745 2097 1788 sed

1206 1801 1453 1846 infinitivus
1494 1802 1723 1845 custodiri
1759 1801 1960 1860 fungitur
2000 1803 2099 1847 viee

1207 1860 1498 1909 substantivi,
1540 1868 1587 1901 ut
1621 1858 2099 1918 saepissime‚·etp⁰-

1209 1919 1302 1960 tius
1326 1925 1390 1959 est
1410 1917 1702 1961 adiectivurn.
1762 1917 1820 1963 cf.
1838 1917 1928 1961 An.
1949 1919 2098 1970 1220.

1205 1976 1453 2016 emendari
1481 1976 1629 2029 quam
1648 1988 1844 2028 peccare
1867 1977 2099 2030 posterius

1207 2039 1291 2074 est.
1350 2031 1421 2074 De
1444 2033 1585 2077 verbo
1610 2033 1764 2087 videri
1782 2031 1843 2087 ita
1866 2033 2013 2090 posito
2037 2034 2096 2076 cf.

1206 2090 1295 2132 An.
1322 2089 1389 2137 11,
1412 2089 1454 2131 9.
1479 2091 1719 2145 potiorque
1742 2090 1996 2136 Bar-danes
2027 2091 2099 2134 vi·-

1204 2161 1281 2189 sus
1326 2148 1572 2189 retinendo
1616 2161 1780 2201 regno·
1808 2166 1867 2181 --
1922 2147 2098 2203 Eodem

1206 2219 1359 2247 errore
1385 2203 1634 2247 Walchius
1661 2207 1811 2249 locum
1835 2204 1949 2251 Hist.
1967 2204 2011 2258 3,
2027 2205 2098 2249 56.

1205 2277 1311 2305 cum
1330 2262 1488 2319 fessos
1512 2264 1661 2305 hieme
1678 2270 1820 2318 atque
1840 2264 2000 2317 inopia
2011 2265 2097 2309 Iao·

1205 2328 1299 2362 stes
1323 2322 1527 2373 adgredi
1547 2322 1594 2361 in
1626 2329 1793 2374 aperto
1814 2321 2096 2377 soretacce·

1206 2378 1270 2435 pit
1294 2376 1465 2420 dictum
1504 2394 1587 2435 pro
1621 2372 2094 2433 adgrediendo-exesse.

1205 2437 1348 2479 lmmo
1377 2434 1496 2478 idem
1530 2435 1590 2477 ibi
1624 2443 1688 2477 est
1721 2435 1966 2490 infinitivus
1994 2437 2094 2486 sub·

1205 2493 1387 2538 stantivi
1419 2493 1517 2537 vice
1542 2491 1760 2550 fungens,
1792 2489 2095 2550 etin'aperto

1204 2565 1301 2594 esse
1335 2550 1443 2608 quid
1474 2551 1550 2602 sit,
1593 2550 1832 2595 docuimus
1866 2566 2002 2608 supra
2037 2551 2094 2593 ad

1205 2626 1244 2653 c.
1273 2610 1313 2651 1.
2037 2642 2045 2652 ,

1259 2678 1493 2732 legionum
1527 2678 1726 2722 vexilli-s.
1803 2676 1875 2720 De
1905 2676 1973 2721 his
2007 2677 2091 2721 vid.

1202 2742 1297 2779 not.
1319 2735 1374 2778 ad
1397 2735 1486 2778 An.
1510 2736 1546 2782 1,
1569 2734 1641 2779 38.

1257 2807 1458 2860 degredi.
1527 2805 1602 2849 Sic
1637 2821 1661 2848 e
1696 2806 2090 2851 coniectura‘Aci·

1203 2863 1308 2906 datii
1351 2863 1455 2906 edd.
1496 2862 1682 2908 Pichen.
1727 2864 1949 2921 Bernegg.
1989 2878 2089 2927 sqq.

1204 2918 1357 2964 Recte.
1420 2937 1524 2964 nam
1551 2930 1784 2964 contextus
1814 2921 1904 2965 hoc
1932 2923 2090 2979 poscit,

1205 2980 1305 3036 quia
1350 2992 1500 3021 sermo
1531 2985 1597 3021 est
1627 2978 1681 3021 de
1718 2978 2090 3022 descendentibus

1202 3037 1251 3078 in
1277 3051 1487 3094 aequum.
1547 3035 1605 3079 cf.
1634 3043 1731 3080 not.
1758 3036 1812 3080 ad
1839 3036 1928 3080 An.
1951 3037 1994 3086 4.
2013 3037 2085 3080 49.

1204 3117 1259 3127 --
1301 3096 1483 3147 digredi
1505 3094 1606 3137 MS.
1637 3091 1784 3138 Vatic.
1821 3093 1948 3139 3429.
1983 3091 2087 3139 edd.

1199 3158 1301 3194 ante
1338 3150 1599 3206 Pichenam,
1651 3159 1694 3195 et
1728 3164 1874 3210 nuper
1907 3149 2087 3195 Dronk.

1196 3207 1379 3253 Becker.
1395 3208 1576 3263 Hertet„
1600 3208 1665 3252 illi
1682 3207 1852 3254 scilicet
1867 3207 1925 3251 ob
1937 3215 2088 3252 aucto-

1196 3266 1372 3308 ritatem
1404 3266 1571 3310 codicis
1594 3266 1731 3310 MSti.
1793 3265 1880 3310 sed
1903 3273 2087 3308 ·ve1eres

1196 3323 1300 3366 libri
1324 3323 1371 3366 in
1398 3322 1486 3367 hoc
1508 3339 1669 3381 genere
1693 3324 2084 3382 saepius-peccant,

1199 3397 1331 3439 quam
1358 3389 1406 3424 ut
1432 3382 1483 3424 iis
1507 3381 1616 3425 fides
1639 3381 1939 3426 sitihabenda.

1256 3466 1408 3508 erexit
1455 3467 1616 3509 act‘em.
1700 3465 1759 3508 cf.
1795 3465 1901 3510 infr.
1939 3481 1979 3510 c.
2007 3464 2080 3509 86.

1194 3522 1314 3624 {3¹³³ss
1332 3524 1372 3572 3,
1391 3523 1459 3565 71.
1485 3533 1526 3566 et
1546 3523 1587 3574 4,
1606 3523 1679 3567 71.
1740 3521 1836 3568 Liv.
1868 3525 1905 3570 1,
1927 3523 1998 3565 27.
2038 3531 2079 3565 et

2144 3527 2150 3654 l

2142 3656 2150 3790 ἑ

2096 3935 2103 3939 1
2138 3804 2150 3954 j}

2135 3957 2140 4022 l
