2150 4022
153 244 302 314 230»

667 251 789 313 DE
845 251 1489 333 ORATORIBUS
1559 276 1569 289 *-

159 404 463 461 agnosceS,
515 403 664 459 quae
703 384 940 444 audisti.
1027 384 1187 460 quod
1229 383 1278 438 si
1314 405 1430 462 qua
1465 386 1664 445 omisit
1684 387 1863 459 Cato,
1916 411 2008 448 se-

159 471 368 549 quenti
406 468 750 525 recitatione
790 465 1077 548 Thyestes
1119 468 1293 526 dicet.

158 556 319 637 diam
342 554 607 629 disposui
631 554 749 611 iam
781 565 837 612 et
863 554 1020 612 intra
1048 573 1144 609 me
1174 553 1297 627 ipse
1318 555 1587 616 formavi.

1379 465 1533 528 hanc
1576 471 1736 530 enim
1778 485 2010 549 tragoe-

1675 568 1850 636 atque
1873 561 2007 617 ideo

157 653 453 698 maturare
475 638 616 696 libri
638 636 814 696 huius
839 639 1156 712 editionem
1170 638 1391 696 *festino
1407 687 1424 710 ,
1459 652 1526 698 ut
1548 642 1786 702 dimissa
1811 645 2008 725 priore

160 747 296 783 cura
328 744 516 781 novae
542 724 883 800 cogitationi
916 735 1038 782 toto
1069 733 1301 798 pectore
1332 725 1689 787 incumbam.

159 961 348 1004 gnosces
373 960 580 1001 quoque,
623 959 810 994 eorum,
851 959 964 1002 quae
1000 944 1046 985 in

155 1004 309 1062 priore
331 1002 592 1045 recitatione
615 1000 818 1044 audivisti
841 1016 1046 1058 quaeque

156 1059 443 1104 offenderunt
468 1058 741 1107 nonnullos,
771 1057 879 1101 nihil
901 1067 1046 1100 muta·

154 1127 253 1162 tum
279 1133 391 1160 esse.
449 1117 656 1159 Muretus
676 1115 894 1160 malebat:
926 1118 1048 1171 leges

158 1184 210 1219 tu
224 1178 421 1232 quidem,
448 1176 494 1217 si
511 1176 723 1221 volueris,
747 1180 792 1216 et
814 1187 1049 1228 agnosces,

156 1236 267 1288 quid
287 1233 535 1276 Maternus
567 1232 662 1274 sibi
684 1231 894 1273 debuerit
911 1264 923 1287 ,
968 1231 1051 1273 de-

158 1291 258 1334 letis
281 1290 375 1334 istis
399 1305 517 1345 qaae
542 1289 748 1339 audisti5
789 1288 980 1332 Seebod.
1006 1288 1050 1329 in

158 1349 261 1392 edit.
286 1348 426 1391 altera
447 1347 666 1405 probante
685 1347 897 1388 Mosero:
928 1350 1053 1398 leges

158 1414 209 1448 tu
231 1407 420 1462 quidem
434 1437 444 1453 ‚
477 1406 586 1460 qaid
604 1403 852 1445 Maternus
870 1405 957 1446 sibi
977 1407 1051 1444 de-

158 1465 339 1506 huet-its
390 1463 624 1505 Praeterea
659 1460 955 1516 corrigendus
989 1466 1053 1502 est

156 1519 352 1564 Schulzii
375 1535 516 1568 error,
538 1517 614 1575 qui
635 1518 899 1575 scripturam
926 1534 950 1560 a
972 1533 1052 1559 no-

155 1578 224 1621 bis
278 1586 504 1635 receptam
556 1577 610 1619 ab
659 1574 862 1618 Acidalio
918 1574 1054 1616 fuisse

188 1636 388 1678 robatam
415 1634 576 1684 tradit3
613 1631 785 1676 scilicet
808 1648 905 1675 non
929 1632 1055 1675 intel·

155 1652 261 1736 fexit
273 1692 466 1735 Acidalii
481 1692 643 1737 verba:
671 1691 935 1747 „vulgatam
952 1689 1002 1744 (i.
1019 1705 1054 1732 e.

154 1749 336 1793 Puteol.
359 1766 458 1808 sqq.
485 1750 778 1807 scripturam)
812 1747 986 1790 retineo
1014 1755 1057 1789 et

155 1817 313 1860 tueor,
352 1806 568 1868 quicquid
598 1806 713 1854 liber
739 1806 931 1863 scriptus
959 1821 1055 1847 mu·

156 1874 235 1911 tet.
250 1867 279 1888 ”

217 1952 388 1999 omisit.
439 1949 540 1993 MS.
555 1948 694 2007 Neap.
712 1950 836 1992 misit
856 1950 927 1999 [ut
952 1946 1053 1995 cod.

158 2009 292 2054 Farn.
317 2007 436 2066 apud
461 2006 694 2063 Bekker.].

212 2092 425 2149 sequenti
442 2092 714 2133 recitatione
739 2090 967 2146 Thyestes
990 2090 1054 2131 di-

161 2158 249 2194 cet.
332 2150 606 2193 recitatione
658 2147 866 2191 exhibent
918 2147 1054 2190 MSS.

161 2209 368 2260 [Fames.
406 2214 439 2248 t.
474 2204 632 2260 Beth]
670 2204 864 2263 Neapol.
896 2211 939 2247 et
971 2204 1055 2246 Va·

156 2266 288 2314 tice„
330 2264 539 2320 idemque
576 2279 626 2305 ex
661 2263 924 2307 coniectura
954 2277 1054 2305 cor-

156 2330 331 2366 rexerat
361 2322 535 2379 Lipsius
571 2320 622 2363 in
657 2321 760 2363 edd.
794 2318 1058 2378 posteriori·

156 2382 268 2428 bus,
322 2395 458 2438 quem
505 2386 756 2434 sequuntur
805 2377 1055 2419 Heumann.

159 2440 340 2482 Broter.
384 2436 564 2479 Ernest.
619 2433 801 2479 Schulz.
850 2433 1058 2478 oberlin.

158 2497 261 2555 Bip.
288 2494 418 2538 Seeb.
450 2493 537 2548 (ed.
561 2491 662 2547 alt.)
689 2491 866 2536 Dronk.
883 2490 1057 2535 Osann.

160 2551 305 2598 Orell.
322 2552 378 2604 [1.
394 2550 532 2594 Bekk.
546 2550 842 2608 Boett..Rup.]
868 2574 921 2584 -
953 2556 1055 2590 tra-

160 2612 364 2654 ctatione
396 2608 443 2651 in
475 2608 577 2651 edd.
607 2607 799 2665 antiquis
831 2606 1060 2655 omnibus,

161 2668 367 2726 Lipsiana
412 2666 584 2724 prima,
639 2665 812 2708 Pithoe.
846 2665 1057 2708 Gronov.

160 2727 385 2784 Bernegg.
410 2739 509 2782 sqq.
544 2733 587 2767 et
608 2723 739 2767 Seeb.
771 2722 925 2781 priore
949 2721 1059 2765 scri-

161 2793 289 2840 ptum
313 2792 402 2832 est3
432 2780 510 2824 sed
533 2780 829 2825 reiiciendum
852 2781 922 2836 id,
954 2777 1058 2837 quia

162 2839 538 2884 tractatione
587 2838 810 2894 sequenti
857 2840 1058 2880 dicere

159 2898 232 2944 vix
246 2896 333 2941 dici
345 2904 504 2954 potest.
530 2894 604 2939 Nil
616 2895 774 2953 aptius,
784 2911 920 2954 quam
936 2892 1057 2953 quod

162 2955 298 3002 codd.
325 2955 565 3012 praehent3
594 2953 752 3008 pridie
775 2954 1058 2996 recitaverat

166 3014 394 3056 Catonem
424 3010 686 3063 Maternus,
738 3020 789 3053 ut
823 3026 957 3069 supra
994 3014 1059 3051 est

162 3077 426 3124 narratum,
510 3067 629 3110 idem
652 3099 665 3122 ,
741 3075 792 3111 ut
842 3084 938 3125 cap.
986 3068 1056 3109 11.

161 3130 256 3187 ipse
278 3125 539 3185 profitetur,
579 3127 848 3169 recitatione
871 3133 1057 3179 tragoe-

161 3187 355 3233 diarum
395 3182 579 3237 ingredi
611 3182 810 3238 famam
851 3183 1059 3241 auspica-

162 3252 237 3286 tus
267 3251 347 3286 est.
405 3242 590 3284 actione
623 3239 817 3283 Acidalii
851 3250 915 3283 est
949 3255 1058 3284 con·

1120 950 1276 1001 utpote
1302 949 1569 999 tyrannum,
1613 946 1803 1001 quinon
1831 954 2012 991 conten·
2053 967 2062 972 “

1119 1009 1190 1042 tus
1213 1015 1292 1042 sua
1315 1000 1376 1065 im
1414 999 1494 1042 erii
1519 1009 1664 1058 parte,
1704 1011 1876 1061 partem
1903 1020 2013 1063 quo·

1120 1073 1206 1115 que
1218 1058 1343 1101 Ati-el
1385 1057 1513 1101 ratris
1535 1060 1761 1118 corripere
1780 1062 2014 1111 studuerit,

1120 1116 1185 1158 vix
1238 1114 1500 1171 loquentem
1551 1116 1768 1162 inducere
1817 1120 2013 1178 potuerit

1120 1172 1357 1215 Maternus
1381 1179 1423 1213 et
1449 1172 1629 1230 quidem
1652 1191 1726 1224 ea,
1766 1190 1878 1234 quae
1900 1176 2014 1220 Cato

1124 1228 1341 1280 omiserit,
1357 1228 1516 1273 solitus
1529 1230 1606 1274 ille
1620 1232 1674 1274 de
1690 1232 1893 1278 libertate
1908 1250 2015 1278 con·

1123 1298 1191 1331 tra
1223 1285 1510 1344 tyrannidem
1548 1289 1713 1334 dicere.
1779 1290 1876 1335 Nec
1909 1305 2016 1334 con*-

1125 1344 1243 1388 cedit
1275 1343 1423 1394 idem,
1474 1362 1545 1388 eas
1579 1355 1726 1403 partes
1761 1349 1833 1394 vel
1874 1349 2015 1393 choro

1124 1401 1371 1445 adtributas
1399 1401 1559 1451 fuisse,
1598 1405 1666 1447 vel
1689 1403 1929 1464 Thyestem
1957 1406 2015 1449 fi-

1125 1469 1250 1503 ctum
1282 1474 1376 1501 esse
1406 1475 1430 1501 a
1455 1470 1587 1517 poeta
1614 1472 1915 1507 exsecrantem
1942 1473 2015 1521 ty-

1125 1515 1390 1570 rannidem,
1433 1517 1658 1561 malorum
1690 1526 1881 1564 suorum
1917 1537 2018 1564 cau·

1126 1590 1236 1616 sam.
1297 1572 1529 1616 Praeterea
1556 1592 1698 1646 quum
1729 1587 1903 1623 constet
1939 1579 2018 1633 (cf.

1128 1630 1312 1695 nouad
1348 1646 1392 1674 c.
1434 1631 1517 1686 12.)
1549 1632 1786 1690 'lhyestem
1826 1636 2019 1695 praecla-

1127 1688 1350 1731 rissimam
1376 1686 1511 1732 fuisse
1533 1690 1656 1734 Varii
1683 1693 1876 1736 fabulam
1893 1726 1904 1747 ,
1950 1709 2019 1736 ea·

1129 1746 1322 1804 demque
1372 1763 1459 1788 una
1505 1764 1609 1791 cum
1655 1749 1813 1795 Ovidii
1855 1751 2020 1796 Medea

1128 1813 1516 1847 commemoretur
1554 1807 1741 1851 adsiduo
1779 1810 1927 1853 studio
1964 1810 2020 1854 ab

1126 1861 1337 1904 Materno
1359 1870 1567 1918 tractata,
1605 1865 1776 1922 colligit
1799 1866 1893 1910 iam
1912 1867 2020 1911 Hos·

1127 1935 1309 1974 mann.,
1355 1935 1450 1962 non
1485 1936 1510 1963 a
1544 1921 1755 1966 Materno
1779 1923 2018 1983 Thyestem

1127 1993 1221 2021 esse
1248 1976 1574 2034 compositam,
1619 1979 1802 2038 eiusque
1829 1981 1934 2025 loco
1958 1982 2021 2026 fa·

1127 2035 1278 2077 bulam
1335 2033 1667 2090 inducendam,
1743 2054 1855 2096 quae
1908 2038 2020 2083 item

1126 2100 1280 2149 postea
1318 2091 1374 2133 sit
1414 2103 1792 2150 commemorata,
1841 2096 2020 2139 Domi-

1128 2151 1274 2199 tiam;
1321 2163 1344 2190 a
1377 2163 1467 2205 quo
1501 2151 1686 2193 nomine
1730 2152 2020 2198 librariorum

1130 2206 1288 2248 oculos
1311 2205 1540 2250 aberrasse
1564 2208 1616 2250 ad
1634 2208 1895 2265 Thyestem.
1925 2212 2021 2255 Do-

1130 2265 1307 2306 mitium
1332 2278 1437 2305 vero
1463 2273 1506 2307 et
1532 2264 1776 2323 Catonem,
1822 2268 1890 2314 sic
1916 2286 2020 2326 per-

1130 2322 1207 2379 git,
1235 2320 1402 2378 optime
1425 2323 1639 2380 coniungi
1661 2325 1722 2368 ob
1743 2325 1900 2370 odium
1911 2327 2022 2373 Cae·

1130 2377 1266 2426 saris,
1308 2377 1432 2434 quod
1464 2379 1757 2437 cognoscitur
1788 2399 1845 2426 ex·
1863 2400 2024 2429 narra-

1130 2435 1253 2478 tione
1297 2434 1482 2479 sueton.
1529 2437 1700 2483 Neron.
1745 2456 1770 2484 c
1828 2441 1871 2485 2.
1943 2442 2022 2486 Est

1131 2508 1237 2535 vero
1259 2493 1310 2536 L.
1335 2493 1564 2536 Domitius
1588 2495 1911 2555 Aenobarbus,
1946 2516 2022 2544 cu-

1130 2551 1200 2593 ius
1232 2550 1386 2594 laudes
1421 2552 1585 2595 cecinit
1617 2553 1784 2598 Lucan.
1821 2556 2021 2602 Pharsal-

1128 2610 1170 2658 2,
1192 2609 1293 2651 479.
1325 2610 1368 2658 7,
1389 2610 1491 2652 600.
1551 2609 1673 2653 Haec
1697 2612 1752 2654 ab
1774 2612 2024 2659 Hoffmann.

1129 2664 1306 2709 Pecrlk.
1333 2667 1576 2724 excogitata
1598 2667 1815 2724 sagaciter
1834 2686 1930 2715 esse
1946 2668 2023 2715 ad'·

1129 2731 1278 2782 paret,
1317 2723 1393 2766 sed
1429 2732 1576 2766 tamen
1611 2741 1708 2768 eam
1748 2728 2023 2772 emendatio-

1130 2797 1235 2823 nem
1269 2796 1358 2838 quo
1390 2779 1541 2824 minus
1574 2781 1619 2824 in
1643 2784 1891 2828 verborum
1915 2801 2023 2830 con-

1130 2846 1296 2881 textum
1321 2837 1559 2896 recipiam,
1599 2839 1786 2898 impedit
1817 2842 2023 2886 omnium

1131 2894 1353 2938 librorum
1369 2894 1415 2937 in
1431 2895 1649 2951 Thyestes
1672 2898 1892 2957 scriptura
1915 2915 2024 2944 con·

1130 2967 1302 2995 sensus.
1391 2953 1442 2995 In
1497 2954 1693 3010 antiquis
1746 2957 1848 3000 edd.
1899 2956 2024 3016 Spir.

1128 3009 1233 3052 Put.
1274 3008 1379 3055 Riv.
1424 3010 1632 3055 Beroald.
1676 3012 1776 3058 Ale.
1817 3013 2026 3066 Rhenan.

1129 3065 1341 3110 Thiestes
1373 3067 1593 3127 scriptum
1624 3078 1716 3127 est,
1759 3071 1816 3115 ab
1842 3071 1945 3117 ΑΜ.
1968 3073 2026 3121 de

1133 3140 1259 3167 mum
1283 3124 1520 3181 Thyestes-

1190 3243 1439 3279 maturare
1467 3240 1575 3281 libri
1600 3238 1741 3284 huius
1771 3240 2025 3283 editionem

161 3301 350 3344 iectura.
370 3321 430 3340 -.-
469 3296 651 3364 Residet
673 3305 899 3354 praeterea
923 3297 970 3340 in
994 3296 1061 3339 his
1117 3295 1314 3353 festino,
1357 3293 1435 3338 sie
1454 3293 1558 3338 libri
1580 3311 1763 3351 omnesg
1786 3296 1864 3340 sed
1883 3313 2027 3356 qmm

165 3357 315 3402 verbis
340 3355 460 3400 aliud
484 3353 655 3401 viuum,
682 3353 755 3397 cui
777 3355 1057 3398 removendo
1131 3350 1422 3410 tautologiam
1446 3352 1513 3396 his
1537 3354 1684 3399 verbis
1707 3353 1854 3399 inesse
1874 3356 2026 3414 opina·

166 3429 327 3458 manus
371 3412 570 3457 admovit
612 3410 863 3461 Hofmann.
911 3411 1060 3455 Peerl-

168 3471 316 3529 kamp.
355 3470 402 3514 in
436 3468 644 3514 biblioth.
680 3468 780 3514 crit.
819 3486 927 3514 nov.
963 3468 995 3511 l.
1030 3468 1061 3513 l.

172 3545 215 3587 p.
239 3528 334 3572 116.
356 3545 460 3587 sqq.
520 3525 723 3570 Offendit
742 3541 845 3568 eum
881 3541 1062 3585 magno-

169 3602 275 3647 pere
292 3583 664 3634 commemoratio
675 3582 893 3641 Thyestis,
915 3599 1065 3640 quem,

1130 3417 1290 3454 rentur
1342 3410 1550 3453 nonnulli
1650 3410 1807 3454 locum
1859 3427 2027 3456 corru-

1132 3475 1263 3527 ptum
1286 3466 1503 3512 dixerunt.
1561 3443 1597 3512 i.
1615 3466 1691 3512 Fr.
1709 3467 1914 3515 Gronov,
1930 3469 2027 3515 Ob·

1135 3540 1252 3568 serv.
1298 3522 1357 3567 11.
1409 3540 1449 3567 c.
1490 3525 1562 3570 24.
1619 3524 1813 3571 malebat
1865 3530 2027 3583 gestio,

1138 3580 1345 3627 Heinsius
1397 3583 1612 3639 destino,
1674 3584 1797 3641 quod
1846 3583 2025 3635 schulz.
