2150 4022
571 290 1102 353 DIALOGUS.
1188 292 1382 363 CAP,
1419 244 1508 356 5Γρ

103 439 246 484 natu
289 426 411 482 sive
451 425 611 500 apud
653 422 986 499 principem
1027 424 1234 498 possis.

1824 254 1949 355 239

1321 424 1467 500 quid
1510 423 1674 482 aliud
1723 424 1952 483 infestis

101 511 366 587 patribus
424 529 614 585 nuper
658 505 878 583 Eprius
930 507 1251 565 Marcellus
1315 529 1492 584 quam
1552 509 1949 586 eloquentiam

77 626 86 628 -
101 617 267 660 suam
307 595 582 670 opposuit
597 593 624 648 ’ξ’

710 593 816 669 qui
856 593 1149 650 accinctus
1190 605 1247 650 et
1280 595 1480 650 minax
1508 595 1789 652 disertam
1816 596 1952 672 qui-

99 683 233 738 dem
273 682 374 736 sed
417 678 855 736 inexercitatam
894 690 953 734 et
992 677 1282 735 eiusmodi
1315 679 1702 736 certaminum
1740 682 1950 737 rudem

100 764 366 822 Helvidii
401 763 748 840 sapientiam
789 763 978 819 elusit.

1063 764 1235 839 plura
1262 763 1335 818 de
1367 764 1622 821 utilitate
1638 784 1774 821 non
1797 766 1948 834 dice,

100 851 197 907 cui
231 850 386 924 parti
423 850 668 905 minime
711 848 1211 907 contradicturum
1238 846 1581 906 Maternum
1615 869 1815 908 meum
1853 870 1950 909 ar·-

97 936 307 994 bitror.

99 1115 249 1143 mann.
260 1098 449 1143 Bekker.
466 1100 561 1158 [qui
575 1101 709 1144 Farn.
724 1100 825 1144 cod.
839 1108 990 1144 aucto·

96 1158 274 1200 ritatem
287 1158 524 1214 sequiturj.
553 1158 727 1201 Omnes
741 1159 861 1201 editt.
875 1157 990 1199 exhi·

100 1217 204 1257 bent
226 1218 303 1257 vel
323 1218 370 1256 in
395 1216 559 1258 iudicio
577 1249 587 1269 ‚
622 1216 744 1273 quod
768 1214 989 1260 citerioris

101 1271 325 1315 latinitatis
346 1272 642 1330 scriptoribus
659 1273 989 1330 frequentatum

98 1330 256 1380 fuisse,
305 1330 548 1372 ostendunt
590 1330 889 1388 Oudendorp.
933 1328 988 1372 ad

100 1387 274 1444 Apulei.
300 1386 486 1430 Metam.
514 1389 555 1431 5.
587 1403 633 1444 p.
658 1388 758 1431 373.
814 1385 986 1431 Duker.

98 1447 150 1486 ad
178 1445 302 1487 Flor.
326 1445 366 1494 4,
392 1443 432 1495 2,
457 1445 528 1488 79.
592 1445 694 1487 Νοη
716 1461 855 1502 nego,
894 1444 989 1503 ipse

99 1500 231 1545 etiam
253 1501 439 1544 Tacitus
474 1501 604 1545 huius
638 1501 842 1546 licentiae
880 1517 991 1559 sup-

98 1559 264 1615 peditat
301 1560 525 1616 exempla,
568 1558 692 1604 velut
723 1561 813 1603 Au.
851 1562 915 1607 14,
946 1560 990 1602 7.

98 1617 192 1658 sive
224 1617 417 1658 servitia
445 1625 659 1659 armaret
694 1621 769 1659 vel
794 1620 990 1660 militem

98 1677 388 1728 accenderet,
443 1675 538 1716 sive
578 1678 644 1716 ad
685 1684 905 1717 senatum
942 1682 987 1716 et

94 1735 318 1784 populum
336 1735 633 1780 pervaderet.
664 1731 724 1774 cs.
746 1740 842 1775 not.
868 1732 987 1774 iufra

99 1787 152 1830 ad
199 1804 294 1844 cap.
327 1788 399 1830 28.
472 1788 586 1836 Sed,
635 1789 713 1830 ubi
758 1786 896 1832 eo‘dex
941 1787 986 1831 id

100 1849 301 1903 praebet,
359 1844 524 1888 rectius
583 1862 684 1888 eum
741 1847 988 1904 sequimur,

100 1918 234 1960 quam
286 1907 628 1959 'perseveramus
692 1902 737 1946 in
795 1905 987 1948 lectione

98 1961 131 2002 si
166 1975 259 2003 non
295 1959 426 2010 salsa,
479 1966 522 2002 at
570 1969 689 2004 cente
736 1977 826 2004 nou
874 1977 987 2019 pro-

99 2016 262 2060 banda.

71 2160 72 2163 η
157 2127 326 2181 Eprius
359 2125 624 2171 Marcellus.
698 2127 767 2170 De
802 2128 886 2172 hoc
930 2128 989 2172 cf.

98 2185 351 2234 An.15‚22.
375 2185 485 2228 nist.
498 2184 539 2236 4,
552 2187 740 2229 5.-—10.
765 2185 985 2239 40.—-4{k.

97 2241 290 2286 Walch.
331 2242 386 2284 ad
415 2242 568 2299 Agric.
612 2258 656 2300 p.
688 2243 784 2286 114.
854 2244 984 2299 Quae

99 2300 140 2343 h.
181 2301 207 2344 Ι.
249 2309 510 2347 narrantur,
567 2310 666 2357 apte
710 2303 986 2343 conveniunt

100 2373 204 2401 cum
222 2355 273 2397 iis
289 2388 301 2405 ,
331 2371 443 2413 quae
466 2356 559 2399 aliis
584 2357 693 2399 locis
717 2358 771 2399 de
798 2375 849 2400 eo
873 2374 982 2415 pro-

99 2415 210 2458 didit
234 2413 476 2455 memoriae
499 2413 704 2467 Tacitus,
742 2423 790 2455 ut
806 2417 895 2458 An.
915 2416 981 2468 16,

96 2472 167 2516 23.
205 2472 308 2512 acri
341 2472 631 2526 eloquentia,
687 2470 794 2513 ibid.
833 2489 872 2516 c..
911 2472 983 2514 29.

98 2545 200 2572 cum
219 2542 303 2579 per
323 2530 433 2568 llaec
456 2534 595 2582 atque
619 2529 761 2581 talia,
805 2536 858 2571 ut
886 2535 988 2570 erat

100 2595 260 2627 torvus
281 2601 336 2626 oc
357 2587 522 2626 mimzx
544 2598 646 2626 voce
660 2618 671 2640 ,
709 2588 862 2636 valta,
885 2601 986 2628 ocu·

99 2646 156 2686 lis
188 2646 483 2691 ardesceret3
527 2641 638 2685 Uist.
669 2643 711 2696 4,
739 2643 783 2685 6.
818 2645 988 2685 minax

99 2708 332 2743 certamen
370 2699 566 2752 egregiis
600 2703 838 2754 utriusque
873 2715 987 2742 ora-

98 2759 298 2799 tionibus
324 2762 545 2798 testatum
560 2788 571 2808 ‚
612 2757 718 2799 ibid.
740 2759 841 2799 hinc
864 2758 987 2799 inter

98 2815 364 2856 Helvidium
409 2821 454 2854 et
494 2814 687 2867 Eprium
733 2830 840 2856 acre
885 2816 983 2857 iur-

99 2872 244 2925 gium.
301 2870 390 2912 Pro
413 2870 582 2922 Eprius
616 2871 661 2913 in
686 2872 821 2915 MSS.
846 2872 985 2929 Neap.

101 2929 276 2981 [Fara]
316 2936 355 2970 et
391 2927 463 2970 ed.
498 2927 615 2995 Spir.
652 2937 875 2972 exaratum
923 2938 987 2973 est

94 2987 254 3039 prius,
284 2983 509 3042 frequenti
533 3002 579 3027 ln
602 2985 690 3028 hoc
712 2986 897 3029 nomine
920 3003 986 3030 er·

102 3058 221 3086 rore.
253 3042 312 3085 cs.
339 3050 432 3084 not.
455 3042 510 3083 ad
525 3043 611 3084 An.
631 3044 751 3090 124.
787 3067 845 3076 —
906 3045 986 3089 Ce-

99 3107 244 3142 terum
273 3114 355 3156 pro
377 3100 589 3152 opposuit
612 3099 715 3143 edd.
741 3101 856 3156 Spir.
885 3101 986 3145 Put.

79 3155 199 3200 ‘Riw
224 3155 326 3198 Ber.
353 3157 562 3212 praebent
588 3160 817 3212 apposuit.
884 3171 895 3181 ·

158 3266 238 3321 qui
263 3266 507 3308 accinctus.
570 3266 645 3317 Sic
674 3267 806 3311 MSS.
845 3267 984 3326 Neap.

102 3322 274 3377 [Fara]
297 3322 400 3365 edd.
425 3322 627 3381 autiquae
653 3333 694 3366 et
718 3340 865 3382 nuper
887 3327 985 3368 See-

104 3380 218 3422 bod-
261 3379 322 3432 (in
376 3379 483 3422 edit.
529 3381 710 3436 altera),
772 3385 987 3439 probante

106 3434 475 3479 Raucbeusteinio
525 3437 572 3480 in
616 3438 760 3481 Orell.
815 3441 987 3496 proleg.

104 3507 147 3549 p.
165 3491 266 3558 .Ll.‚
301 3493 371 3534 cui
400 3504 635 3551 propterea
659 3497 828 3552 placet,
865 3496 988 3553 quod

104 3562 274 3590 nunus
296 3565 396 3590 cum
422 3566 515 3605 qua
538 3552 750 3608 coniungi
776 3569 865 3596 uon
891 3570 987 3609 pos·

104 3607 173 3647 sit.
206 3621 294 3659 qua
317 3606 434 3649 enim
463 3624 509 3650 ex
528 3608 683 3652 Ursini
710 3613 989 3653 correctione

1061 1100 1108 1143 in
1154 1097 1329 1143 Acidal.
1372 1098 1625 1142 Heumann.
1668 1098 1847 1143 Ernest.
1897 1101 1959 1146 al.

1062 1158 1186 1201 editt.
1199 1156 1460 1200 translatum
1476 1166 1582 1208 erat,
1593 1166 1636 1200 et
1648 1157 1949 1201 necessarium

1062 1215 1296 1260 videbatur
1318 1213 1571 1272 plerisque,
1605 1213 1709 1272 quia
1733 1217 1953 1270 eloquen-

1062 1274 1180 1314 tiam
1219 1286 1357 1314 suam
1397 1274 1609 1327 opposuit
1647 1274 1954 1328 praecesserit,

1061 1330 1222 1386 quibus
1261 1344 1364 1372 cum
1397 1329 1543 1371 verbis
1574 1329 1796 1387 aptissime
1835 1345 1952 1372 con-

1061 1386 1272 1445 iungatur
1295 1402 1388 1442 qua
1417 1387 1662 1429 accinctus.
1721 1386 1776 1429 Et
1798 1385 1954 1431 favere

1062 1444 1270 1487 videntur
1315 1442 1420 1486 huic
1453 1443 1638 1487 lectioni
1671 1443 1786 1493 loci,
1839 1460 1952 1502 quos

1063 1508 1191 1543 antea
1220 1517 1271 1543 ex
1308 1503 1395 1543 An.
1429 1508 1472 1543 et
1503 1500 1615 1544 Ifist.
1655 1500 1710 1543 de
1744 1501 1952 1553 Marcelli

1062 1558 1185 1615 Eprii
1228 1557 1484 1614 eloquentia
1529 1557 1787 1606 adtulimus.
1862 1559 1951 1602 Sed

1065 1617 1208 1672 placet
1237 1614 1601 1658 Rauehensteinii
1632 1616 1752 1658 ratio
1786 1625 1828 1659 et
1862 1633 1951 1674 po·

1059 1673 1147 1716 tior
1175 1679 1239 1714 est
1263 1672 1395 1716 codd.
1420 1673 1676 1717 auctoritas.

1117 1785 1284 1825 rudem
1307 1781 1511 1824 Helvidii
1527 1784 1820 1838 sapientiam.
1880 1783 1952 1828 Cf.

1058 1838 1171 1882 Hist.
1186 1839 1226 1890 4,
1240 1837 1283 1882 5.
1299 1854 1311 1882 :
1345 1842 1557 1882 doctores
1578 1842 1862 1894 sapientiam
1881 1856 1951 1884 se·

1059 1906 1192 1940 cutus
1218 1904 1288 1939 est
1301 1929 1314 1950 ‚
1350 1900 1430 1952 qui
1445 1899 1550 1939 sola
1570 1899 1696 1939 bona
1716 1913 1836 1953 quae
1863 1901 1950 1941 ho·-

1058 1962 1220 2004 nesta,
1262 1957 1397 1995 mala
1421 1961 1607 1996 tantum
1635 1970 1754 2010 quae
1778 1958 1952 2011 turpia,

1054 2013 1343 2066 potentiam,
1387 2013 1677 2054 nobilitatem
1710 2021 1952 2070 ceteraque

1062 2076 1204 2120 extra
1227 2070 1439 2111 animum
1463 2084 1608 2124 neque·
1643 2070 1775 2112 bonis
1805 2086 1952 2126 neque

1060 2127 1204 2169 malis
1228 2130 1561 2168 adnumerant,
1582 2154 1640 2162 —
1683 2127 1774 2170 Pro
1798 2132 1952 2172 diser-

1062 2192 1163 2226 tam
1186 2183 1258 2228 ed.
1273 2183 1391 2241 Spir.
1413 2187 1668 2228 desertam.

1115 2297 1188 2337 cai
1225 2296 1360 2349 parti
1399 2294 1595 2337 minime
1636 2298 1952 2338 contradictu-

1057 2366 1166 2394 rum
1190 2383 1201 2395 .
1219 2359 1231 2394 .'
1247 2384 1258 2394 .
1286 2352 1506 2394 arbitror.
1566 2353 1632 2394 Ita
1657 2351 1792 2395 MSS.
1808 2352 1950 2410 Neap.

1059 2409 1193 2451 Fam.
1221 2408 1419 2461 Vatiec„
1458 2425 1482 2451 a
1507 2409 1658 2468 Lipsio
1690 2408 1778 2451 iam
1815 2413 1951 2454 resti-

1058 2474 1204 2508 tutum
1229 2475 1272 2508 et
1294 2465 1454 2521 deinde
1478 2482 1502 2507 a
1527 2466 1749 2524 plerisque
1772 2466 1820 2510 in
1846 2483 1948 2514 ver·-

1059 2523 1223 2564 borum
1289 2522 1631 2566 continuitatem
1696 2532 1949 2582 receptum.

1062 2580 1228 2622 vitiose
1265 2580 1386 2622 enim
1419 2580 1465 2621 in
1502 2580 1640 2637 antiq.
1673 2580 1795 2624 editt.
1833 2582 1948 2626 scri-

1059 2647 1185 2696 ptum
1210 2645 1298 2679 est:
1337 2652 1441 2678 cum
1472 2641 1782 2691 praesertim,
1826 2641 1950 2698 quod

1059 2694 1275 2739 tenaciter
1307 2702 1542 2736 servarunt
1580 2694 1799 2747 Pichena,
1836 2699 1949 2741 Aei-

1058 2753 1222 2802 dalius,
1277 2750 1677 2795 Schurzfleisehius
1729 2761 1771 2796 et
1822 2754 1951 2798 Heu-

1057 2824 1262 2852 mannus.
1304 2832 1360 2842 -
1429 2809 1511 2854 Ed.
1544 2809 1664 2866 Spir.
1702 2826 1808 2853 cum
1834 2827 1949 2867 par-

1059 2871 1167 2920 tim,
1212 2866 1335 2922 quod
1363 2882 1387 2908 a
1420 2865 1552 2909 codd.
1585 2867 1804 2924 scriptura
1837 2886 1946 2928 pro-

1057 2926 1172 2967 xime
1207 2924 1345 2966 abest.
1380 2947 1436 2955 —-
1507 2923 1685 2968 Deinde
1717 2927 1945 2980 arbitror,

1059 2980 1183 3040 quod
1231 2987 1273 3023 et
1325 2980 1460 3024 codd.
1502 2981 1722 3038 praebent
1763 2990 1806 3025 et
1844 2984 1949 3028 edd.

1061 3047 1188 3088 vett„
1227 3037 1274 3079 in
1300 3037 1444 3081 Rhen.
1469 3041 1538 3081 ed.
1560 3046 1779 3082 mutatum
1813 3049 1877 3083 est
1902 3042 1948 3083 iu

1057 3097 1286 3149 arbitrer,
1333 3111 1468 3153 quem
1494 3096 1772 3154 typothetae,
1809 3107 1855 3139 ut
1879 3099 1948 3139 vi-

1058 3156 1201 3200 detur,
1234 3167 1434 3195 errorem
1459 3166 1818 3211 propagaverunt
1844 3155 1947 3199 edd.

1056 3226 1196 3268 usque
1246 3209 1298 3251 ad
1353 3218 1505 3253 nostra
1557 3223 1782 3269 tempora,
1842 3210 1946 3268 ‘qui-

1058 3268 1140 3310 hus
1183 3267 1389 3308 arbitror
1431 3270 1652 3311 revocavit
1695 3268 1946 3313 Schulzius.
1994 3316 1998 3327 Ι

1060 3324 1261 3366 Gronov.
1284 3322 1573 3367 coniiciebat:
1596 3339 1656 3366 ne
1677 3326 1747 3366 illi
1762 3327 1947 3380 quictem
1994 3337 1998 3342 ¹

1055 3384 1210 3435 parli5
1252 3379 1523 3424 Seebodius:
1569 3385 1641 3423 cui
1663 3386 1947 3434 pracsertim

1065 3469 1102 3481 ..
1127 3437 1347 3481 arbitror.
1407 3439 1635 3495 Scriptura
1671 3456 1694 3481 a
1737 3440 1863 3482 nobis
1901 3441 1947 3491 in

1064 3503 1178 3537 textu
1222 3495 1364 3552 posita
1409 3495 1611 3538 firmatur
1646 3511 1741 3551 cap.
1779 3496 1848 3538 25.
1890 3513 1948 3539 ne

1061 3553 1130 3595 illi
1148 3555 1330 3606 quidem
1347 3553 1482 3606 parti
1502 3555 1736 3595 sermonis
1757 3555 1850 3595 eius
1869 3571 1948 3596 ree-

1057 3624 1240 3662 pagam
1294 3609 1456 3665 Quint.
1501 3609 1606 3651 lnst.
1646 3626 1713 3650 or.
1763 3614 1798 3662 1,
1835 3614 1874 3662 ὃ,
1907 3615 1948 3655 2.
