2150 4022
411 282 532 341 DE
589 277 1124 339 GERMANIA
1194 280 1393 344 CAP.
1436 281 1537 345 34.
1577 279 1677 345 35.
1889 282 1971 340 77

121 414 394 475 Oceanus
424 414 582 481 in{se
612 411 790 467 simul
829 421 1004 485 atque
1039 409 1105 464 in
1130 406 1448 467 Herculem
1480 410 1725 488 inquiri.
1825 409 1971 468 Mox

117 522 290 557 nemo
343 497 615 556 tentavit:
686 495 1056 571 sanctiusque
1105 514 1171 550 ac
1217 497 1580 572 reverentius
1617 497 1841 566 visum,
1899 499 1972 553 de

120 586 259 643 actis
286 586 532 641 deorum
561 581 794 637 credere
821 600 997 656 quam
1024 579 1189 637 scire.

288 692 539 753 XXXV.
625 691 924 748 Hactenus
958 691 1023 746 in
1056 689 1420 746 occidentem
1443 690 1826 749 Germaniam
1859 714 1971 750 no-

119 782 326 839 vimus,
413 781 477 834 in
513 777 973 853 septentrionem
1007 775 1234 849 ingenti
1260 776 1416 831 flexu
1452 778 1623 837 redit.
1720 774 1808 836 Ac
1846 780 1972 853 pri-

120 888 216 921 mo
258 865 453 921 statim
487 860 866 920 Chaucorum
901 881 1070 935 gem,
1114 881 1455 937 quanquam
1492 862 1736 938 incipiat
1769 886 1802 921 a
1836 862 1973 921 Fri-

123 952 222 1006 siis
266 973 331 1007 ac
376 962 602 1025 partem
644 948 834 1004 litoris
883 956 1154 1020 occupet,
1221 946 1490 1002 omnium
1543 968 1687 1022 quas
1732 954 1974 1027 exposui

122 1037 382 1109 gentium
428 1035 708 1090 lateribus
759 1032 1130 1100 obtenditur,
1198 1031 1387 1087 donec
1435 1032 1500 1086 in
1538 1031 1737 1089 Cattos
1787 1055 1974 1111 usque

126 1123 409 1177 sinuetur.
495 1132 612 1176 tam
646 1119 1000 1174 immensum
1024 1128 1316 1173 terrarum
1342 1117 1594 1190 spatium
1619 1138 1743 1173 non
1772 1131 1975 1177 tenent

123 1218 353 1263 tantum
392 1200 649 1272 Chauci,
695 1204 796 1258 sed
832 1215 886 1259 et
924 1203 1196 1276 implent:
1242 1202 1497 1275 populus
1534 1202 1689 1260 inter
1723 1201 1976 1262 Germa-

129 1312 234 1346 nos
288 1290 719 1356 nobilissimuS,
795 1288 1014 1363 quique
1058 1286 1528 1359 magnitudinem
1586 1308 1751 1344 suam
1805 1291 1976 1347 malit

128 1376 345 1432 iustitia
380 1374 528 1430 tueri
536 1418 550 1433 .

650 1373 775 1428 sine
809 1373 1158 1448 cupiditate,
1202 1372 1327 1428 sine
1367 1373 1745 1447 impotentia,
1789 1376 1976 1451 quieti

56 1506 59 1508 v
125 1461 441 1536 secretique
491 1459 657 1514 nulla
707 1469 1029 1533 provocant
1082 1477 1276 1526 arma,
1354 1459 1535 1514 nullis
1574 1460 1838 1534 raptibus
1876 1473 1978 1518 aut

128 1722 299 1766 vembr.
321 1738 400 1778 per
420 1721 665 1780 asyndeton
687 1720 823 1763 edidit
839 1719 1013 1768 Druso,

132 1781 428 1822 Germanico.
517 1779 567 1819 In
595 1778 723 1820 Varr.
752 1779 892 1820 Lectt.
952 1777 1012 1824 I..

128 1854 170 1894 p.
191 1837 261 1879 35.
289 1837 405 1878 idem
431 1835 610 1877 Hessius
648 1835 899 1892 suspicatur
920 1834 1011 1876 Ta-

128 1894 267 1936 citum
307 1893 532 1948 scripsisse
564 1892 723 1933 Druso
757 1892 1011 1934 Germani-

126 1966 265 2005 coque
298 1958 341 1992 et
382 1966 469 2005 quc
513 1949 699 1991 fortasse
740 1949 1009 2005 compendio

127 2007 342 2063 scriptum
376 2006 611 2049 interiisse.
673 2006 734 2048 At
763 2006 913 2048 nullus
940 2005 1013 2048 hic

126 2066 251 2108 locus
279 2074 342 2106 est
366 2065 537 2120 copulis
568 2071 612 2104 et
631 2072 704 2105 aut
732 2079 844 2119 que:
874 2064 1009 2106 Taci-

126 2131 220 2169 tus,
252 2123 287 2163 si
311 2122 519 2163 voluisset
551 2123 662 2162 duos
695 2121 813 2163 viros
850 2121 1008 2164 distin-

127 2196 281 2237 gnere,
314 2179 559 2232 scripsisset
588 2179 750 2220 Druso
777 2187 861 2220 aut
886 2180 1010 2221 Ger—

127 2237 329 2279 manico.
392 2236 528 2291 Quod
562 2252 664 2278 cuin
707 2252 799 2277 non
837 2236 1011 2286 fecerit,

129 2302 388 2336 constanter
425 2294 572 2335 scribo
603 2293 767 2335 Druso
803 2293 1009 2336 Germa-

127 2352 249 2400 nico,
297 2359 345 2392 ut
384 2350 599 2406 intelligas
648 2350 795 2392 solum
843 2360 1015 2408 patrem

129 2408 402 2450 Germanici.
464 2407 523 2448 cs.
559 2415 653 2448 not.
679 2408 733 2449 ad
763 2409 849 2450 An.
879 2412 916 2458 1,
944 2409 1014 2450 31.

127 2464 423 2509 Germanicus
465 2464 597 2505 Drusi
652 2464 793 2512 silius,
843 2473 890 2507 ut
928 2465 1016 2507 Er-

130 2523 295 2565 nestius
362 2529 484 2564 recte
546 2521 815 2569 observavit,
885 2522 1013 2564 illuni

130 2582 365 2623 Oceanum
399 2579 586 2622 intravit
626 2578 822 2620 hostium
857 2579 1011 2621 debel-

132 2638 367 2681 landoruni
402 2652 556 2684 causa,
598 2652 691 2677 non
725 2645 773 2677 ut
811 2637 1010 2694 inquire-

130 2704 198 2737 ret
242 2695 295 2736 de
334 2692 649 2735 columnarum
687 2693 890 2736 Herculis
935 2711 1015 2738 ve-

131 2753 270 2795 ritate.

188 2808 397 2851 tentavz't.
479 2807 578 2849 MS.
611 2807 720 2850 Tur.
761 2809 861 2851 edd.
899 2808 1015 2866 Spir.

130 2867 259 2910 Kath.
298 2866 395 2907 Put.
433 2865 639 2908 Beroald.
672 2865 773 2909 Ale.
810 2875 1017 2922 tempta-

134 2927 221 2975 m't,
280 2922 444 2979 vulgari
508 2922 847 2966 consuetudine.
950 2924 1012 2968 cf.

132 2980 393 3024 Schneider.
422 2979 502 3022 Gr.
538 2979 613 3022 lat.
644 2981 778 3024 Toni.
808 2981 842 3024 Ι.
884 2981 937 3025 P.
955 2982 1018 3032 2.,

132 3057 175 3097 p.
190 3039 287 3080 469.
312 3052 376 3093 sq.
438 3039 624 3093 Zumpt.
644 3038 794 3082 Praef.
815 3038 870 3081 ad
891 3039 1018 3083 Curt.

132 3115 176 3154 p.
207 3094 330 3138 XXI.

187 3152 488 3205 sanctiusque
503 3168 557 3193 ac
570 3154 871 3198 reverentius.
904 3156 1016 3214 Syn·

134 3226 317 3267 onyma.
381 3208 441 3252 cf.
465 3208 602 3252 Roth.
634 3225 677 3266 p.
705 3212 773 3253 15.

189 3268 300 3311 CAP.
323 3265 395 3309 35.
465 3266 702 3309 Hactenus
736 3278 823 3311 etc.
894 3269 1016 3311 Lon-

134 3325 276 3383 golius
299 3333 340 3366 et
361 3322 607 3365 Bredovius
630 3324 739 3369 haee
771 3326 913 3383 priori
938 3343 1017 3369 ca-

134 3382 209 3439 piti
241 3381 472 3438 adsignant
506 3389 548 3422 et
584 3396 753 3425 novum
779 3393 912 3440 caput
942 3383 1016 3424 in-

136 3438 308 3495 cipiunt
350 3456 373 3481 a
417 3437 581 3478 verbis:
636 3439 693 3480 In
733 3442 1013 3494 septentrio-

135 3510 259 3537 nem.
317 3494 555 3537 Passovius
580 3505 699 3538 recte
725 3498 896 3541 censuit
922 3514 1016 3540 non

137 3568 227 3594 esse
249 3567 405 3610 operae
427 3552 617 3608 pretium
642 3553 685 3597 in
708 3554 869 3598 talibus
890 3556 1014 3612 quid-

136 3624 265 3665 quam
289 3618 473 3653 mutare.

1142 1737 1197 1762 ac
1225 1721 1400 1774 prima.
1461 1719 1563 1762 MS.
1590 1720 1780 1776 Longol.
1815 1738 1846 1763 a
1872 1724 1975 1776 pri-

1086 1793 1190 1828 mo,
1225 1777 1345 1833 quod
1364 1777 1585 1834 Longolio
1607 1777 1837 1820 videbatur
1858 1779 1977 1822 haud

1084 1834 1404 1892 spernendum.
1466 1836 1528 1878 At
1563 1835 1675 1877 solet
1699 1835 1865 1878 Noster
1893 1853 1977 1894 per

1085 1907 1139 1932 ac
1162 1892 1363 1949 incipere
1387 1890 1496 1934 tales
1518 1892 1657 1936 locos.
1717 1892 1776 1934 cf.
1797 1895 1886 1937 An.
1906 1895 1975 1942 14,

1083 1949 1151 1990 64.
1176 1965 1230 1991 ac
1261 1951 1423 2001 puella
1444 1957 1556 2001 etc.;
1606 1952 1672 2003 11,
1694 1950 1766 1992 29.
1791 1967 1846 1993 ac
1873 1953 1980 2005 pri-

1085 2023 1162 2048 mo
1192 2007 1414 2048 Callistus
1442 2015 1526 2051 etc.
1601 2007 1713 2052 Ilist.
1745 2008 1787 2056 3,
1815 2008 1887 2053 30.
1921 2025 1979 2052 ac

1083 2079 1246 2107 rursus
1270 2071 1355 2107 etc.

1144 2133 1453 2175 Chaucorum.
1509 2134 1778 2193 Conspirant
1801 2137 1902 2181 libri
1928 2139 1976 2181 in

1083 2190 1167 2234 hac
1200 2192 1418 2247 scriptura
1454 2208 1557 2235 eum
1583 2193 1732 2235 Plinio
1767 2204 1809 2238 et
1834 2196 1974 2252 Spar-

1083 2248 1230 2299 tiano,
1261 2248 1410 2291 Dione
1438 2258 1481 2291 et
1502 2250 1783 2295 Ptoleman.
1847 2253 1978 2296 Stra-

1086 2306 1195 2347 boni
1223 2305 1437 2348 dicuntur
1457 2309 1648 2350 Καῦκοι.
1709 2308 1769 2352 cf.
1796 2320 1891 2354 not.
1922 2311 1978 2354 ad

1087 2363 1179 2406 An.
1203 2365 1239 2413 1,
1261 2363 1332 2406 38.
1367 2365 1435 2413 11,
1460 2366 1528 2407 19.
1588 2365 1700 2408 Hist.
1727 2366 1766 2414 5,
1792 2369 1861 2411 19.

1143 2451 1174 2475 a
1197 2435 1380 2476 Frisiis.
1442 2434 1544 2477 MS.
1572 2434 1685 2476 Tur.
1719 2436 1819 2480 edd.
1855 2437 1973 2493 Spir-

1086 2491 1218 2561 Ιξεῑὴ.
1243 2491 1450 2533 Norimb.
1477 2506 1509 2531 a
1531 2492 1707 2543 Frisis,
1740 2501 1789 2534 ut
1811 2511 1850 2540 c.
1873 2495 1945 2538 34.

1144 2563 1372 2604 sinuetur.
1448 2560 1518 2603 De
1551 2563 1841 2606 coniunctivo
1873 2567 1975 2609 vide

1088 2626 1180 2660 not.
1215 2618 1269 2660 ad
1305 2619 1399 2660 An.
1432 2619 1473 2668 2,
1505 2618 1548 2662 6,
1586 2621 1667 2662 sub
1715 2637 1792 2664 vv.
1832 2627 1978 2666 donec

1090 2675 1275 2717 Oceano
1342 2676 1613 2718 misceatur.
1711 2678 1810 2723 Hoc
1871 2682 1975 2724 loco

1088 2749 1245 2775 onmes
1279 2741 1496 2790 quantum
1531 2741 1705 2778 constat
1736 2736 1838 2779 libri
1869 2755 1977 2782 con-

1088 2792 1286 2832 sentiunt
1327 2790 1374 2831 in
1407 2791 1643 2842 sinadam
1686 2809 1804 2836 unus
1830 2795 1975 2838 Hum—

1087 2849 1189 2892 mel.
1213 2848 1259 2889 in
1282 2847 1503 2904 margine:
1538 2852 1600 2892 al.
1630 2851 1827 2894 sinatur.

1144 2914 1246 2948 tam
1287 2906 1582 2950 immensum.
1667 2908 1752 2952 Ed.
1789 2909 1975 2955 Monac.

1088 2970 1131 3005 et
1156 2970 1257 3004 tam
1282 2964 1579 3007 immensum.

1648 3022 1733 3066 Ed.
1770 3024 1977 3069 Norimb.

1145 3023 1234 3086 scd·
1275 3028 1318 3062 et
1355 3020 1564 3075 implent.

1090 3085 1256 3120 omlttit
1281 3086 1340 3121 et.

1145 3143 1438 3195 impotentia.
1499 3145 1599 3187 MS.
1630 3145 1740 3188 Tur.
1775 3146 1849 3189 hic
1881 3149 1975 3190 im-

1083 3200 1294 3254 petentz'a
1315 3210 1358 3244 et
1381 3217 1422 3246 e.
1439 3201 1507 3245 36.
1534 3205 1830 3258 impetentes,
1864 3221 1886 3246 e
1907 3207 1973 3248 vi-

1087 3257 1166 3301 tio.
1238 3257 1352 3302 Nam
1385 3275 1469 3318 pro
1502 3262 1692 3318 vulgatis
1726 3269 1808 3305 stat
1831 3261 1975 3306 Taciti

1086 3331 1245 3421 tilius⁸531
1275 3316 1333 3360 cf.
1367 3320 1454 3360 An.
1484 3320 1522 3369 1,
1545 3318 1585 3361 4.
1625 3317 1667 3369 4,
1693 3318 1763 3361 57.
1813 3319 1878 3370 12,
1902 3321 1973 3363 57.

1145 3446 1279 3485 nulla
1333 3453 1587 3499 provocant
1641 3461 1798 3488 arma.
1890 3447 1973 3490 Vir

1089 3500 1246 3543 doctus
1282 3502 1326 3543 in
1352 3504 1541 3546 Seebod.
1571 3503 1684 3545 nihl.
1713 3503 1814 3546 crit.
1848 3507 1972 3547 1825.

1087 3574 1130 3615 p.
1156 3559 1254 3602 211.
1286 3559 1602 3604 animadvertit
1632 3560 1741 3603 haec
1765 3560 1830 3602 ire
1854 3578 1968 3605 con-

1088 3626 1153 3658 tra
1176 3615 1300 3662 locos
1324 3617 1415 3661 An.
1442 3620 1508 3665 11,
1533 3617 1598 3661 18.
1630 3625 1671 3659 et
1702 3617 1766 3670 13,
1791 3618 1859 3660 55.
1911 3623 1971 3663 At
