2150 4022
204 210 332 274 248

710 207 833 271 DE
887 206 1563 277 ORATORIBUS.

207 343 425 420 quibus
450 339 629 397 modo
653 351 811 401 recta
836 351 892 398 et
917 340 1150 399 indoles
1177 353 1266 398 est
1291 343 1533 400 ethona
1558 359 1689 416 spes
1721 338 1853 413 sui?
1892 357 2062 417 vqtmv·
2091 348 2094 352 ’

206 448 343 487 rum
369 425 613 483 nomina
646 425 811 500 prius
841 439 1112 500 parentes
1145 426 1351 483 liberis
1385 428 1511 484 suis
1537 424 1866 502 ingerunt?
1909 443 2062 501 quos

209 512 438 587 saepius
476 511 958 587 vulguslquoque
993 512 1336 587 imperitum
1379 523 1438 568 et
1474 513 1773 568 tunicatus
1813 505 1912 566 hie
1951 529 2063 584 po-

204 598 382 673 pulus
428 596 784 654 transeuntis
830 597 1072 652 nomine
1110 607 1282 654 vocat
1321 607 1380 654 et
1419 596 1603 670 digito
1649 594 2059 654 demonstrat?

203 799 279 829 rae
303 781 527 828 adrersari
554 781 758 835 videtur,
796 783 919 841 quod
955 781 1100 825 verbis

204 843 254 884 in
277 842 388 884 urbe
409 840 456 882 in
479 840 762 898 sequentibus
787 840 895 884 nihil
918 841 1099 898 opposi-

205 908 303 942 tum
327 897 381 940 sit
403 897 597 955 ideoque
619 914 667 942 ea
690 898 953 955 langueant,
974 898 1121 942 item·'

205 971 293 1014 que
328 954 449 1013 quod
483 963 594 998 sunt
627 958 841 1013 post-qui
861 970 958 997 non
986 957 1099 998 illu-

205 1021 330 1071 stres
363 1013 581 1055 omissum
613 1022 697 1057 est.
756 1013 911 1068 Quare
948 1011 1099 1056 conie-

206 1069 347 1114 cturis
377 1069 528 1114 locum
562 1070 800 1113 emendare
830 1069 1100 1113 studuerunt

205 1127 458 1186 nuperrimi
490 1127 708 1179 editores,
758 1144 957 1186 quorum
994 1126 1098 1171 eho·

205 1202 310 1242 rum
334 1185 458 1228 (lucit
482 1183 691 1228 Osannus
716 1185 989 1229 coniiciens:
1022 1185 1104 1240 qui

128 1240 134 1247 '
204 1257 302 1285 non
337 1243 515 1285 illustri
541 1250 649 1285 sunt
677 1244 868 1285 nomine
899 1243 949 1284 in
976 1243 1099 1285 Urbe

205 1305 358 1344 solum
392 1307 506 1348 etc„
563 1315 676 1357 quae
711 1300 970 1344 coniectura
1006 1307 1099 1342 tam

204 1358 360 1401 infelix
385 1366 473 1406 est,
504 1365 554 1399 ut
578 1357 645 1405 ei,
676 1357 810 1414 *hquod
833 1357 959 1415 Aper
985 1357 1103 1407 vult,

205 1416 338 1474 plane
362 1415 642 1458 contrarium
669 1415 914 1473 exprimere
941 1414 1098 1459 videa-

203 1482 302 1524 tur,
354 1479 399 1515 et
439 1473 620 1515 inanem
656 1472 855 1530 proferat
898 1471 1099 1515 tautolo-

206 1531 347 1589 giam,
375 1546 516 1588 quum
538 1545 664 1587 seqq.
685 1545 882 1586 quorum
902 1530 1100 1572 nomina

206 1596 294 1632 etc.
345 1587 565 1633 eandem,
599 1587 859 1631 contineant
919 1595 1096 1630 senten·

203 1646 331 1689 tiam.
405 1643 609 1688 Orellius
652 1646 889 1703 legendum
921 1644 1099 1688 suadet:

166 1752 168 1754 v
205 1707 531 1757 comparanda
583 1706 691 1746 est?
781 1702 987 1761 Quinam
1037 1703 1095 1744 il-

203 1761 448 1804 lustriores
469 1761 517 1802 in
546 1762 698 1816 Urbe,
739 1769 784 1803 et
815 1774 911 1803 non
944 1762 1098 1802 solum

205 1821 333 1872 apud
358 1820 624 1873 negotiosos
657 1826 702 1862 et
729 1820 868 1861 rebus
898 1819 1101 1861 intentos

204 1886 319 1927 etc.,
351 1878 472 1932 quod
501 1893 594 1919 nou
621 1875 830 1920 convenit
855 1873 1103 1932 scripturae

204 1933 450 1989 antiquitus
492 1934 696 1977 traditae.
781 1933 1102 1987 [Boetticher.:

208 1991 305 2049 Qui
339 1999 441 2033 tam
479 1993 687 2035 illustres
724 1993 774 2035 in
812 1993 954 2045 urbe,
1007 2006 1102 2033 non

202 2050 357 2092 solum
376 2053 506 2100 apud
523 2051 791 2103 negotiosos
813 2056 859 2091 et
881 2050 1016 2091 rebus
1035 2050 1102 2091 in·

205 2113 359 2149 tentos
394 2108 502 2161 eim]
580 2106 792 2150 Placetne
833 2106 1097 2148 emendare:

205 2165 291 2221 qui
326 2165 536 2206 illustres
575 2173 622 2206 et
662 2167 768 2206 noti
807 2177 902 2206 non
945 2166 1100 2206 solum

202 2223 335 2276 apud
351 2221 618 2276 negotiosos
638 2231 682 2264 et
706 2223 844 2265 rebus
869 2220 1101 2271 intentos-3

204 2277 322 2324 solet
364 2278 486 2321 enim
521 2279 686 2323 Noster
729 2280 859 2338 plura
898 2277 1101 2320 eiusdem

202 2335 404 2381 notionis
428 2337 646 2381 vocabula
669 2336 861 2380 iunctim
894 2334 1102 2378 exhibere

203 2394 263 2438 ad
299 2410 397 2437 rem
433 2394 825 2453 amplificandam,
873 2401 925 2435 ut
965 2392 1099 2451 paulo

201 2459 307 2511 post
330 2451 525 2496 iuvenes
544 2460 588 2494 et
608 2454 951 2500 adolescentes,
993 2466 1035 2493 c.
1058 2450 1101 2493 8.

204 2524 386 2551 numen
410 2517 455 2550 et
477 2512 685 2554 coelestis
708 2510 807 2566 vis,
842 2508 952 2551 ibid.
978 2508 1099 2550 diui-

205 2570 302 2610 tiae
333 2574 379 2609 et
411 2583 552 2622 opes;
600 2584 696 2627 cap.
725 2568 769 2610 9.
807 2567 1026 2610 carmina
1056 2571 1103 2607 et

202 2639 372 2667 versus
382 2641 399 2675 ;
443 2642 540 2684 cap.
576 2627 644 2668 10.
677 2626 831 2680 opinio
861 2639 916 2666 ac
938 2623 1099 2679 fama,

205 2682 403 2739 aliaque,
458 2699 571 2741 quae
612 2698 694 2727 suo
738 2683 842 2727 loco
887 2680 1102 2725 indicabi-

207 2755 325 2782 mus.

263 2797 428 2852 quibus
450 2801 591 2840 modo
614 2805 746 2841 recta
766 2806 813 2840 et
832 2797 1009 2839 indoles
1033 2802 1104 2838 est

205 2860 251 2895 et
275 2857 398 2896 bona
420 2869 524 2909 spes
549 2856 640 2898 sui.
700 2854 777 2898 sic
803 2853 938 2898 MSS.
963 2853 1102 2910 Neap.

208 2911 366 2967 [Fam.
396 2911 513 2968 apud
542 2911 702 2968 Bekk.]
738 2920 782 2955 et
810 2911 1010 2959 Vaticc.,
1052 2926 1101 2953 ex

206 2969 371 3026 quibus
429 2970 533 3012 inde
593 2986 615 3012 a
673 2969 882 3012 Broterio
937 2965 1100 3011 Oberl.

205 3028 382 3072 Osann.
399 3025 571 3069 Dronk.
588 3027 730 3070 Orell.
757 3026 854 3078 (sed
878 3025 908 3068 ii
933 3025 1100 3068 omisso

206 3094 253 3127 et
274 3093 376 3127 ante
397 3086 596 3137 indoles)
621 3083 833 3141 [Bekker.
858 3092 899 3125 et
922 3081 1099 3125 Boetti-

206 3142 348 3196 cher.]
373 3151 655 3199 receperunt.
699 3165 756 3173 —
812 3141 974 3196 quibus
995 3153 1099 3181 mo-

208 3213 318 3242 rum
349 3205 396 3241 et
422 3201 601 3241 indoles
633 3207 698 3239 est
724 3198 828 3241 edd.
851 3198 968 3255 Spir.
995 3196 1098 3238 Put.

205 3256 310 3300 Riv.
344 3256 446 3299 Ber.
472 3255 573 3300 Alc.
601 3255 747 3299 Rhen.
775 3256 882 3298 Ald.
913 3254 1102 3305 pithoa„

204 3312 328 3372 quod
355 3321 401 3356 et
427 3313 572 3356 deleto
594 3321 831 3358 servarunt
854 3311 972 3370 Lips.
993 3312 1102 3354 Ber-

207 3385 390 3430 negger.
420 3370 632 3416 Gronov.
651 3404 661 3421 ,
704 3369 781 3425 qui
810 3385 905 3413 eam
937 3368 1099 3412 lectio-

206 3444 310 3470 nem
338 3427 451 3472 locis
478 3428 635 3471 adlatis
667 3425 889 3471 similibus
922 3426 1101 3469 firmare

205 3484 369 3528 studet.
429 3485 557 3528 Ferri
582 3494 751 3544 potest,
781 3484 858 3535 sed
883 3483 1099 3526 nolumus

204 3542 357 3600 sperni
399 3542 589 3587 meliora
631 3542 740 3593 illa,
802 3556 916 3598 quae
960 3540 1097 3584 codd.

1485 781 1679 827 Seebod.
1736 783 1959 827 scribebat
2013 781 2063 826 in

1169 781 1404 840 praebent.

1171 840 1245 884 ed.
1276 855 1347 898 pr.
1386 840 1547 895 quibus
1584 848 1628 882 et
1662 855 1851 883 morum
1889 842 2066 883 indoles

1169 904 1254 940 est.
1317 896 1455 952 Quod
1475 897 1651 956 Lipsius
1672 898 1720 940 in
1741 898 1843 941 edit.
1859 897 2065 942 Romana
2139 930 2150 953 s

1170 971 1217 997 se
1244 953 1496 1012 repperisse
1518 963 1704 998 testatur
1726 956 1886 1011 quibus
1909 955 2065 998 maior

1168 1013 1354 1070 indoles
1386 1019 1478 1063 est,
1517 1012 1563 1055 id
1595 1012 1847 1069 probarunt
1866 1011 2062 1056 Sohun-

1169 1068 1341 1112 fleisch.
1366 1067 1619 1112 Heumann.
1640 1078 1682 1112 et
1701 1069 1955 1120 Schulzius3
1989 1070 2065 1112 in-

1171 1127 1315 1184 deque
1355 1126 1533 1170 Acidal.
1576 1135 1619 1169 et
1658 1125 1874 1175 schelius,
1902 1127 2064 1170 hause-

1169 1192 1277 1227 runt
1312 1183 1621 1227 coniecturam
1654 1187 1893 1227 maiorum
1927 1187 2067 1227 indo-

1169 1245 1264 1293 les,
1295 1258 1429 1300 quam
1452 1242 1499 1284 in
1523 1241 1779 1284 edinanem
1804 1242 2068 1300 posuitSee-

1169 1299 1280 1342 bod.
1339 1299 1549 1341 Muretus
1571 1298 1866 1342 coniiciebatz'
1907 1301 2068 1355 quibus

1171 1361 1308 1399 modo
1338 1364 1383 1398 et
1409 1357 1593 1398 indoles
1617 1364 1711 1406 est;
1758 1357 1933 1415 Bipont.
1960 1357 2067 1412 qui-

1171 1416 1255 1457 bus
1273 1417 1417 1456 modo
1441 1416 1610 1456 rectior
1629 1416 1807 1457 indoles
1829 1422 1914 1457 est.
1961 1415 2067 1458 Non

1171 1487 1286 1529 opus
1318 1471 1559 1528 quicquam
1584 1471 1760 1514 mutari.
1822 1472 1939 1516 Cum
1965 1489 2068 1516 ver-

1169 1530 1239 1573 bis
1273 1544 1486 1586 compara
1518 1527 1636 1577 Plin.
1667 1527 1812 1585 Epist.
1843 1532 1886 1578 6,
1922 1531 1989 1581 11,
2024 1531 2065 1573 l.

1171 1587 1336 1629 audivi
1351 1601 1415 1628 ex
1436 1587 1618 1628 diverso
1638 1594 1828 1639 agentes
1849 1602 2069 1630 summae

1171 1646 1295 1700 spei,
1365 1658 1590 1687 summae
1645 1644 1820 1687 indolis
1880 1644 2069 1690 iuvenes

1171 1706 1306 1746 duos.

1230 1799 1346 1842 quos
1367 1786 1555 1839 saepius
1578 1787 1743 1842 vulgus
1764 1798 1944 1842 quoque
1971 1785 2072 1829 im-'

1170 1846 1393 1899 peritum.
1458 1843 1651 1902 Quoque
1685 1843 1943 1886 addendum
2011 1859 2070 1886 u-

1159 1901 1265 1948 ,tavi
1296 1918 1345 1945 ex
1381 1900 1484 1945 MS.
1519 1901 1659 1958 Neap.
1700 1903 1923 1958 [quocum
1979 1901 2069 1946 aeit

1174 1959 1310 2002 Farn.
1338 1957 1518 2013 Bekk.].
1577 1959 1627 2001 ln
1661 1958 1730 2000 ed.
1752 1958 1869 2015 Spir.
1904 1959 2067 2004 vitiose

1172 2031 1430 2074 expressum
1454 2025 1518 2058 est
1540 2031 1640 2072 ,quo
1671 2017 1865 2069 saepius
1898 2017 2069 2070 vulgus

1173 2088 1291 2173 qugg
1311 2075 1450 2171 imp-t,
1481 2089 1571 2140 quo
1595 2073 1854 2174 teStIiJ'il'oltii‘i
1880 2082 2069 2174 augetur:

1172 2148 1325 2246 Xogric.
1342 2140 1674 2244 ἶῗὲδῗῗείέἱῒυνε
1700 2146 1870 2243 vulg-us·
1883 2141 2068 2246 ἶμιιοιῗμῗε

1173 2255 1219 2289 et
1243 2248 1314 2288 hic
1337 2246 1474 2288 aliud
1501 2259 1643 2301 agens
1663 2247 1882 2302 populus.

1229 2331 1461 2372 tunicatus
1481 2329 1552 2372 hic
1577 2330 1794 2384 populus.
1850 2327 2068 2389 Designa-

1170 2396 1246 2433 tur
1267 2385 1512 2430 multitudo
1535 2402 1588 2430 ex
1615 2385 1770 2430 infima
1798 2381 1956 2443 plebe,
1998 2385 2068 2431 iu-

1172 2445 1348 2490 erudita
1400 2444 1477 2488 illa
1500 2477 1514 2496 ,
1592 2444 1755 2503 quibus
1815 2443 2068 2489 sufficiebat

1172 2504 1352 2552 tunica,
1432 2502 1512 2545 ubi
1562 2501 1619 2546 in,
1659 2500 1891 2560 publicum
1953 2517 2064 2561 pro·-

1174 2563 1371 2605 diebant.
1429 2558 1500 2604 Cf.
1529 2559 1708 2602 Ernest.
1740 2558 1866 2605 clav.
1896 2558 1994 2604 Cic..
2018 2575 2068 2605 v.

1174 2620 1426 2662 tunicatus.
1489 2617 1567 2660 Sic
1596 2616 1752 2660 Horat.
1783 2616 1923 2675 Epist.
1959 2617 1997 2668 1,
2023 2616 2068 2670 7,

1171 2678 1246 2721 65.
1276 2676 1484 2719 tunicato
1510 2677 1727 2729 popello;
1770 2672 1929 2730 Quint.
1953 2673 2067 2720 lust.

1175 2752 1243 2778 or.
1274 2733 1315 2784 2,
1352 2733 1416 2781 12,
1449 2733 1516 2776 10.
1549 2733 1789 2785 pullatum
1823 2733 2063 2788 circulum,

1172 2793 1293 2835 idem
1314 2791 1353 2842 6,
1370 2789 1410 2840 4,
1429 2789 1469 2832 6.
1486 2790 1703 2844 pullatae
1724 2790 1890 2832 turbae
1899 2789 1915 2839 ‚⁴
1945 2787 2065 2834 Ptin.

1174 2850 1313 2907 Epist.
1347 2850 1388 2898 7,
1419 2847 1486 2897 17,
1519 2846 1564 2888 9.
1597 2860 1712 2887 nam
1743 2846 1852 2888 illos
1886 2861 2067 2903 quoque

1170 2907 1384 2951 sordidos
1425 2906 1722 2958 pullatosque
1767 2917 2067 2957 reveremur,-

1173 2963 1300 3007 Suet.
1329 2963 1447 3019 Aug.
1477 2977 1514 3007 c.
1537 2963 1609 3003 40.
1636 2962 1927 3016 pullatorum
1959 2967 2064 3004 tur-

1172 3024 1276 3064 bae.
1349 3018 1582 3077 Spalding.
1624 3017 1681 3063 ad
1728 3017 1890 3076 Quint.
1937 3017 1992 3064 Τ.
2026 3017 2064 3064 Ι.

1171 3096 1215 3138 p.
1236 3078 1338 3122 327.

1229 3162 1539 3205 transeuntis.

1173 3221 1273 3264 edd.
1297 3220 1512 3277 antiquis,
1551 3218 1599 3261 in
1623 3219 1785 3274 quibus
1808 3225 2065 3261 transeun-

1172 3280 1230 3321 tis
1277 3285 1318 3320 et
1369 3279 1684 3319 transeunteis
1722 3273 1961 3333 reperitur.
2003 3297 2064 3310 -·

1173 3337 1263 3379 Pro
1290 3343 1424 3378 vocat
1452 3334 1522 3376 ed.
1545 3333 1667 3392 Spir.
1696 3338 1832 3376 vetat.

1611 3158 1689 3204 Sic
1718 3157 1980 3218 scripsimus
2013 3174 2065 3203 ex

1227 3418 1373 3473 digito
1406 3421 1720 3460 demonstrat.
1777 3414 1943 3460 Natum
1975 3416 2064 3463 hoc

1172 3474 1456 3536 proverbiale
1499 3474 1678 3518 dicendi
1715 3487 1857 3530 genus
1899 3490 1949 3517 ex
1991 3490 2063 3527 eo,

1172 3534 1295 3595 quod
1321 3532 1376 3576 de
1397 3532 1704 3593 Demosthene
1733 3538 1962 3576 narratum
1994 3540 2063 3578 est
