2150 4022
241 282 364 380 348

1526 24 1528 27 v
1827 0 1829 4 ’
1918 0 2150 107 'affin'

1492 61 1508 86 t
1631 73 1638 77 *v
1949 59 1951 61 ·
1991 62 1996 67 ⁸

743 280 864 341 DE
922 255 1590 378 annotamus

238 412 572 471 eruditione
598 422 655 468 et
682 412 956 487 plurimis
983 414 1210 470 artibus
1238 415 1591 473 et'emnium
1617 415 2094 475 rerum-seientia

237 500 495 556 exundat
525 508 582 554 et
604 495 895 566 'exuberat
926 499 1027 555 illa
1069 499 1438 556 admirabilis
1473 499 1842 576 eloquentia:
1901 511 2092 580 neque

239 583 488 641 o'ratoris
515 583 603 637 vis
630 594 686 639 et
715 584 958 641 facultas
975 630 992 653 ‚
1033 585 1183 641 sicut
1204 597 1528 642 ceterarum
1554 604 1785 655 rerum,
1830 587 2092 659 angustis

237 680 294 724 et
320 668 599 724 brevibus
629 668 905 725 terminis.
923 669 1211 740 cluditur;
1269 670 1371 726 sed
1401 669 1454 724 is
1483 681 1568 726 est
1593 662 1850 740 orator,
1878 672 1982 747 qui
2018 673 2091 756 qe

235 753 403 809 omni
441 753 781 829 quaestione
817 749 1063 829 pulchre
1101 765 1158 810 et
1194 766 1400 812 ornate
1430 765 1486 810 et
1513 755 1588 811 ad
1614 757 2091 830 persuadendum

235 849 368 914 apte
399 838 622 918 dicere,
678 859 784 912 pro
818 840 1100 913 dignitate
1133 847 1362 908 rerum,
1416 839 1492 895 ad
1515 839 1832 897 utilitatem
1857 852 2057 917 tempo

235 943 400 994 rum,
444 944 576 980 cum
607 924 908 999 voluptate
938 925 1304 981 audientium
1332 924 1534 999 possit.
1868 966 1870 970 »
2018 958 2023 962 -

407 1019 630 1125 XXXI.
673 1058 804 1119 Hoc
833 1063 951 1119 sibi
984 1061 1071 1118 illi
1100 1073 1325 1119 veteres
1360 1015 1803 1144 persuaserant..
1871 1063 1946 1121 ad
1977 1057 2092 1122 hoc

234 1279 336 1327 cod.
364 1279 566 1339 egregius
596 1279 793 1331 exhibet,
833 1282 892 1324 ita
924 1281 978 1324 ab
1003 1281 1123 1325 anti-

233 1341 332 1398 quis
353 1338 648 1397 scriptoribus
669 1338 1000 1395 frequentatum
1027 1355 1121 1383 esse

232 1405 436 1445 constat,
468 1404 515 1438 ut
538 1396 753 1447 alterum,
788 1396 862 1455 qui
890 1398 936 1439 in
964 1398 1122 1439 omni-

230 1455 315 1499 hus
348 1454 471 1497 libris
507 1461 664 1505 exstat,
705 1453 898 1497 Romani
931 1470 1118 1512 prorsus

228 1513 388 1556 vitasse
423 1510 667 1555 videantur.
739 1511 918 1554 Nubem
965 1527 1115 1554 exem-

149 1606 157 1610 -
230 1569 440 1628 plorum,
470 1569 507 1612 si
526 1568 710 1628 quidem
733 1569 978 1618 desideras,
1002 1569 1124 1613 dabit

229 1625 460 1672 Schaefer.
516 1625 656 1684 praef.
709 1627 763 1669 ad
814 1625 930 1670 Plin.
980 1626 1122 1684 Epist.

231 1701 276 1744 p.
294 1684 354 1727 xl
369 1685 556 1728 -Xer.
570 1715 582 1732 ‚
610 1682 835 1728 Goerenz.
856 1684 910 1727 ad
926 1684 1020 1728 Cic.
1043 1683 1121 1727 fin.

231 1745 270 1794 1,
289 1742 355 1798 18,
369 1745 442 1787 61.
471 1741 609 1785 Acad.
626 1746 662 1791 1,
677 1744 742 1792 12,
757 1741 844 1788 35„
869 1758 964 1784 rem
993 1743 1124 1785 certis

198 1854 201 1859 Ι
228 1800 489 1844 rationibus,
508 1799 861 1857 circumscripsit
891 1799 1002 1843 Otto
1035 1800 1122 1841 Ex-

229 1874 348 1902 curs.
373 1858 406 1901 l.
434 1857 487 1900 ad
513 1856 608 1904 Cic.
633 1856 794 1901 Caton.
821 1857 923 1900 mai.
951 1873 991 1900 c.
1015 1858 1056 1909 2,
1078 1858 1122 1901 6.

263 1948 271 1958 .
283 1916 382 1959 222.
394 1917 509 1973 sqq.]
541 1914 740 1957 Alterum
754 1915 824 1956 ita
838 1915 986 1957 delere
1003 1915 1122 1958 vole·

228 1932 304 2016 Eat
318 1973 585 2021 Heumann„
613 1972 688 2014 sed
714 1981 834 2015 recte
856 1973 899 2015 id
922 1972 1119 2031 positum

229 2040 320 2079 est,
363 2030 499 2073 modo
529 2030 775 2074 verborum
809 2028 1038 2073 distinctio
1071 2047 1120 2073 ea

228 2089 507 2134 restituatur,
539 2103 652 2145 quae
672 2088 716 2128 in
738 2087 839 2130 edd.
856 2086 1000 2130 Rhen.
1017 2087 1118 2131 Ald.

227 2145 348 2203 Lips.
364 2154 452 2188 est:
483 2147 549 2187 ita
573 2147 697 2186 enim
719 2151 812 2193 est,
844 2159 885 2187 o.
900 2161 939 2187 υ.
955 2175 967 2192 ,
1002 2147 1069 2187 ita
1084 2158 1121 2195 .·,

229 2219 455 2262 quamque
468 2200 1119 2255 restitueruntOrell.[l3ekl<er.

227 2270 270 2304 et
297 2258 559 2315 Boettich.].
618 2259 858 2317 Per-peram
883 2267 1030 2304 autem
1054 2262 1120 2302 ita

228 2334 253 2362 a
289 2319 513 2377 plerisque
543 2318 597 2360 ad
622 2316 939 2374 subsequentia
967 2325 1118 2360 trans·

229 2378 367 2419 latum
394 2385 473 2419 est.

227 2482 233 2485 -
287 2457 333 2492 et
349 2450 566 2502 plurirm's
587 2448 764 2490 artibus*
785 2455 831 2489 et
849 2463 889 2489 o.
905 2461 946 2491 r.
961 2448 1120 2491 scient.

231 2507 457 2564 Sequutus
480 2523 579 2549 sum
604 2505 706 2547 MS.
730 2504 867 2563 Neap.
886 2505 1122 2549 auctorita-

227 2573 346 2616 tem,
386 2569 456 2617 [ut
486 2562 669 2607 Rekker.
698 2570 741 2604 et
769 2561 992 2606 Boettich.
1019 2563 1120 2605 cod.

225 2622 408 2676 ·Farn.].
492 2622 604 2664 Edd.
654 2620 861 2678 antiquae
907 2620 1124 2678 praebent

227 2688 274 2723 et
294 2681 515 2734 pluribus
536 2681 748 2730 partibus
775 2687 819 2720 et
843 2694 885 2720 o.
908 2692 950 2721 Γ.
972 2693 1033 2720 sc.
1067 2702 1120 2711 —-

223 2737 431 2780 Rhenan.
459 2739 503 2780 in
527 2735 742 2793 castigatt.
770 2735 1026 2778 emendavit
1058 2749 1121 2778 ex

225 2796 435 2851 pluribus
471 2795 676 2842 artibus,
723 2808 784 2836 ex
816 2809 858 2835 o.
883 2809 920 2836 Γ.
948 2806 1034 2843 sc.,
1073 2793 1118 2836 id

230 2852 355 2910 quod
402 2852 469 2897 ed.
511 2851 614 2896 Ald.
658 2850 867 2894 Pithoeus
915 2858 956 2894 et
1002 2850 1119 2892 Heu-

220 2925 384 2953 mann.
447 2918 731 2968 receperunt.
793 2933 850 2941 —
945 2906 1120 2965 Lipsius

228 2965 370 3010 edidit
403 2982 466 3010 ex
495 2968 707 3022 pluribus
735 2967 920 3009 artibus
945 2974 990 3007 et
1013 2980 1055 3008 ο.
1078 2980 1117 3008 Γ.

226 3040 318 3072 sc..
348 3025 468 3083 quod
492 3041 514 3066 a
541 3025 832 3081 sequentibus
856 3023 1119 3080 vulgabatur

228 3097 372 3140 usque
408 3081 462 3125 ad
494 3081 704 3132 Dronk.,
763 3082 836 3139 qui
876 3082 975 3124 edd.
1011 3089 1117 3123 vett.

227 3140 469 3184 lectionem
497 3141 711 3190 restituit,
740 3141 922 3182 artibus
945 3145 1114 3180 tantuin

228 3206 434 3247 servato,
466 3213 657 3253 cumque
680 3213 733 3239 eo
760 3196 929 3240 faciunt
946 3196 1117 3239 Osann.

230 3255 378 3300 Orell.
409 3260 474 3308 [et
503 3254 725 3311 Rupert.].

287 3327 497 3381 angustis
509 3333 553 3366 et
565 3326 644 3365 bre
651 3326 787 3367 vibus.
817 3323 892 3366 Sic
906 3322 1118 3365 deGen-m.

230 3402 328 3443 cap.
367 3385 407 3427 6.
449 3389 650 3437 angusto
691 3388 735 3422 et
776 3382 908 3422 brevi
937 3381 1082 3436 ferro
1104 3398 1119 3431 ‚-

229 3444 350 3487 Pliu.
391 3442 469 3499 Ep.
498 3442 538 3491 2,
563 3440 604 3490 7,
628 3441 665 3480 4.
707 3439 804 3480 vita
834 3441 931 3481 eius
966 3440 1117 3480 brevis

227 3510 272 3545 et
295 3507 498 3553 angusta
516 3531 526 3545 ,
558 3495 647 3540 ibid
691 3496 730 3546 3,
750 3497 790 3545 7,
820 3496 882 3538 13.
908 3507 1009 3538 tam
1037 3511 1116 3538 an·

227 3559 379 3615 gustis
399 3556 621 3599 terminis.
665 3553 744 3595 Ed.
759 3554 877 3611 Spir.
891 3555 1118 3606 angustiis

228 3615 414 3664 exhibet.
495 3615 580 3656 Vis
627 3620 668 3655 st
699 3611 911 3668 facultas
955 3612 1118 3669 pariter

1195 1280 1496 1349 coniunctum
1539 1287 1604 1324 est
1644 1279 1760 1324 infra
1803 1296 1900 1340 cap.
1936 1280 2007 1325 88.
2047 1290 2111 1331 et,

1191 1340 1510 1440 ἰῖζάοιῗὲἔῖὣ
1527 1340 1738 1443 ¹133&ss
1744 1338 2090 1441 ηἷῖἒξὲῑῗῖξὲῶ

1190 1456 1460 1505 includitur.

1253 1543 1538 1597 quaestione.
1629 1540 1729 1586 MS.
1779 1537 1917 1599 Neap.
1971 1551 2089 1597 que-

1195 1601 1374 1650 stione3
1413 1598 1459 1641 in
1493 1598 1649 1643 eodem
1684 1598 1798 1641 libro
1829 1596 1963 1656 paulo
1988 1605 2089 1656 post

1196 1658 1335 1701 verba
1363 1656 1574 1712 leguntur
1595 1663 1767 1697 ornate
1789 1656 1903 1711 quid
1924 1663 2090 1699 orator

1197 1723 1242 1757 et
1273 1716 1337 1755 ad
1362 1728 1489 1768 pers.
1522 1721 1658 1769 apte,
1703 1711 1779 1756 ubi
1802 1713 2088 1779 ine-ptumu-

1196 1770 1274 1814 lud
1307 1772 1420 1827 quid
1451 1779 1618 1813 orator
1653 1787 1705 1813 ex
1736 1779 1938 1828 margine
1971 1769 2088 1814 inter

1195 1827 2086 1939 3⁶5³¹33⁰‘Jffeffe‘bgrfiss'glffl“2⁵5⁵'t0232

1196 1945 1250 1987 ad
1307 1904 1671 2001 peprsuadendurn
1723 1941 2084 1987 adcommodate.

1195 2000 1257 2044 cf.
1303 2001 1534 2059 Spalding.
1590 2001 1644 2044 ad
1690 1998 1852 2055 Quint.
1901 1997 2007 2042 Vol.
2052 1998 2085 2044 Ι.

1191 2074 1235 2116 p.
1258 2058 1357 2101 345.
1397 2082 1453 2091 -
1513 2059 1603 2101 Pro
1627 2058 1780 2099 dicere
1805 2056 1850 2099 in
1877 2057 1945 2100 ed.
1963 2056 2085 2115 Spir-

1193 2117 1302 2157 dicit
1326 2123 1404 2158 est.

1253 2215 1350 2260 Cap
1391 2215 1464 2258 31.
1528 2214 1628 2256 Hoc
1731 2222 2086 2265 persuaseram.

1192 2273 1265 2317 Sic
1303 2273 1438 2316 MSS.
1474 2271 1612 2330 Neap.
1648 2275 1712 2324 [et
1743 2271 1928 2327 Fa1·n;],
1967 2285 2081 2325 per-

1192 2338 1446 2378 suaserant
1482 2337 1621 2372 exstat
1653 2342 1833 2387 quoque
1866 2329 1925 2371 ins
1951 2329 2083 2373 MSS.

1198 2388 1231 2426 V
1239 2389 1381 2439 aticc.,
1401 2403 1515 2446 quos
1530 2385 1706 2444 sequuti
1719 2384 1898 2444 Dronk.
1911 2385 2084 2433 Osann.

1197 2454 1240 2488 et
1276 2444 1419 2488 Orell.
1460 2447 1578 2487 haec
1608 2474 1624 2487 .
1651 2473 1665 2488 .
1693 2474 1705 2487 .
1736 2452 2086 2502 persuaserant

1196 2503 1446 2545 ediderunt.
1525 2500 1613 2544 Sed
1659 2514 1798 2558 quum
1842 2500 2084 2549 molestum

1195 2561 1429 2603 transitum
1454 2575 1477 2601 a
1503 2558 1661 2617 plurali
1685 2573 1876 2600 numero
1900 2558 1955 2602 ad
1986 2559 2083 2602 siu-

1196 2619 1393 2675 gularem
1415 2633 1543 2674 aegre
1565 2615 1701 2658 ferret
1716 2614 1864 2659 Orell.
1879 2648 1890 2665 ,
1921 2615 2079 2660 conie-

1196 2684 1320 2722 ctura
1338 2675 1612 2732 adsequutus
1625 2680 1703 2723 est,
1717 2673 1839 2730 quod
1857 2673 1942 2730 iam
1959 2689 2082 2731 prae·

1192 2732 1487 2776 stantissimus
1515 2730 1629 2774 liber
1655 2729 1848 2787 praebet.
1909 2729 2081 2774 Omnes

1191 2790 1385 2846 reliquae
1407 2789 1509 2831 edd.
1522 2790 1637 2830 haec
1650 2817 1662 2831 .
1679 2819 1692 2830 .
1706 2819 1720 2832 .
1731 2790 2083 2842 persuadebant

1195 2846 1425 2895 exhibent,
1467 2844 1607 2903 [quod
1641 2845 1902 2901 nuperrime
1937 2862 1961 2889 a
1989 2842 2079 2889 Ru-

1194 2914 1307 2963 pert.
1327 2903 1582 2948 restitutum
1606 2907 1706 2956 est].
2027 2952 2048 2969 κ

1875 3003 1930 3047 Et
1971 3004 2082 3050 haec

1191 3060 1444 3104 emendatio
1479 3075 1527 3101 ex
1562 3060 1695 3104 codd.
1731 3060 1867 3118 Neap.
1902 3062 2078 3119 [ἳνα]

1189 3126 1232 3162 et
1282 3118 1392 3161 Vatt.
1437 3126 1615 3174 sumpta
1661 3122 1759 3169 est,⁸
1807 3118 1986 3163 Dronls.
2034 3132 2079 3163 et

1191 3176 1365 3220 Osann.
1412 3174 1755 3232 praeeuntibus,
1823 3175 1929 3219 dum
1975 3176 2077 3221 edd.

1193 3231 1480 3276 consentiunt
1503 3232 1549 3274 in
1574 3231 1856 3276 lectione⁴ad
1876 3236 1988 3277 haec
2013 3235 2078 3291 es·

1177 3291 1412 3346 finienda,
1464 3305 1576 3347 quae
1620 3289 1767 3347 invito
1811 3289 1988 3334 Orellio
2031 3293 2077 3335 in

1191 3349 1283 3390 eius
1306 3346 1541 3404 exemplari
1564 3354 1739 3389 servata
1763 3363 1855 3390 esse
1878 3347 2074 3406 videtur,

1193 3405 1420 3461 [consulto
1455 3420 1563 3449 vero
1603 3420 1626 3446 a
1652 3403 1840 3462 Rupert.
1866 3417 2078 3450 revocata

1190 3463 1289 3516 est].

1248 3007 1313 3046 ad
1352 3005 1434 3044 hoc
1481 3003 1787 3058 efficiendum.

1249 3561 1299 3593 ut
1351 3554 1396 3593 in
1446 3553 1681 3592 rhetormn
1733 3552 1911 3594 scholas.
2002 3553 2076 3597 Sic

1193 3609 1323 3653 MSS.
1362 3609 1503 3667 Neap.
1541 3611 1607 3660 [et
1644 3608 1825 3661 Farn.],
1867 3610 2073 3668 idemque
