2150 4022
227 229 354 288 208
464 222 1076 291 IULIIAGRIC.
1119 225 1360 298 VITA
1398 208 1597 297 c'AP.
1624 231 1726 295 43.
1750 232 1859 299 44.

228 361 335 431 lit,
388 376 628 434 securus
660 357 781 413 iam
817 357 983 431 odii,
1026 368 1083 415 et
1115 359 1222 435 qui
1255 359 1490 420 facilius
1518 364 1916 449 dissimularet
1944 387 2089 445 gau-

227 447 396 503 dium
429 464 607 522 quam
645 453 888 502 metum.
987 444 1125 501 satis
1165 448 1498 519 constabat,
1551 451 1704 509 lecto
1737 464 2087 513 testamento

226 528 576 605 Agricolae,
633 549 752 605 quo
791 523 1172 586 cohaeredem
1207 531 1462 605 optimae
1495 537 1667 592 uxori
1702 549 1758 595 et
1787 538 2088 616 piissimae

223 618 380 673 filiae
403 614 816 672 Domitianum
854 614 1114 690 scripsit,
1161 615 1442 674 laetatum
1481 629 1616 677 eum
1654 623 1818 680 velut
1855 621 2085 683 honore

222 702 581 779 iudicioque.
667 711 788 758 tam
805 710 1055 773 caecaret
1081 712 1358 776 corrupta
1390 724 1555 761 mens
1583 708 1847 765 adsiduis
1875 710 2091 769 adulas

222 787 490 846 tionibus
531 797 686 856 erat,
744 797 814 843 ut
847 786 1098 844 nesciret
1136 807 1170 843 a
1206 787 1366 844 bono
1401 801 1566 864 patre
1591 812 1716 850 non
1741 794 1921 853 scribi
1945 791 2087 854 hae-

223 874 426 930 redem
459 872 577 929 nisi
612 871 835 928 malum
864 871 1213 947 principem.

389 1009 611 1070 XLIV.
640 999 842 1067 'Natus
881 1020 1004 1066 erat
1042 1005 1318 1084 Agricola
1359 1007 1504 1069 Caio
1541 1012 1787 1072 Caesare
1821 1018 2082 1093 primum

222 1098 464 1156 consule
503 1095 710 1153 Idibus
745 1094 967 1153 Iuniis:
1026 1097 1267 1153 excessit
1303 1109 1462 1154 sexto
1501 1110 1558 1155 et
1594 1100 2082 1179 quinquagesimo

218 1205 410 1254 ann0‚
466 1182 693 1239 decimo
735 1180 870 1241 Kal.
912 1180 1208 1257 Septemb.
1242 1181 1483 1257 Collega
1512 1182 1831 1263 Priscoque
1863 1186 2084 1257 COSS.

218 1269 400 1345 Quod
425 1270 474 1325 si
502 1264 772 1325 habitum
794 1287 1031 1345 quoque
1059 1267 1184 1324 eius
1208 1269 1429 1343 posteri
1453 1289 1693 1327 noscere
1716 1273 1934 1345 velint,
1979 1277 2085 1333 de-

271 1512 467 1549 seourus
526 1497 633 1540 odii.
722 1495 784 1539 cf.
837 1494 1113 1539 Ramshorn.

248 1591 259 1602 .
296 1558 396 1613 107,
431 1556 475 1600 6.
542 1555 723 1612 Popp0.
757 1553 1022 1611 Prolegom.
1067 1553 1115 1598 in

212 1562 421 1674 ξ’ἒιιὶογά.
447 1614 480 1657 Ι.
511 1630 555 1672 p.
577 1612 674 1656 376.
718 1611 808 1655 An.
833 1613 875 1666 3,
897 1612 968 1655 26.
998 1611 1116 1655 Cae-

212 1688 296 1727 sar
316 1674 557 1727 Augustus
574 1670 815 1724 potentiae
835 1684 1043 1717 securus.

271 1764 576 1802 testamento.
638 1754 750 1798 Edd.
772 1754 877 1798 Put.
903 1769 970 1812 pr.
985 1753 1113 1797 Med.

212 1817 329 1861 Ven.
361 1814 576 1858 Beroald.
603 1814 703 1857 Alc.
738 1812 946 1857 Rhenan.
980 1813 1111 1856 testi-

212 1876 392 1926 monio,
433 1872 555 1931 quod
593 1870 666 1915 hic
699 1886 747 1914 se
779 1869 1024 1914 correxisse
1063 1871 1112 1912 in

1188 1506 1231 1541 et
1254 1496 1639 1557 quiuquagesimo.
1704 1500 1995 1561 Quapropter
2021 1503 2081 1550 le·
2112 1506 2122 1516 '

1187 1555 1375 1599 vissimo
1408 1573 1515 1600 sane
1539 1557 1743 1602 remedio
1769 1559 2079 1606 difficultatem

1187 1612 1323 1655 solvit
1336 1613 1555 1666 Savilius,
1579 1632 1787 1660 errorem
1810 1617 1970 1662 calculi
1984 1618 2078 1668 Ta-

1188 1670 1278 1713 cito
1312 1686 1409 1714 non
1443 1671 1592 1716 minus
1627 1689 1763 1732 quam
1795 1675 1892 1719 aliis
1924 1691 2079 1721 rerum

1186 1728 1481 1786 scriptoribus
1493 1729 1762 1775 familiarem
1776 1731 1852 1777 h.l.
1866 1749 1959 1777 esse
1971 1749 2080 1780 con·
2130 1747 2131 1751 ’

1183 1787 1390 1831 tendens.
1424 1787 1686 1846 Sequuntur
1696 1806 1794 1833 eam
1810 1790 2080 1836 sententiam

1183 1842 1299 1886 haud
1317 1846 1463 1902 pauci,
1483 1846 1557 1889 sed
1574 1863 1826 1905 perperam,
1847 1849 1946 1907 quis
1957 1849 2079 1893 enim

1183 1903 1449 1959 persuadeat
1464 1903 1546 1947 sibi
1562 1921 1659 1948 rem
1687 1906 1898 1963 scriptori
1922 1914 2077 1951 nostro

211 1933 427 1990 castigatt.
461 1930 726 1989 profitetur,
769 1927 846 1971 sed
879 1920 1110 1971 Walchio

208 1999 319 2035 teste
344 1989 391 2032 id
415 1989 506 2032 iam
533 1994 668 2031 exstat
689 1986 737 2030 in
763 1985 829 2028 ed.
851 1983 952 2030 Riv.

264 2094 442 2135 honore
460 2088 729 2143 iudicioque.
769 2083 855 2130 “Er
876 2084 954 2130 διὰ
974 2085 1110 2130 δυοῖν

208 2159 258 2201 ει,
293 2148 478 2208 quidem
517 2146 609 2188 eius
648 2143 836 2212 speciei,
886 2144 965 2187 ubi
1001 2143 1106 2189 loco

207 2205 420 2253 adiectivi
471 2203 755 2248 substantlvo
798 2202 1106 2261 coniungendi

205 2279 379 2311 nomen
394 2259 728 2306 substantivum
745 2269 1002 2318 usurpatur.
1036 2258 1107 2303 Cf.

204 2325 299 2369 An.
322 2322 363 2374 3,
384 2321 452 2366 74.
467 2318 655 2374 =gaudio
679 2326 724 2359 et
747 2319 924 2373 impetu
936 2335 952 2369 ,·
990 2315 1106 2360 Hist.

204 2384 247 2435 4,
267 2381 341 2424 64.
367 2381 517 2422 lucem
541 2376 785 2432 diemquef
820 2375 1108 2433 aliorumque

204 2438 482 2497 scriptorum
515 2434 640 2478 locos
675 2432 795 2491 apud
819 2433 1026 2476 Hessium
1051 2432 1107 2476 ad

205 2497 366 2542 Germ.
393 2510 434 2539 c.
457 2493 500 2542 7,
528 2493 573 2536 3.

265 2595 388 2640 CAPae
404 2595 478 2639 44.
527 2593 641 2636 Caio
668 2591 875 2635 Caesare
892 2592 1106 2647 primum

204 2656 409 2700 consule.
478 2651 592 2695 Edd.
625 2650 836 2707 antiquae
871 2665 1014 2707 usque
1049 2651 1104 2694 ad

202 2713 427 2759 Ursinum
476 2718 520 2753 et
560 2708 763 2767 Lipsium.
807 2707 922 2751 Caio
966 2707 1101 2752 Caes.

202 2783 275 2817 ter
308 2783 454 2817 cons„
494 2767 619 2826 quod
652 2766 709 2810 ab
745 2764 834 2808 illis
858 2765 963 2809 viris
992 2782 1101 2809 cor-

200 2837 380 2875 rectum
404 2834 467 2868 est
488 2825 682 2867 tertium
707 2837 832 2865 cons.
859 2838 907 2865 ex
928 2839 1012 2866 usu
1035 2823 1099 2867 di-

201 2886 335 2934 cendi
358 2882 461 2927 satis
483 2883 608 2925 trito.
667 2881 757 2925 Sed
779 2895 878 2923 eam
898 2881 934 2923 si
956 2881 1099 2939 sequi-

199 2961 306 2990 mur
319 2942 603 2997 scripturam,
632 2948 889 2995 temporum
910 2954 1099 2996 compu-

198 3002 310 3048 tatio
343 3014 439 3043 non
466 2998 674 3040 convenit
704 2994 1012 3039 notationibus
1043 2996 1097 3039 ab

200 3062 214 3104 i
250 3075 300 3104 so
352 3055 511 3099 Tacito
566 3054 702 3111 paulo
760 3061 861 3110 post
915 3053 1093 3096 additis.

201 3078 296 3164 gaii
321 3111 524 3160 Caesaris
547 3112 707 3154 tertius
736 3109 995 3154 consulatus
1018 3112 1095 3154 in-

148 3165 149 3168 *
199 3175 310 3222 cidit
331 3175 379 3217 in
403 3184 574 3214 annum
597 3170 651 3211 ab
668 3167 730 3211 U.
746 3167 798 3210 C.
812 3167 980 3211 793.=
995 3177 1096 3211 ante

199 3234 364 3280 Christ.
388 3237 480 3272 nat.
503 3226 575 3270 40.
590 3258 604 3278 ,
636 3223 847 3282 Collegae
862 3224 1095 3284 priscique

197 3289 460 3336 consulatus
495 3284 542 3328 in
573 3299 614 3327 a.
640 3282 703 3326 U.
731 3282 783 3326 C.
809 3282 907 3325 846.
932 3283 1021 3326 sive
1053 3300 1094 3329 a.

196 3364 323 3393 aerae
349 3344 615 3391 christianae
642 3339 731 3390 93„
763 3356 882 3406 quae·
896 3340 933 3383 si
959 3357 1094 3384 com-

196 3405 448 3466 putaveris,
479 3415 572 3444 non
597 3405 717 3441 sexto
742 3405 785 3439 et
809 3413 1089 3455 quinquage-

195 3466 311 3509 simo
351 3477 469 3504 anno
506 3455 687 3501 excessit
732 3454 786 3496 de
830 3455 917 3497 vita
950 3455 1087 3512 Agri—

194 3521 321 3569 cola,
352 3520 430 3563 sed
456 3514 588 3560 tertio
614 3512 683 3556 vel
713 3511 862 3568 potius
885 3528 934 3553 ex
963 3529 1087 3556 more

191 3576 483 3637 computandi
503 3569 718 3616 Romanis
742 3569 900 3614 usitato
925 3579 1084 3632 quarto

1182 1959 1463 2003 notissimam
1490 1961 1601 2005 falso
1626 1963 1742 2004 tradi
1765 1964 1965 2020 potuisse
1987 1980 2075 2008 un-

1183 2031 1344 2072 quam,
1384 2020 1647 2076 praesertim
1672 2020 1707 2061 si
1733 2019 2076 2078 diligentissime

1180 2082 1359 2118 notatos
1381 2075 1642 2120 consulatus
1666 2079 1925 2136 respexeris.
1965 2077 2077 2124 Cor·

1178 2131 1418 2189 rigendum
1451 2133 1590 2190 igitur
1614 2150 1708 2177 esse
1733 2135 1863 2178 multi
1886 2152 2074 2196 perspe-

1177 2197 1361 2241 xerunt,
1402 2192 1480 2234 sed
1513 2191 1560 2234 in
1593 2191 1702 2235 duas
1737 2201 1881 2250 partes
1908 2195 2076 2240 abeunt

1178 2244 1466 2305 interpretes.
1563 2249 1656 2293 Alii
1706 2265 1813 2294 cum
1857 2248 2073 2296 Broterio

1178 2304 1354 2348 malunt
1389 2313 1562 2361 quarto
1599 2315 1645 2349 et
1689 2309 2074 2366 quinquagesimo

1177 2376 1308 2405 anno
1328 2364 1543 2412 scribere,
1575 2362 1678 2422 quia
1701 2365 1748 2408 in
1775 2382 2073 2411 numerorum

1178 2420 1315 2479 signis
1337 2420 1482 2465 facilis
1506 2421 1563 2466 sit
1584 2421 1838 2468 scribarum
1857 2424 2006 2493 lapsus
2029 2432 2074 2468 et

1181 2478 1382 2522 numeris
1441 2478 1523 2522 hos
1582 2495 1723 2523 annos
1782 2490 2072 2540 consignatos

1175 2536 1336 2586 fuisse,
1389 2543 1690 2580 contestatum
1731 2538 1787 2582 sit
1822 2539 1928 2584 MS.
1964 2539 2068 2584 Vat.

1175 2593 1304 2638 3429.
1331 2593 1608 2639 auctoritate.
1667 2595 1759 2640 Alii
1783 2596 1829 2639 in
1853 2595 1947 2640 Caii
1962 2596 2070 2642 Cae-

1176 2652 1284 2696 saris
1318 2651 1551 2695 consulatu
1584 2667 1786 2696 errorem
1817 2653 2069 2713 deprehen-

1174 2709 1289 2752 disse
1309 2708 1392 2752 sibi
1415 2708 1682 2754 videbantur
1703 2709 1826 2770 iique
1843 2709 1962 2755 haud
1984 2710 2068 2754 du-

1173 2766 1245 2810 bie
1277 2765 1460 2809 rectius.
1519 2764 1632 2810 Nam
1657 2783 1799 2825 quum
1825 2776 1868 2811 et
1891 2767 1987 2812 aliis
2012 2769 2067 2814 de

1173 2822 1316 2868 causis
1345 2822 1438 2867 veri
1467 2821 1524 2865 sit
1548 2823 1721 2876 simile,
1752 2826 1975 2869 annumA
2034 2828 2065 2870 i-

1172 2881 1298 2925 colae
1322 2878 1511 2922 natalem
1535 2879 1746 2926 incidisse
1783 2882 1832 2926 in
1858 2899 1898 2927 a.
1921 2883 1976 2928 ab
2052 2917 2064 2930 .

1173 2937 1224 2981 C.
1252 2937 1351 2979 790.
1386 2955 1443 2975 =
1479 2946 1580 2995 post
1608 2938 1713 2983 Chr.
1751 2947 1842 2984 nat.
1874 2940 1946 2984 70.
1984 2940 2063 2996 (cf.

1172 2993 1371 3039 Walch.
1401 2994 1457 3039 ad
1488 2995 1532 3039 h.
1557 2995 1586 3040 l.
1621 3006 1662 3040 et
1686 2996 1878 3042 Becker.
1901 2998 2063 3043 Anna-

1167 3051 1246 3096 lib.
1287 3051 1573 3110 Agricolanis
1621 3071 1666 3113 p.
1706 3054 1858 3109 ΧΨ),
1916 3054 2090 3115 εοφιε”

1167 3125 1287 3154 anno
1331 3109 1502 3167 primus
1543 3110 1682 3155 fuerit
1724 3112 1818 3158 Caii
1862 3112 2062 3158 Caesaris

1168 3167 1450 3219 consulatus,
1511 3169 1802 3218 scribendum
1847 3178 1914 3214 est
1957 3173 2060 3225 pri-

1166 3241 1299 3267 mum
1345 3226 1544 3268 consule.
1636 3227 1740 3283 Qua
1786 3226 1967 3285 quidem
2012 3229 2059 3272 in

1167 3280 1387 3325 sententia
1411 3298 1503 3325 non
1519 3283 1681 3327 Bosius
1703 3283 1850 3327 solum
1875 3292 1953 3336 est,
1971 3300 2060 3328 ιου-

1165 3339 1233 3383 ius
1271 3338 1402 3382 verba
1443 3340 1546 3384 vide
1579 3343 1633 3385 ab
1656 3339 1886 3384 Walchio
1919 3350 2059 3386 trans·

1163 3395 1353 3453 scripta,
1400 3414 1553 3440 verum
1593 3398 1725 3441 etiam
1760 3397 1969 3443 Petavius
2003 3401 2058 3443 ad

1161 3453 1381 3511 Epiphan.
1422 3455 1552 3497 Haer.
1587 3455 1659 3498 LI.
1696 3471 1742 3513 p.
1773 3455 1875 3511 98.‚
1913 3473 1974 3500 nu
2009 3474 2058 3500 er

1160 3510 1418 3561 Broterius,
1458 3510 1710 3556 Walchius
1741 3521 1783 3556 et
1815 3513 1854 3557 Ι.
1879 3513 1971 3558 Bek
2007 3531 2054 3558 e-

1154 3586 1250 3634 trus.
1314 3568 1447 3611 Nihili
1485 3585 1596 3621 vero
1628 3579 1720 3630 est,
1761 3571 1884 3637 quod
1918 3571 2054 3622 obiici
