2150 4022
516 292 644 354 DE
688 291 1220 353 GERMANIA
1273 292 1467 381 (ῑᾼΡ.
1507 296 1564 355 3.
1890 298 1984 387 137

288 424 396 485 ΙΙΙ.
482 424 686 482 Fuisse
758 423 916 499 apud
983 443 1082 480 eos
1148 435 1204 480 et
1259 422 1588 482 Herculem*
1639 437 1970 483 memorant

117 513 492 588 primumque
541 509 809 568 omnium
859 508 1127 565 virorum
1171 510 1418 566 fortium
1475 510 1626 568 ituri
1673 510 1739 564 in
1792 526 1968 584 proe-

118 600 198 654 lia
251 608 489 655 canunt.
597 594 751 652 Sunt
801 594 921 650 illis
967 589 1111 650 haec
1161 614 1395 670 quoque
1447 595 1737 664 carmina,
1818 616 1969 672 quo-

119 703 252 740 rum
287 682 506 750 relatu,
563 701 740 760 quem
775 679 1035 742 baritum
1075 691 1315 748 vocant,
1367 682 1696 738 accendunt
1739 681 1969 737 animos

116 770 463 843 futuraeque
519 784 749 841 pugnae
807 765 1108 826 fortunam
1163 764 1290 839 ipso
1357 777 1533 822 cantu
1587 777 1968 838 augurantur.

118 863 341 910 terrent
396 852 552 908 enim
611 851 1012 925 trepidantve‚

120 1129 226 1156 men
246 1110 488 1156 Germanis
520 1110 625 1168 ipsis
652 1110 910 1155 auctoribus
934 1108 1013 1152 ad-

121 1170 264 1213 ditum
288 1170 332 1213 h.
357 1185 396 1212 e.
424 1169 545 1226 quod
566 1167 782 1211 ins-tinctu
817 1182 899 1209 suo
930 1167 1014 1210 ad-

119 1235 424 1286 sumpserunt.
483 1225 780 1269 Germanice:
810 1223 875 1266 So
902 1228 1007 1266 ωᾶ-

119 1300 172 1328 re
226 1289 314 1327 der
359 1285 514 1339 Name
568 1283 694 1324 eines
750 1284 1008 1331 Scammes,

119 1342 247 1388 nicht
273 1345 357 1392 des
379 1339 551 1383 Volkes
571 1341 750 1389 Name‚
790 1341 1011 1394 allmc'z'lig

121 1400 403 1451 herr-§cheud
443 1400 689 1451 geworden
703 1428 716 1445 ,
770 1395 882 1453 daſs
916 1399 1010 1439 alle

123 1457 210 1498 mit
239 1457 403 1499 einem'
421 1462 580 1499 zuerst
603 1469 710 1497 vom
732 1454 897 1508 Sieger
922 1468 1012 1497 aus

120 1515 296 1568 Fut-clu
345 1516 698 1560 stam-menden,
756 1513 867 1569 bald
917 1525 1010 1552 von

122 1567 430 1629 1'lznen‘selbst
474 1584 875 1624 angenommenen
906 1570 1002 1612 Na-

123 1644 254 1675 men„
286 1627 554 1685 Germatzen
610 1633 820 1681 genannt
875 1640 1012 1670 ωαν-

124 1690 228 1728 den.

154 1740 366 1785 'CA1³.‘3.
441 1741 708 1783 Herculem.
786 1739 1011 1782 Nimirum

125 1799 344 1859 quidquid
388 1799 554 1856 ubique
599 1796 912 1855 magnificum,
963 1797 1012 1838 in

124 1855 367 1910 claritatem
408 1870 666 1912 nomenque
698 1853 902 1897 Herculis
936 1869 1010 1907 ve,-

124 1923 239 1958 teres
271 1911 540 1955 referebant.
611 1911 672 1955 cf.
705 1910 870 1954 Noster
901 1910 1010 1953 infr.

125 1988 166 2016 c.
186 1969 259 2014 34.
294 1978 338 2014 et
359 1986 398 2013 c.
421 1969 463 2013 9.
525 1967 614 2011 An.
649 1969 690 2017 2.
718 1969 784 2011 12.
851 1967 1010 2025 Cogita

123 2027 260 2087 igitur
290 2027 345 2070 de
379 2026 463 2069 deo
492 2025 827 2069 Germanorum
852 2024 1013 2082 patrio,

123 2100 259 2145 quem
286 2083 478 2128 Romani
511 2083 702 2126 similem
726 2080 911 2126 Herculi
947 2082 1014 2125 in·

122 2143 388 2187 tellexerunt
428 2140 613 2183 numine
652 2149 694 2184 et
739 2139 890 2188 cultu,
939 2155 1013 2182 eo·

125 2201 227 2244 dem
261 2214 318 2242 ue
395 2198 582 2241 nomine
658 2197 1014 2256 adpellaverunt.

121 2257 238 2300 -Riek
259 2256 394 2300 elsius
435 2260 588 2298 tamen
640 2255 695 2298 ad
741 2255 831 2299 An.
864 2255 906 2307 2,
943 2256 1014 2299 12.

127 2313 329 2358 Herculis
347 2328 516 2356 nomen
540 2312 679 2356 refert
700 2313 755 2356 ad
779 2314 1014 2372 antiquum

127 2370 397 2418 vocabulum
448 2370 635 2419 Hearlae,
701 2371 846 2416 lucus.
938 2369 1012 2416 Ad

127 2430 248 2476 hunc
275 2428 428 2474 locum
461 2428 578 2469 idem
602 2428 821 2485 interpres
854 2428 1019 2484 cogitat

129 2487 184 2531 de
202 2487 285 2527 her
303 2483 434 2527 fortis
458 2492 501 2529 et
524 2483 611 2525 Cal
629 2485 749 2527 clava
773 2483 976 2539 (Keule).

123 2589 127 2593 -
184 2562 470 2605 memorant.
534 2552 768 2610 Quaerunt
805 2555 1018 2612 interpre-

127 2624 217 2663 tes,
269 2613 455 2671 quinam
491 2619 789 2655 memorantes
830 2612 917 2654 sint
954 2612 1019 2653 in-

127 2670 379 2728 telligendi,
427 2667 619 2711 Romani
665 2685 719 2711 an
767 2667 1019 2712 Germani?

128 2729 215 2773 Sed
245 2728 378 2770 verba
407 2730 534 2780 apud
567 2741 645 2768 eos
668 2724 773 2768 satis
805 2725 1019 2774 indicant,

127 2784 459 2834 adGermanos
489 2790 759 2835 memorant
791 2798 885 2826 non
922 2798 1017 2825 esse

129 2840 449 2887 referendum:¹
498 2842 716 2884 incertam
761 2840 911 2899 potius
955 2838 1017 2882 fa·

129 2916 246 2943 mam
257 2898 512 2942 Tacitusita
534 2898 756 2956 exprimit.
770 2926 819 2934 —
843 2897 1019 2956 Lipsius

128 2966 231 3000 ante
261 2957 373 2999 ituri
395 2963 615 3014 punctum
646 2962 870 3012 posuerat.
934 2953 1018 2997 Ve-

128 3023 270 3058 terem
306 3013 648 3070 'verioremque
714 3011 1016 3071 distinguendi

127 3070 349 3115 rationem
383 3069 578 3114 Pichena
611 3069 784 3113 reduxit
819 3085 1017 3114 consen-

126 3127 340 3172 tientib‘us
363 3125 576 3172 Cluverio
607 3134 650 3170 et
673 3125 940 3186 ConringiO.

186 3205 381 3242 canunt.
441 3197 500 3241 cf.
525 3197 614 3240 An.
637 3197 680 3253 2,
703 3198 775 3243 88.
805 3199 1014 3241 canitur-

130 3271 214 3312 que
263 3257 412 3298 adhuc
450 3256 682 3298 barbaras
725 3258 852 3311 apud
899 3268 1016 3310 gen-

123 3323 217 3357 tes.
563 3335 569 3340 ‘

185 3384 405 3428 baritum.
492 3382 569 3427 Si'c
600 3383 710 3435 ΑΜΒ.
748 3383 863 3429 Tur.
913 3385 1016 3430 edd.

131 3441 248 3501 Spir.
273 3440 403 3484 Kath.
424 3439 527 3485 Put.
548 3441 615 3484 M.
639 3449 682 3484 et
697 3441 755 3486 V.
779 3441 919 3486 Paris.
934 3443 1016 3487 Be·

130 3497 274 3542 roald.
307 3498 408 3542 Alc.
445 3497 646 3542 Rhenan.
682 3499 785 3544 Ald.
808 3507 852 3541 et
874 3515 1018 3558 nuper

131 3554 309 3600 PassoV.
333 3554 460 3598 Hess.
485 3555 538 3598 al.
560 3583 619 3592 --
663 3558 894 3600 barritum
913 3558 1015 3602 edd.

132 3611 303 3657 Ernest.
338 3611 548 3658 Oberlin.
580 3611 768 3660 Bekker.
785 3615 842 3659 al.
882 3624 925 3659 et
955 3615 1014 3658 ita

309 3744 332 3766 ἱ.

1080 862 1258 925 prout
1315 851 1515 907 sonuit
1565 850 1735 911 acieS.

1082 1109 1315 1153 Ammian.
1355 1110 1422 1160 16,
1447 1107 1520 1153 30.
1561 1108 1631 1160 26,
1662 1108 1705 1153 7.
1754 1107 1823 1158 31,
1850 1110 1890 1154 7.
1931 1117 1975 1154 et

1083 1166 1241 1225 Veget.
1277 1166 1319 1219 3,
1341 1168 1410 1211 18.
1493 1165 1550 1210 cf.
1585 1165 1812 1222 Adelung.
1854 1166 1984 1213 Hist:

1083 1232 1176 1268 ant.
1200 1223 1353 1267 Germ.
1385 1241 1429 1282 p.
1453 1222 1553 1266 388.
1570 1255 1582 1272 ,
1615 1223 1691 1281 qui
1713 1231 1761 1265 ut
1787 1232 1973 1282 etymon

1079 1281 1225 1326 adfert
1250 1283 1410 1336 baren,
1443 1283 1664 1327 schreien.
1725 1281 1975 1324 Burmann.

1078 1340 1134 1382 ad
1168 1338 1356 1383 Authol.
1396 1339 1436 1392 5,
1464 1339 1560 1382 145.
1603 1337 1648 1382 id
1697 1338 1974 1383 vocabulum

1080 1397 1250 1441 derivat
1294 1414 1318 1440 a
1362 1398 1575 1448 bar-rire,
1634 1394 1977 1452 elephantorum

1080 1470 1207 1498 voce.
1251 1479 1305 1488 -
1384 1457 1622 1499 harditum
1660 1451 1796 1497 MSS.
1825 1451 1972 1496 Vatic.

1079 1513 1262 1556 Fames.
1312 1512 1532 1571 Arundel.
1575 1511 1854 1566 (secundum
1893 1510 1975 1565 Er-

1081 1570 1291 1612 nestium.
1339 1578 1382 1611 at
1395 1569 1646 1611 Burmann.
1671 1569 1699 1612 l.
1721 1568 1751 1611 l.
1774 1568 1880 1610 inde
1902 1568 1977 1611 ad-

1081 1625 1169 1668 fert
1197 1627 1483 1682 blandicum)
1519 1625 1684 1682 stuttg.
1720 1626 1848 1680 (teste
1866 1623 1976 1668 Hes-
2046 1618 2052 1628 ’

1083 1684 1169 1739 sio)
1207 1683 1308 1726 edd.
1331 1682 1468 1725 Rom.
1505 1682 1712 1725 Norimb.
1737 1682 1856 1740 [ἀρε.
1878 1697 1979 1740 sqq.

1084 1748 1129 1782 et
1163 1755 1309 1799 nuper
1339 1738 1552 1784 Hackius.
1610 1739 1788 1782 Etenim
1819 1739 1978 1783 Festus

1082 1797 1263 1841 scribit:
1292 1800 1470 1840 bardus
1496 1798 1666 1850 gallice
1697 1803 1867 1839 cantor
1887 1812 1975 1851 ap·
2022 1808 2030 1816 “

1077 1857 1313 1909 pellatur,
1368 1855 1453 1910 qui
1509 1856 1721 1896 virorum
1765 1851 1979 1910 fortium

1083 1914 1250 1955 laudes
1281 1912 1425 1954 canit.
1505 1911 1597 1954 Sed·
1623 1913 1820 1964 bardos,
1864 1910 1978 1956 Gal-

1082 1967 1223 2013 licum
1242 1984 1404 2027 genus,
1433 1968 1551 2027 apud
1566 1967 1819 2012 Germanos
1841 1967 2001 2014 fuisoe*

1083 2043 1180 2070 non
1223 2026 1446 2084 proditur.
1527 2025 1680 2082 Quare
1711 2025 1982 2084 scripturam

1083 2085 1326 2126 harditum
1373 2083 1538 2128 merito
1597 2084 1878 2128 censebimus
1930 2100 1980 2129 ex

1085 2142 1260 2186 inscitia
1284 2150 1329 2186 et
1356 2143 1497 2185 abusu
1520 2151 1683 2185 ortam.

1144 2229 1410 2270 accendunt
1442 2226 1643 2268 animos.
1715 2223 1802 2268 Ed.
1833 2225 1978 2270 Paris.

1087 2299 1308 2328 accensus
1334 2285 1545 2335 animus,
1579 2283 1703 2341 quod
1728 2282 1886 2327 Hessio
1915 2284 1983 2330 vi-

1087 2342 1221 2385 detur
1239 2341 1380 2400 accipi
1436 2356 1534 2384 osse
1556 2357 1640 2398 pro
1660 2355 1882 2385 accensus
1899 2350 1984 2393 est,

1089 2399 1323 2456 ἀορίστως.
1383 2357 1471 2441 81ὲά
1496 2397 1542 2440 in
1563 2399 1787 2441 co'nsensu
1811 2408 1982 2443 eetero-

1088 2474 1194 2500 rum
1232 2457 1454 2500 librorum
1495 2455 1604 2498 illud
1651 2457 1818 2498 rectius
1848 2455 1981 2501 innu-

1090 2514 1226 2558 meris
1250 2513 1351 2557 libri
1368 2512 1559 2557 Parisini
1582 2510 1698 2556 vitiis
1718 2512 1982 2563 adnumera-

1091 2572 1257 2615 bimus.

1136 2655 1426 2711 futuraeque
1470 2667 1661 2708 pugnae
1707 2655 1981 2710 fortunam.

1091 2712 1343 2756 Bredovius
1410 2711 1607 2754 malebat.
1662 2711 1983 2769 futuramque

1084 2783 1274 2825 pugnae
1284 2769 1556 2825 fortunam.
1600 2767 1838 2823 Passovius
1859 2779 1983 2814 recte

1090 2826 1408 2870 animadvertit
1441 2833 1543 2868 ante
1568 2841 1770 2884 pugnam
1794 2825 1981 2872 Germa·

1089 2901 1172 2928 nos
1194 2884 1388 2928 baritum
1411 2882 1645 2929 cecinisse.

1145 2970 1246 3023 ipso
1271 2973 1425 3012 cantu.
1487 2958 1775 3027 MSjStimg.
1801 2969 1895 3024 aasz·
1916 2983 1954 3014 c.

1145 3060 1328 3095 terrent
1357 3053 1478 3094 em'm
1517 3054 1826 3108 trepidantve.
1915 3053 1977 3098 cf.

1087 3110 1175 3153 An.
1202 3111 1240 3159 1..
1261 3111 1333 3154 25.
1350 3111 1587 3164 pavebant
1607 3111 1952 3167 terrebantque.

1141 3217 1283 3265 prout
1319 3213 1480 3252 sonuit
1508 3211 1648 3256 acies.
1727 3209 1873 3255 Simili
1906 3211 1977 3254 lo-

1087 3265 1267 3312 cutione
1279 3265 1394 3311 Hist.
1414 3267 1456 3317 4,
1477 3268 1543 3313 18.
1566 3278 1616 3313 ut
1637 3269 1846 3312 virorum
1867 3282 1981 3310 oan-

1089 3334 1164 3375 tu,
1209 3323 1513 3380 feminarum
1581 3328 1765 3369 ululatu
1828 3327 1979 3369 sonuit

1088 3383 1225 3426 acies.
1289 3380 1527 3427 Passovius
1559 3398 1663 3427 cum
1697 3381 1800 3426 edd.
1830 3382 1976 3427 Rhen.

1088 3439 1273 3496 (1533.)
1315 3439 1421 3483 Ald.
1459 3439 1636 3498 Micyll.
1682 3439 1979 3500 interpunxit:
2017 3447 2019 3451 ⁴

1083 3505 1226 3552 prout
1244 3500 1426 3545 sonuit,
1454 3498 1592 3541 acies.
1653 3496 1798 3540 Nemo
1824 3506 1978 3555 postea

1086 3555 1285 3598 imitatus
1313 3562 1394 3597 est.
1463 3555 1579 3598 Nam
1613 3554 1855 3612 genuinam
1886 3553 1977 3598 loci

1087 3610 1349 3656 sententiam
1373 3610 1454 3655 ista
1477 3611 1647 3669 virgula
1672 3614 1858 3669 prorsus
1882 3618 1977 3655 tur-

1858 870 1967 917 nec
2027 928 2038 933 ἡ
