2150 4022
202 270 285 332 52

204 403 287 457 les
327 401 558 461 durant.

551 268 619 330 c,
662 226 1219 327 CORNELms
1265 244 1696 326 TAclTUs

669 395 857 452 luitur
895 394 1053 451 enim
1089 394 1269 451 etiam
1310 380 1702 472 homicidiqgm
1749 402 1907 450 'certo
1959 411 2057 450 or-
2123 435 2128 445 .

2135 475 2150 493 2

206 497 542 542 mentorum
578 501 643 537 ac
669 499 947 555 pecorum
973 499 1220 536 numero
1246 478 1571 554 recipitque
1600 477 2055 535 satisfactionem

204 571 479 633 universa
518 569 753 622 domus:
808 564 1035 621 utiliter
1079 564 1143 618 in
1183 564 1522 638 publicum3
1553 561 1715 639 ‘quia
1761 562 2057 636 periculo—

208 657 388 712 siores
429 663 568 709 sunt
615 648 958 706 inimicitiae
1004 649 1178 704 iuxta‘
1209 648 1563 706 libertatem.

210 754 265 798 et
292 737 564 813 hospitiis
591 756 714 791 non
742 734 868 799 alia·
884 753 1025 808 gens
1061 732 1304 789 effusius
1341 731 1630 804 indulget.

1671 643 2059 718 Convictibus

1715 744 2055 808 quemcum-

207 846 320 903 que
345 821 684 879 mortalium
715 839 910 875 arcere
936 829 1087 875 tecto
1126 818 1288 873 nefas
1321 813 1591 873 habetur.
1677 835 1786 891 pro
1821 816 2058 881 fortuna

206 911 454 988 quisque
478 905 771 982 apparatis
795 903 985 979 epulis
1011 902 1240 976 excipit.
1296 918 1430 959 cum
1456 901 1732 971 defecere,
1754 900 1857 978 qui
1878 897 2057 957 modo

204 993 418 1070 hospes
443 994 633 1049 fuerat
650 1037 667 1059 ,
710 999 1068 1046 monstrator
1091 983 1334 1063 hospitii
1363 997 1419 1045 et
1445 1005 1654 1046 comes,
1728 985 2058 1061 Proximam

265 1243 450 1285 utiliter.
512 1237 614 1281 MS.
635 1233 826 1293 Longol.
851 1243 893 1278 et
918 1232 986 1277 ed.
1002 1232 1096 1277 No·

205 1301 342 1344 rimi».
365 1299 580 1340 utilitate.

266 1382 540 1427 convictibus
571 1384 619 1420 et
647 1376 858 1431 hospitiis
882 1391 976 1418 non
1000 1375 1100 1418 alia

204 1455 337 1498 gens.
417 1436 518 1480 MS.
553 1434 787 1492 stuttgart.
827 1435 1101 1476 convictibus

207 1496 417 1552 hospitiis
438 1510 534 1538 non
562 1495 658 1534 alia
684 1506 796 1546 gens
820 1498 879 1533 et.
951 1489 1020 1533 De
1050 1506 1100 1532 re

209 1557 268 1601 cf.
291 1554 419 1598 Caes.
440 1555 482 1603 6,
503 1550 573 1593 23.
633 1549 752 1591 Mela
777 1548 819 1595 3,
839 1547 879 1592 3,
909 1555 1098 1590 tantum

207 1612 458 1668 hospitibus
491 1610 620 1659 boni,
658 1607 886 1661 milesque
914 1606 1097 1659 suppli-

209 1674 348 1716 cibus.

533 1747 634 1790 MS.
669 1747 812 1790 Vatia.
851 1742 980 1790 2964.
1020 1760 1100 1789 re-

264 1751 450 1807 excipit.

207 1815 330 1867 cipit.

261 1893 484 1950 defecere.
574 1887 718 1932 intell.
775 1887 946 1946 epulae.
1001 1921 1003 1924 s
1038 1887 1097 1930 cf.

205 1972 243 2000 e.
266 1955 338 1996 24.
365 1966 472 1994 cum
494 1949 653 1990 omnia
676 1945 961 2002 defecerunt.
1027 1945 1097 1988 Li·

176 2023 179 2027 ’
207 2012 327 2072 psius
359 2025 383 2051 e
408 2007 507 2051 MS.
532 2006 713 2049 Fames.
751 2003 828 2058 (cf.
855 2002 1000 2047 eiusd.
1027 2002 1098 2046 ed.

208 2071 262 2115 de
286 2083 405 2110 anno
431 2062 555 2107 1574.
588 2061 762 2120 p.752.)
796 2061 934 2104 edidit
963 2062 1097 2116 dese-

206 2127 340 2172 serit.
381 2132 388 2134 ”
427 2121 619 2165 Pichena
655 2118 847 2161 restituit
877 2118 1097 2174 defecere,

207 2182 331 2245 quod
365 2179 619 2224 defenditur
650 2184 905 2220 ceterorum
951 2175 1092 2219 libro-

204 2257 307 2286 rum
349 2236 630 2284 auctoritate.
717 2233 949 2291 Bipontini
998 2249 1095 2276 ma-

206 2303 330 2344 luere
348 2294 567 2352 defecerit
588 2291 817 2336 intellecto
839 2293 1022 2346 hospes.

262 2380 342 2438 qui
360 2381 500 2423 modo
536 2409 547 2421 .
572 2407 588 2422 .
613 2409 622 2419 .
648 2405 661 2419 .
699 2389 869 2419 comes.
924 2376 1095 2428 proxi·

207 2455 340 2483 mam
370 2443 454 2481 etc.
541 2435 603 2478 lta
640 2435 791 2476 locum
823 2432 1095 2488 interpungo

208 2517 255 2543 ex
291 2496 362 2540 ed.
395 2494 537 2551 Spin,
585 2499 635 2534 ut
678 2489 909 2533 intellecto
953 2490 1095 2533 verbo

208 2551 488 2600 substantivo
514 2549 652 2596 verba
687 2549 769 2603 qui
787 2578 801 2590 .
825 2577 839 2590 .
862 2578 874 2589 .
896 2579 906 2590 .
943 2559 1096 2588 comes

200 2612 404 2656 efficiant
425 2608 660 2666 apodosin.
703 2603 958 2648 Sententia:
981 2603 1095 2646 Cum

204 2669 410 2725 defecere
442 2668 629 2719 epulae,
663 2665 742 2720 qui
768 2664 910 2703 modo
927 2662 1097 2718 suerat

202 2731 391 2779 hospes,
422 2730 662 2764 monstrat
686 2722 819 2762 aliud
840 2719 1094 2773 hospitium

198 2781 499 2836 alterumque
532 2795 583 2821 eo
615 2781 882 2821 comitatur.
958 2776 1091 2819 Taci-

199 2852 272 2886 tus
304 2840 400 2889 hic,
441 2837 503 2879 uti
532 2835 671 2886 solet,
707 2833 984 2877 substantiva
1007 2841 1118 2891 po-'

199 2900 269 2942 nit
303 2912 386 2954 pro
421 2894 579 2937 verbis.
638 2892 695 2935 cf.
730 2900 826 2936 not.
856 2891 910 2934 ad
940 2892 1025 2934 An.
1052 2892 1090 2939 1,

201 2957 272 2999 24.
323 2953 405 2997 sub
458 2967 503 2996 v.
558 2957 832 2991 ostentator.
942 2947 1090 3006 Vulgo

205 3011 504 3069 distinguunt:
577 3007 693 3049 Cum
733 3006 968 3062 defecere,
1011 3006 1096 3061 qui

200 3072 344 3113 rmodo
379 3070 542 3121 hospes
568 3064 757 3119 fuerat,
793 3070 1092 3107 monstrator

201 3126 393 3182 hospitii
420 3131 464 3166 et
491 3136 668 3171 comes,
694 3123 971 3174 proximam
1001 3124 1088 3163 do-

197 3201 331 3227 mum
363 3195 462 3223 non
499 3180 684 3221 invitati
698 3181 890 3222 adeunt.
952 3178 1091 3236 lgitur

204 3243 334 3284 verba
364 3239 445 3295 qui
469 3270 480 3282 .
505 3269 516 3280 .
537 3268 548 3280 .
576 3250 727 3278 comes
758 3235 1090 3294 subiunguntur

200 3298 342 3344 verbo
384 3299 556 3339 adeunt
595 3292 870 3336 inconcinna
903 3308 1088 3350 prorsus

199 3357 432 3413 scriptura.
494 3351 635 3394 Nemo
661 3349 780 3392 enim
809 3365 1008 3406 unquam
1042 3350 1086 3392 in

201 3414 322 3456 hunc
369 3409 556 3453 modum
604 3407 806 3451 subiecto
851 3407 1088 3463 singularis

200 3469 402 3516 numeri,
433 3467 516 3510 nisi
542 3466 576 3509 si
601 3479 769 3508 nomen
797 3465 850 3507 sit
879 3464 1084 3507 collecti-

199 3543 330 3578 vum,
366 3524 534 3569 addidit
562 3524 743 3570 verbnm
771 3537 963 3563 numero
990 3521 1084 3578 plu-

196 3584 293 3628 rali.
357 3582 509 3639 Quare
525 3579 730 3625 nonnulli
749 3580 898 3623 locum
913 3594 1084 3636 germa-

1170 1231 1270 1276 nice
1299 1239 1644 1280 converterunt,
1676 1229 1797 1289 quasi
1833 1227 1880 1272 in
1912 1227 2058 1278 latinis

1169 1292 1426 1347 legeretur-:5
1467 1290 1548 1345 qui
1571 1293 1713 1331 modo
1864 1301 1958 1330 non
1988 1286 2058 1328 in-

1171 1350 1344 1390 vitatus
1374 1348 1488 1390 adit.
1571 1345 1745 1390 Auxilia
1780 1342 1885 1387 loco
1917 1342 2061 1400 adfert

1170 1403 1351 1451 Hessius
1373 1405 1419 1447 in
1434 1403 1562 1448 Varr.
1580 1404 1719 1447 Lectt.
1753 1401 1802 1454 L,
1827 1401 1967 1459 pAEG..
1983 1416 2059 1444 ue·

1170 1477 1258 1520 que
1291 1477 1394 1505 vero
1426 1462 1605 1506 idonea.
1667 1459 1744 1504 Ob
1771 1459 1904 1502 verba
1935 1460 2061 1502 inm·-

1169 1521 1264 1561 tati
1287 1522 1463 1562 adeunt
1492 1519 1547 1562 ad
1584 1515 1894 1576 praecedentia
1921 1514 2057 1558 intel-

1169 1577 1265 1633 ligit
1299 1592 1402 1625 cum
1435 1578 1642 1632 hospite:
1681 1590 1786 1617 nam
1821 1572 1938 1618 banc
1965 1573 2058 1629 syl·

1171 1632 1341 1691 lepsin,
1387 1648 1472 1700 qua
1518 1634 1710 1678 verbum
1777 1629 1928 1682 lui-alis
1964 1646 2060 1690 ⁸nu·-

1172 1690 1287 1734 meri
1318 1690 1536 1748 excipiant
1565 1690 1657 1733 duo
1685 1704 1736 1732 su
1771 1685 1954 1752 sjantiva
1964 1703 2060 1787 1per

1171 1763 1377 1807 praepos.
1403 1763 1508 1790 cum
1529 1747 1795 1797 coniuncta,
1825 1744 1932 1788 dicit
1983 1761 2059 1789 re-

1171 1815 1383 1863 queutem
1405 1822 1526 1853 resse.
1594 1805 1818 1847 Provocat
1847 1801 1903 1847 ad
1937 1802 2059 1846 Rud-

1173 1863 1285 1906 ‹li1n.
1317 1862 1506 1906 institut.
1543 1862 1595 1906 P.
1618 1862 1672 1906 ll.
1709 1878 1750 1918 p.
1773 1859 1846 1903 79.
1881 1868 1924 1903 et
1956 1859 2058 1903 Ru—

1166 1928 1280 1978 pert.
1308 1921 1363 1963 ad
1388 1920 1466 1963 Sil.
1493 1919 1588 1962 ltal.
1616 1920 1682 1971 16,
1702 1915 2058 1968 244.,concedo.

1168 1978 1231 2020 At
1264 1976 1338 2020 hic
1368 1994 1462 2020 nou
1505 1985 1612 2020 sunt
1652 1977 1745 2029 duo
1766 1974 2059 2041 ,Subffiagfiya

1169 2051 1246 2102 per
1278 2050 1483 2091 praepos.
1524 2050 1630 2076 cum
1675 2038 1918 2078 comuncta
1972 2032 2059 2084 nisi

1168 2109 1214 2135 in
1251 2092 1466 2150 opinione
1505 2091 1780 2150 interpretis.
1861 2088 1951 2134 Alii
1987 2087 2058 2145 (ut

1169 2150 1389 2192 Giinther.
1416 2160 1459 2192 et
1481 2147 1716 2204 Teubert.)
1743 2144 1923 2205 virgula
1955 2153 2059 2207 post

1167 2222 1320 2250 comes
1353 2205 1525 2250 sublata
1556 2207 1734 2264 legurm
1763 2209 2060 2248 monstrator

1165 2264 1356 2316 hospitii
1391 2271 1436 2305 et
1468 2279 1621 2306 eonzes
1656 2264 1936 2317 proximam
1965 2264 2055 2304 do·
2130 2303 2132 2305 .

1167 2337 1297 2363 mum
1327 2336 1421 2363 non
1451 2322 1645 2364 invitati
1663 2323 1854 2368 adeum.
1887 2310 2057 2363 'Nimi-

1166 2395 1271 2422 rum
1295 2386 1589 2421 monstrator
1614 2394 1667 2423 ac
1697 2382 1855 2420 comes
1882 2375 1944 2420 ibi
1976 2391 2058 2420 ac·-

1168 2436 1398 2494 cipiuntur
1450 2451 1536 2493 pro
1587 2434 1776 2482 diversis
1834 2432 2058 2485 s‘uhiectis.

1167 2504 1218 2536 ut
1286 2494 1502 2536 comitem
1572 2508 1621 2536 ex
1689 2491 2055 2550 interpretatione

1169 2550 1391 2594 Giintheri
1415 2549 1633 2608 intelligas
1659 2565 1761 2594 eum
1778 2581 1791 2600 ,
1815 2548 1891 2606 qui
1914 2549 2055 2591 modo

1166 2608 1284 2667 apud
1311 2608 1436 2651 illum
1468 2607 1684 2665 hospitem
1711 2614 1918 2664 exceptus
1949 2604 2047 2649 fue-

1166 2673 1250 2709 rat.
1321 2663 1526 2708 Hauffius
1566 2663 1755 2707 admissa
1790 2663 1944 2707 eadem
1977 2663 2050 2706 in·

1167 2723 1484 2780 terpretatione
1543 2737 1627 2780 pro
1682 2721 1876 2774 hospitii
1925 2719 2054 2779 podii

1164 2780 1356 2834 hospiti.
1445 2777 1533 2821 Sed
1583 2794 1675 2835 quo
1727 2778 1906 2842 tandem
1955 2778 2052 2821 iure

1162 2837 1262 2885 ille,
1312 2835 1389 2894 qui
1434 2843 1641 2893 exceptus
1687 2836 1857 2888 fuerat,
1899 2841 2052 2878 come·

1160 2892 1343 2938 alterius
1378 2893 1552 2935 dicatur
1596 2909 1731 2937 nemo
1767 2891 1948 2941 docuit,
1991 2890 2053 2934 li-

1162 2960 1233 2994 eet
1272 2952 1375 2994 satis
1412 2958 1581 3009 pateat,
1631 2957 1803 2994 mutato
1852 2946 2050 3008 hospitio

1159 3007 1281 3051 hunc
1322 3024 1467 3065 neque
1509 3007 1636 3051 illum
1683 3006 1778 3050 fieri
1819 3008 2051 3054 comitem.

1162 3065 1456 3108 Monstrator
1521 3066 1701 3122 hospiti
1762 3063 1851 3109 diei
1921 3080 2051 3124 posse

1162 3123 1271 3165 nelo
1312 3138 1507 3180 negare:
1567 3132 1611 3166 at
1660 3137 1784 3166 nunc
1835 3138 1927 3166 non
1979 3138 2049 3166 so·

1162 3179 1253 3222 luni
1287 3180 1482 3235 inutilis,
1535 3180 1611 3223 sed
1647 3179 1780 3222 etiam
1825 3181 1939 3223 mala
1985 3187 2050 3224 est
2111 3207 2125 3215 s

1160 3252 1209 3280 ea
1237 3237 1437 3280 mutatio.
1497 3237 1598 3281 Non
1634 3237 1754 3279 enim
1787 3237 1831 3280 in
1860 3239 2049 3282 univer-

1159 3310 1258 3336 suin
1324 3295 1587 3351 cogitandus
1649 3304 1727 3344 eat*
1773 3301 2050 3338 monstrator
2115 3311 2117 3313 ’

1161 3350 1322 3409 hospiti
1368 3351 1605 3402 accedens,
1652 3350 1727 3395 sed
1772 3359 2047 3395 monstrator

1159 3407 1353 3467 hospitii.
1435 3408 1628 3451 Maxime
1671 3417 1822 3452 autem
1858 3409 2045 3452 molesta

1158 3474 1223 3508 est
1254 3465 1458 3524 repetitio
1492 3467 1725 3509 vocabuli:
1769 3466 1935 3510 scilicet
1967 3465 2071 3522 qui¹

1156 3525 1317 3576 hospes
1351 3524 1518 3576 fuerat,
1573 3522 1621 3566 fit
1651 3531 1927 3568 monstrator
1957 3526 2043 3567 ho-

1156 3582 1279 3635 spici.
