2150 4022
688 285 1326 352 PRAEFATIO.
1880 297 1949 337 lx

112 424 260 489 dicis
305 422 755 496 descriptionem
799 414 952 498 hanc
991 412 1376 490 Schluttigius
1413 440 1547 476 cum
1584 417 1947 479 Doederlino

112 520 642 579 communicaverat
655 541 667 575 :

277 629 526 702 „Codex
553 629 656 689 IV.
698 628 764 688 C.
789 630 891 685 21.
926 628 990 683 in
1013 625 1292 701 Catalogo
1329 626 1487 688 Bihl.
1514 628 1758 686 Latinae
1790 645 1952 691 vete-

111 731 194 788 ris
216 742 272 787 et
296 729 563 786 classicae
589 726 1044 801 manuscriptae,
1088 745 1235 800 quae
1261 727 1326 780 in
1349 724 1538 800 Regio
1562 727 1948 804 Neapolitano

113 825 323 883 Museo
359 823 696 881 Borbonico
742 824 1084 878 adservatur
1129 821 1417 896 descripto
1464 843 1495 877 a
1527 822 1769 883 Cataldo
1813 822 1951 885 Ian*-

112 923 295 978 nellio
324 922 405 977 sic
430 920 807 977 describitur:

193 1031 442 1106 „Codex
489 1033 965 1088 membranaceus
1012 1028 1075 1083 in
1120 1027 1264 1083 folio
1316 1031 1657 1091 membrana
1710 1039 1951 1113 quidem

195 1130 476 1210 pulchra,
532 1134 631 1188 sed
668 1120 734 1187 in
776 1128 1075 1204 superiore
1116 1127 1378 1200 margine
1416 1133 1659 1188 materia
1699 1139 1953 1211 quadam

196 1233 393 1289 oleosa
430 1231 745 1299 maculata,
794 1249 897 1285 ora
932 1227 1283 1303 paginarum⁴
1316 1228 1596 1287 latissima
1633 1233 1952 1294 instructus

198 1345 254 1391 et
299 1342 566 1390 accurata
605 1329 911 1386 literarum
947 1328 1135 1382 forma
1174 1325 1500 1400 descriptus
1545 1332 1774 1388 saeculo
1819 1332 1952 1394 XV.

287 1443 350 1524 1)
407 1442 474 1503 C.
510 1440 773 1499 Cornelii
814 1437 1007 1494 Taciti
1044 1432 1370 1493 Annalium
1423 1438 1565 1494 libri
1619 1443 1693 1498 ab
1734 1441 1839 1502 XI.
1878 1421 1954 1501 ad

364 1537 529 1597 XVI.
614 1534 1017 1593 Historiarum
1044 1553 1183 1588 vero
1211 1553 1243 1587 a
1268 1532 1423 1588 libro
1450 1532 1494 1593 Ι.
1522 1537 1594 1590 ad
1623 1535 1693 1591 V.
1779 1538 1956 1597 Titu..

366 1639 461 1694 lus
485 1637 550 1691 in
576 1633 822 1692 Codice:
869 1625 939 1688 C.
966 1625 1244 1687 Cornelii
1263 1626 1826 1691 TacitiRomanas
1853 1632 1956 1694 hi-

368 1731 598 1790 storias
642 1726 992 1796 scribentis,
1066 1746 1142 1784 ex
1193 1721 1331 1797 his,
1403 1727 1514 1807 qai
1562 1732 1956 1809 reperiantur,

366 1826 562 1887 Liber
586 1827 824 1907 primus
853 1821 1083 1904 incipit.
1170 1818 1336 1900 Lege
1361 1821 1689 1905 foeliciter.
1776 1831 1958 1890 simi..

365 1930 440 1985 lis
467 1925 671 1983 ceteris
700 1923 871 1979 libris
900 1922 1188 1997 praefixus
1220 1934 1306 1978 est
1342 1923 1548 1979 titulus
1567 1971 1582 1992 ,
1637 1926 1716 1982 ita
1748 1940 1958 1988 utnu-

367 2036 667 2082 merentur
706 2021 914 2078 ordine
964 2021 1108 2077 libri
1142 2018 1260 2075 XI:
1334 2022 1501 2096 quasi
1548 2019 1661 2080 hoc
1705 2027 1832 2102 ipso
1867 2031 1959 2086 'li-

365 2123 611 2179 brorum
650 2118 859 2174 ordine
908 2128 1112 2173 auctor
1161 2135 1308 2190 opus
1351 2136 1523 2173 suum
1561 2120 1958 2198 disposuisset,
1993 2151 1997 2155 ·

371 2218 531 2295 quod
561 2215 803 2271 omnino
836 2205 1145 2291 salsumff)

284 2330 352 2410 2)
430 2327 716 2400 Dialogus
777 2327 849 2381 de
910 2324 1126 2381 caussis
1195 2336 1502 2399 corruptae
1573 2329 1957 2404 eloquentiae.

365 2424 635 2484 Titulus.
679 2417 748 2481 C.
776 2417 1053 2481 Cornelii
1081 2419 1303 2479 Taciti
1326 2421 1651 2503 Dialogus
1688 2426 1758 2487 de
1791 2427 1961 2491 Ora-

370 2520 604 2579 toribus
619 2518 925 2601 foeliciter
950 2518 1181 2597 incipit

288 2634 357 2715 3)
400 2627 469 2691 C.
506 2625 786 2690 Cornelii
820 2626 1034 2687 Taciti
1068 2625 1137 2684 de
1179 2629 1413 2709 origine
1448 2640 1499 2688 et
1533 2633 1658 2691 sita
1696 2633 1959 2698 Germa-

374 2731 532 2789 ni.ae
620 2730 761 2788 Sic
745 2749 809 2784 1n
836 2727 1071 2807 Codice.

283 2844 351 2924 4)
397 2842 667 2901 Suetonii
695 2840 1037 2917 Tranquilli
1076 2841 1146 2895 de
1186 2841 1514 2898 illustribus
1545 2841 1961 2907 Grammaticis
2024 2844 2033 2867 ‘

371 2951 427 2996 et
459 2939 642 3022 'claris
676 2934 1062 2997 Rhetoribus.
1163 2935 1234 2994 In
1267 2936 1481 2995 Codice
1523 2941 1632 2996 sub
1668 2944 1844 3002 unico
1885 2948 1962 3004 ti-

370 3038 497 3095 tulo
572 3049 627 3094 et
689 3037 914 3110 capite:
1011 3030 1081 3092 C.
1129 3033 1412 3102 Suetonii
1459 3033 1834 3121 Tranquilli
1893 3043 1962 3104 dc

373 3128 817 3190 Grammaticis
846 3138 896 3186 et
921 3125 1300 3188 Rhetoribus
1325 3130 1553 3210 incipit.

178 3418 224 3474 *)
255 3417 398 3460 Huius
421 3416 617 3472 itemque
639 3415 987 3459 Vindobonens.
1011 3413 1142 3458 codd.
1170 3414 1411 3458 auctoritas
1446 3431 1603 3459 eorum
1629 3418 1803 3463 refellet
1837 3423 1961 3466 iudi-

238 3485 359 3528 cium
383 3482 460 3538 (cf.
482 3481 658 3526 Dronk.
682 3483 822 3541 praef.
846 3499 894 3541 p.
915 3482 1107 3535 XVll.)‚
1147 3482 1223 3539 qui
1255 3492 1297 3524 et
1328 3484 1506 3532 eamob
1531 3501 1709 3527 causam
1735 3487 1959 3548 dialogum

236 3553 395 3596 Tacito
427 3565 519 3594 non
555 3551 901 3595 adscribendum
939 3566 1033 3593 esse
1072 3549 1346 3607 opinantur,
1381 3552 1502 3608 quod
1533 3567 1751 3609 nusquam
1784 3556 1820 3600 is
1855 3576 1960 3604 cum

237 3619 423 3680 reliquis
446 3620 712 3665 nobilissimi
738 3620 940 3665 historici
961 3618 1136 3677 seriptis
1156 3620 1202 3663 in
1221 3621 1355 3664 codd.
1376 3620 1645 3665 coniunctus
1669 3626 1932 3681 reperiatur.
