2150 4022
258 251 391 317 446

299 389 485 424 ‘norum
508 373 615 419 deos
639 376 732 422 An.
754 375 797 432 2,
818 376 893 423 42.
934 377 1094 428 Germ.
1110 380 1151 426 2.

278 472 281 473 γ
312 432 520 481 Herculis
541 433 784 479 columnae
809 432 969 483 Germ.
984 434 1059 479 34.

251 492 479 550 Hercynia
515 489 622 534 silva
648 489 805 535 Germ.
823 491 897 537 28.
956 493 1014 537 cf.
1040 493 1148 537 Rei-

310 547 465 595 chardi
491 548 684 593 librum=
709 547 993 594 Germanica
1017 559 1149 594 unter

314 609 402 653 den
425 603 629 650 Ramern
654 623 697 665 p.
719 607 820 653 217.
1062 603 1070 606 “

218 684 226 690 ·
250 669 413 718 heres,
444 682 536 709 non
560 668 729 708 haeres
751 665 839 708 Αιι.
867 666 910 721 1,
932 665 976 710 8.
1010 666 1052 717 6,
1075 665 1148 710 38.

252 725 555 782 Hermagoras
580 722 714 765 Orat.
739 722 805 767 19.
862 753 870 758 .

252 783 558 827 Herminones
582 780 740 826 Germ.
764 781 814 826 2.,

250 840 566 887 Hermunduri
589 837 747 883 Germ.
771 834 846 883 41.

250 898 417 944 Hertha
461 895 623 941 Germ.
661 896 734 941 40.
798 894 856 941 cf.
905 896 1146 956 Kiessling.

309 958 364 1001 ad
391 955 549 999 Germ.
577 971 620 1013 p.
653 953 758 998 145..

249 1014 494 1059 hexametri.
512 1029 662 1056 versus
685 1010 813 1055 Orat.
835 1010 902 1059 13.
949 1011 1144 1070 efispal·
1178 1021 1186 1024 “

307 1073 431 1130 ding.
459 1072 515 1115 ad
548 1069 709 1127 Quint.
733 1070 806 1119 lX,
830 1068 873 1119 4,
899 1069 969 1117 52.
1030 1069 1063 1112 l.
1088 1070 1143 1114 H.

307 1129 445 1174 Voss.
467 1130 513 1172 in
541 1129 687 1176 libro:
733 1126 804 1170 die
833 1127 1146 1186 Zeitmessung

307 1189 388 1232 der
411 1187 456 1231 d.
477 1187 582 1245 Spr.
605 1202 650 1245 p.
671 1183 769 1228 249.
794 1183 895 1229 250.
922 1193 964 1228 et
986 1186 1033 1228 in
1056 1187 1146 1244 epi-

307 1246 420 1290 stola
467 1246 521 1289 ad
565 1245 616 1288 F.
663 1243 717 1288 A.
757 1239 1000 1287 Wolfium
1043 1244 1143 1288 data

306 1303 413 1347 vol.
437 1303 494 1347 11.
525 1299 695 1361 Ρ.-233.

247 1363 470 1407 hiber-ms
485 1393 499 1416 ,
532 1377 626 1404 non
649 1360 882 1414 hybernus
905 1359 994 1404 An.
1015 1360 1056 1412 2,
1070 1359 1142 1404 57.

248 1422 320 1464 hie:
356 1418 518 1477 duplex
545 1418 601 1462 Η.
627 1419 670 1471 4,
703 1416 773 1460 55.
833 1418 906 1459 hic
936 1421 1014 1459 ille
1048 1418 1141 1462 An.

307 1478 374 1528 14,
400 1480 467 1520 12.
517 1476 589 1519 hic
611 1476 664 1520 ad
691 1475 908 1518 remotius
931 1476 1140 1530 relatum,

304 1538 382 1579 ille
418 1536 471 1578 ad
508 1535 695 1593 propius
720 1533 808 1577 An.
836 1533 878 1582 2,
900 1533 972 1576 82.
1023 1533 1077 1579 Η.
1100 1536 1143 1583 2,

303 1597 377 1639 77.
439 1594 498 1636 cf.
523 1592 695 1636 Duker.
720 1591 771 1632 ad
795 1589 921 1635 Flor.
952 1592 981 1642 Ι,
1005 1591 1075 1643 26,
1099 1592 1141 1636 7.

304 1654 383 1709 IV,
411 1654 454 1700 2,
478 1652 546 1694 48.
586 1659 629 1694 et
659 1664 772 1705 quos
799 1648 1002 1692 excitavit
1030 1649 1142 1693 Otto

305 1714 360 1756 ad
398 1710 494 1754 Cic.
532 1710 586 1751 de
618 1707 800 1751 Senect.
835 1721 881 1763 p.
920 1705 1013 1749 177.
1070 1709 1145 1750 his

280 1771 334 1815 i.
379 1787 419 1813 e.
453 1775 640 1826 propter
688 1764 796 1807 haec
837 1766 927 1807 An.
971 1765 1036 1815 14,
1072 1767 1143 1809 60.

303 1833 421 1874 haec
446 1842 500 1869 ao
524 1826 590 1867 vel
614 1831 753 1878 atque
777 1823 893 1863 talia
922 1821 976 1865 H.
1006 1826 1042 1872 1,
1070 1825 1138 1867 16.

282 1888 344 1938 -3,
376 1886 446 1927 61.
486 1899 533 1928 v.
575 1896 699 1925 nunc
733 1878 955 1936 imprimis
995 1880 1138 1926 Orell.

302 1944 361 1989 ad
398 1942 494 1986 Cic.
530 1939 661 1983 Orat.
695 1953 740 1994 p.
781 1936 879 1981 133.
939 1941 1052 1981 haec
1100 1948 1144 1982 et

302 2005 390 2045 hos
423 1998 545 2043 conf.
578 1998 667 2039 An.
691 1994 757 2044 15,
783 1995 853 2038 67.
911 1996 964 2038 Η.
991 1996 1030 2047 4,
1053 1997 1143 2047 42.,

301 2059 439 2117 idque
473 2054 727 2112 saepissime
750 2052 797 2093 in
819 2055 882 2094 ad
904 2055 991 2094 hoc
1014 2063 1055 2096 et
1079 2057 1144 2094 ad

298 2119 414 2160 liaeo
437 2114 528 2159 An.
560 2113 627 2163 13,
651 2110 725 2153 31.
770 2110 836 2159 14,
859 2110 931 2151 24.
957 2110 1029 2153 31.
1077 2111 1141 2162 15,

298 2173 342 2218 4.
378 2172 451 2217 38.
503 2170 560 2213 Η.
590 2167 720 2225 1‚48.
781 2169 856 2222 hi,
895 2170 976 2223 qui
1011 2175 1053 2210 et
1087 2169 1134 2223 ii,

299 2233 384 2287 qui
407 2232 490 2273 An.
518 2227 583 2279 13,
608 2226 674 2270 14.
730 2223 790 2270 Η.
819 2226 861 2274 4,
891 2225 963 2269 37.
1025 2224 1134 2268 Cre—

299 2288 498 2333 ben-rima
521 2294 586 2329 est
611 2282 821 2328 confusio
843 2281 963 2324 inter
993 2284 1063 2324 hio
1096 2292 1138 2326 et

300 2349 366 2396 ίε,
412 2348 466 2390 de
502 2356 589 2403 qua
619 2361 659 2383 v.
699 2340 826 2383 Ouo.
859 2340 912 2383 ad
950 2338 1047 2384 Cic.
1083 2340 1137 2383 de

299 2405 404 2450 sen.
441 2421 483 2463 p.
515 2403 558 2445 3.
613 2398 756 2443 Kritz.
805 2397 862 2440 ad
901 2396 1008 2440 Sall.
1040 2397 1138 2442 Cat.

300 2479 344 2522 p.
369 2465 438 2506 11.
481 2458 712 2503 Wunder
743 2455 787 2497 in
819 2454 942 2497 Iahn.
969 2455 1136 2498 Annal.

299 2538 339 2564 a.
358 2520 484 2564 1827.
523 2517 602 2561 111.
626 2515 710 2558 fle.
739 2529 784 2571 p.
805 2513 899 2557 174.
928 2522 971 2555 et
993 2512 1134 2557 Beier.

298 2580 355 2622 ad
380 2578 477 2623 Cic.
502 2573 622 2620 Lael.
648 2589 688 2616 c.
711 2571 788 2625 22,
810 2570 882 2614 82.
943 2569 1020 2626 Sic
1051 2573 1141 2613 hae

298 2645 343 2680 et
377 2651 459 2679 eae
495 2637 580 2676 An.
608 2630 677 2684 11,
699 2629 771 2673 26.
831 2629 883 2671 hi
913 2637 956 2670 et
990 2628 1027 2669 ii
1048 2630 1138 2672 An.

302 2699 339 2746 1,
363 2695 436 2738 22.
459 2693 528 2735 28.
564 2690 631 2743 13,
653 2688 724 2732 43.
755 2685 809 2730 Η.
838 2687 880 2740 3,
907 2686 976 2728 82.
1009 2684 1138 2729 Orat.

300 2752 372 2798 33.
431 2752 504 2810 hjs
537 2755 580 2790 et
614 2749 668 2789 iis
698 2745 788 2788 An.
814 2744 855 2790 2.
881 2745 953 2787 20.
977 2743 1046 2788 38.
1068 2742 1137 2785 43.

301 2812 370 2855 50.
404 2811 472 2857 11,
498 2807 540 2850 5.
569 2804 638 2849 17.
674 2804 742 2856 12,
761 2802 802 2845 6.
837 2802 904 2861 13,
930 2802 969 2844 1.
994 2801 1035 2845 3.
1066 2801 1135 2844 28.

298 2870 370 2914 38.
395 2869 466 2910 42.
493 2865 563 2908 55.
598 2862 667 2916 14,
694 2861 765 2902 22.
792 2860 862 2903 33.
886 2859 955 2903 39.
982 2860 1049 2902 50.
1066 2859 1135 2913 53,

300 2916 368 2979 15,
395 2925 460 2968 14.
492 2922 562 2966 59.
607 2919 764 2963 Germ.
791 2916 860 2961 25.
906 2916 1034 2960 Orat.
1066 2916 1133 2958 14.

295 2988 369 3029 22.
394 2982 465 3026 31.
503 2983 552 3023 hi
575 2987 618 3021 et
641 2979 692 3020 in
723 2974 846 3018 conf.
875 2973 1032 3018 Germ.
1060 2975 1133 3016 20.

295 3040 572 3088 huiusmodi
590 3043 632 3078 et
665 3035 896 3077 eiusmodi
923 3032 1048 3075 conf.
1076 3032 1132 3075 H.

298 3105 338 3157 1,
363 3089 434 3144 86.
494 3095 633 3139 huius
663 3101 706 3135 et
737 3093 974 3133 humanus
1009 3090 1132 3134 conf.

295 3161 456 3204 Germ.
495 3155 539 3198 9.
613 3152 792 3193 hisdem
835 3164 918 3205 pro
964 3149 1134 3190 iisdem

294 3217 389 3262 An.
416 3215 483 3269 12,
508 3211 580 3257 27,

240 3280 389 3322 hiems
411 3272 500 3315 Αη.
530 3270 598 3323 12,
623 3265 694 3309 31.

238 3337 585 3378 Hierocaesarea
607 3325 691 3367 Aa.
713 3322 754 3372 2,
777 3321 847 3363 47.

236 3388 552 3444 Hierosolyma
578 3382 632 3423 H.
662 3382 704 3430 5,
728 3382 767 3421 2.
796 3381 867 3421 10.

233 3454 335 3495 hinc
361 3447 450 3490 An.
481 3445 544 3492 11,
569 3441 636 3481 17.
672 3439 736 3488 12,
768 3440 831 3480 10.
865 3436 931 3488 13,
960 3436 1026 3480 14.
1063 3435 1129 3491 15,

297 3509 362 3550 11.
405 3501 564 3546 Germ,
591 3496 667 3539 44.

232 3566 367 3608 hirta
390 3568 502 3613 toga
525 3556 653 3599 Orat.
679 3553 752 3596 26.

231 3619 470 3679 Hispania3
500 3613 612 3658 bella
632 3609 693 3653 ibi
719 3617 837 3667 gesta
863 3611 950 3652 An.
974 3607 1128 3656 15,13.

581 248 883 313 INDEX
955 206 1825 353 ΑΒΞῙΟΤΑΤωΝυΜ.
1863 296 1865 298 -

1223 381 1465 438 mum.
1507 386 1569 433 ab
1600 372 2114 439 mammam...

1240 477 1243 480 .
1281 439 1448 511 vocis-“¹⁸
1473 445 1621 500 ¹waef·
1645 461 1694 504 p·
1716 444 1847 494 X¹¹¹r
1942 498 1946 504 Α

1219 497 1526 546 muraenulis
1541 501 1671 549 Orat.
1696 502 1770 549 26.
1789 503 1864 550 29.

1219 556 1472 602 hisu‘iones
1493 558 1580 603 An.
1603 557 1736 610 1,·54.
1802 599 1803 602 ,
1923 592 1948 613 ,,

1219 615 1450 670 hodieque.
1468 613 1626 662 Germ.
1648 617 1691 662 3.
1738 617 1964 671 Oratha

1218 673 1430 719 homines
1449 680 1492 718 et
1513 689 1676 720 omma
1696 674 1818 729 cous.
1843 676 1972 722 Orat.
1994 677 2037 722 8.
2129 687 2131 696 ‘

1218 731 1367 773 honor·
1404 729 1435 776 ἰ.
1477 745 1521 789 q.
1567 733 1770 787 decus„⁴
1785 743 2107 782 ornamentum

1279 786 1434 851 Germ.
1457 789 1499 832 5.
1528 789 1640 846 Agr.
1663 789 1706 834 6.

1216 843 1508 947 Htgrgleonius
1533 845 1589 891 Η.
1612 849 1653 897 l.
1674 848 1748 895 52.
1783 847 1830 900 4,
1852 849 1923 896 l&
1949 852 2109 899 18..27.

1214 962 1442 1006 hordeum
1463 958 1621 1007 Germ.
1645 963 1717 1008 28.
1822 1001 1826 1006 .

1213 1020 1402 1063 hortari
1415 1020 1596 1075 aliquid
1620 1021 1707 1066 An.
1735 1022 1803 1075 11,
1824 1021 1868 1066 3.
1926 1021 2109 1070 cema-

1273 1085 1370 1119 nut.
1400 1075 1453 1118 ad
1479 1075 1573 1122 Cic.
1595 1093 1664 1136 ep.
1691 1080 1744 1122 ad
1772 1080 1904 1127 Attio.
1922 1079 2106 1133 V11,14.

1275 1132 1484 1179 Gronov.
1542 1134 1597 1181 ad
1655 1135 1815 1183 senec..
1870 1137 1955 1197 Ep.
2010 1141 2106 1186 121.

1272 1191 1425 1236 Heius.
1458 1191 1513 1236 ad
1546 1191 1682 1239 Ovid.
1707 1193 1891 1239 Heroid.
1916 1196 1984 1244 19.
2009 1198 2105 1243 187.

1268 1252 1389 1293 hort.
1427 1259 1469 1294 et
1502 1265 1644 1295 orare
1677 1251 1808 1295 cons..
1836 1253 1928 1303 Aa.
1962 1254 2030 1309 12,
2062 1257 2107 1301 9.

1271 1307 1334 1352 cf.
1365 1307 1599 1367 Spalding.
1639 1309 1693 1353 ad
1729 1308 1892 1365 Quint.
1927 1312 2032 1359 Vol.
2072 1314 2107 1358 Ι.

1273 1381 1320 1422 p.
1358 1367 1455 1411 596.
1515 1369 1707 1410 hortatu
1740 1368 1832 1415 An.
1870 1368 1910 1420 1,
1943 1368 1987 1414 3.
2046 1370 2108 1416 cf.

1272 1423 1596 1482 Stuerenburg.
1651 1423 1707 1467 ad
1754 1423 1850 1470 Cic.
1902 1442 1972 1470 or.
2024 1446 2106 1487 pro

1275 1480 1407 1525 Arch.
1436 1498 1479 1539 p.
1503 1481 1575 1525 27.
1603 1482 1675 1527 28.

1214 1538 1451 1583 Hortensia
1477 1554 1585 1597 gens
1610 1540 1700 1583 An.
1722 1540 1766 1590 2,
1791 1539 1862 1585 37.

1216 1599 1375 1639 hortus
1419 1597 1633 1640 scribitur
1680 1604 1810 1640 ortus
1842 1597 2001 1643 Germ.
2034 1604 2106 1646 26.

1270 1654 1389 1698 horti
1414 1654 1647 1697 Serviliani
1670 1654 1759 1697 An.
1786 1655 1855 1704 15,
1877 1656 1948 1700 55.
1988 1657 2105 1702 horti

1273 1712 1389 1769 apud
1415 1710 1645 1755 Romanos
1672 1712 1931 1769 rigabantur
1946 1714 2104 1761 Germ.

1268 1771 1340 1813 26.
1379 1786 1422 1815 v.
1447 1786 1481 1814 s.
1510 1771 1854 1815 Sallustianus..

1212 1829 1397 1872 hostilis
1419 1828 1528 1884 Agr.
1550 1828 1620 1870 25.

1213 1888 1355 1930 hostis
1387 1885 1442 1929 de
1473 1884 1670 1929 hostium
1697 1895 1813 1931 terra
1841 1887 1933 1932 An.
1957 1889 1998 1940 2,
2018 1889 2105 1943 25,

1273 1944 1327 1986 de
1355 1942 1459 2000 ipsis
1484 1943 1703 1987 Romanis
1724 1944 1836 2001 Agr.
1862 1944 1932 1991 36.

1214 2004 1303 2043 huc
1328 2003 1437 2043 illuc
1458 2001 1513 2044 H.
1545 2004 1581 2051 1,
1605 2003 1662 2042 40
1715 2002 1756 2054 3,
1779 2002 1852 2048 30.
1909 2002 1968 2049 cf.
1989 2003 2104 2048 Dra·

1271 2058 1404 2101 kenb.
1441 2059 1493 2100 ad
1527 2058 1624 2102 Liv.
1661 2058 1757 2110 Vn,
1790 2059 1864 2104 34.
1930 2062 2105 2117 hucque

1268 2123 1313 2157 et
1344 2118 1449 2158 illuc
1481 2115 1573 2158 An.
1610 2114 1676 2167 13,
1705 2115 1775 2160 37.
1835 2119 1922 2160 huc
1957 2133 2104 2175 usque

1266 2173 1354 2216 An.
1388 2173 1452 2223 15,
1475 2171 1546 2214 54.
1793 2195 1802 2198 ’-

1207 2231 1452 2272 humanus
1485 2237 1527 2272 et
1559 2231 1699 2274 huius
1728 2232 1851 2278 conf.
1877 2231 2038 2276 Germ.
2057 2233 2100 2278 9.

1265 2288 1466 2330 humani
1475 2287 1538 2329 *de
1559 2286 1820 2333 hominibus
1845 2290 1934 2337 An.
1951 2291 2017 2343 16,
2029 2292 2102 2336 25.

1207 2343 1457 2402 Hyperides
1482 2343 1609 2387 Orat.
1640 2347 1710 2392 16.

1208 2401 1400 2462 Hyphen
1425 2401 1555 2446 Orat.
1576 2403 1663 2447 29.-

1631 2560 1677 2622 Ι.

1210 2687 1288 2729 iet
1311 2702 1335 2730 e
1363 2685 1487 2730 conf.
1515 2686 1601 2728 An.
1628 2685 1694 2737 15,
1716 2685 1788 2731 68.

1211 2743 1364 2788 iacere
1391 2745 1420 2787 i.
1447 2761 1490 2801 q.
1513 2745 1802 2795 struere'Au.
1831 2745 1868 2795 1,
1892 2744 1964 2789 69.
2025 2746 2098 2787 ιά-

1270 2817 1373 2844 cere
1397 2802 1571 2857 foedus
1604 2802 1692 2846 An.
1715 2801 1797 2856 11,
1825 2802 1870 2845 4.
1929 2803 2023 2846 iaci
2055 2811 2097 2845 et

1264 2861 1438 2902 iactari
1475 2859 1564 2902 An.
1602 2861 1668 2908 11,
1712 2858 1782 2903 18.
1849 2858 1973 2916 co'nf.
2023 2861 2095 2903 ie-

1264 2925 1429 2960 cerunt
1451 2924 1493 2959 et
1515 2918 1690 2960 inerant
1713 2917 1801 2966 An.
1831 2918 1907 2968 12,
1916 2917 1991 2961 62.

1206 2975 1353 3018 iactus
1363 2975 1628 3031 fulminum
1655 2973 1710 3017 H.
1738 2974 1781 3024 5,
1796 2974 1839 3018 7.
1872 2973 1933 3019 cf.
1949 2975 2093 3022 Beier.

1262 3032 1315 3075 ad
1342 3033 1436 3076 Cic.
1464 3040 1575 3074 orat.
1603 3033 1689 3090 profi
1708 3030 1860 3075 Tullio
1887 3048 1931 3089 p.
1952 3031 2024 3076 48.
2053 3048 2092 3075 a.

1203 3091 1302 3132 iam
1322 3088 1650 3133 adseverationi
1673 3088 1871 3140 inservit,
1895 3098 1942 3136 ut
1965 3105 2094 3141 sane,

1255 3147 1462 3201 profecto
1510 3145 1601 3189 An.
1639 3148 1680 3196 1,
1709 3147 1781 3193 21.
1833 3146 1889 3191 Η.
1943 3149 1979 3199 1,
2022 3147 2097 3191 13.”

1261 3203 1493 3248 transitum
1524 3202 1630 3260 facit
1661 3203 1716 3247 ad
1751 3204 2093 3262 explicationem

1263 3259 1586 3305 accuratiorem
1621 3263 1710 3305 An.
1738 3262 1804 3316 14,
1827 3261 1900 3310 32.
1933 3263 1998 3314 15,
2020 3263 2092 3309 41.

1263 3318 1320 3361 cf.
1343 3317 1581 3363 Heindorf.
1604 3319 1655 3362 ad
1683 3318 1777 3364 Cic.
1803 3319 1864 3363 N..
1885 3318 1944 3362 D.
1969 3319 2000 3375 l,
2023 3320 2092 3369 12,

1261 3375 1332 3420 30.
1390 3375 1534 3418 Beier.
1577 3378 1629 3420 ad
1671 3375 1761 3420 Off.
1799 3377 1873 3427 lu,
1900 3377 1981 3432 21,
2017 3378 2089 3421 84.

1262 3449 1304 3491 p.
1327 3432 1423 3476 343.
1458 3432 1652 3479 Ellendt.
1679 3433 1730 3476 ad
1758 3433 1882 3478 Brut.
1907 3432 2090 3484 43,159.

1291 3490 1506 3532 vadationi
1533 3490 1717 3535 inservit
1742 3489 1871 3535 Orat.
1897 3491 1969 3535 28.
2031 3492 2088 3535 cf.

1300 3547 1406 3590 eier.
1433 3549 1486 3591 ad
1507 3548 1600 3591 Cic.
1620 3548 1711 3592 Off.
1732 3547 1845 3599 mo,
1867 3549 1939 3595 82.
1966 3565 2007 3607 p.
2020 3549 2088 3592 74.

1261 3606 1504 3662 opponitur
1539 3605 1744 3662 particul.
1775 3608 1884 3649 dein
1922 3607 2011 3650 An.
2043 3607 2086 3655 4,
