2150 4022
241 316 366 374 276

747 310 871 371 DE
928 292 1618 374 ORATomBUs·

243 457 403 502 ratus
429 453 515 513 est
537 442 651 511 sic,
690 441 857 517 quasi
881 439 1233 516 Augustum.
1316 441 1406 500 Ne
1431 442 1647 506 nostris
1669 440 2097 522 quide-mter»-¹

241 529 483 606 poribus
507 525 814 584 Secundus
837 525 1205 602 Pomponius
1217 523 1366 589 Afro
1388 526 1652 586 Domitio
1677 527 1772 584 vel
1799 526 2083 600 dignitate

241 615 395 671 vitae
423 612 518 668 vel
543 611 929 687 perpetuitate
971 614 1156 669 famae
1195 613 1446 672 cesserit.
1517 633 1672 681 ,nam
1699 610 1942 687 Crispus
1973 611 2082 669 iste

243 709 298 755 et
326 695 676 765 Marcellus,
729 698 802 753 ad
838 712 1092 775 quorum
1130 698 1389 772 exempla
1416 717 1510 753 me
1536 715 1743 767 vocaS,
1797 697 1943 773 quid
1972 692 2082 755 ha-

236 785 380 841 hent
406 782 471 838 in
498 777 607 836 hac
635 801 738 838 sua
773 781 1012 839 fortuna
1051 783 1622 857 concupiscendum?
1674 783 1835 860 quod
1873 782 2079 840 timent

236 889 313 924 an
339 867 500 944 quod
529 866 851 924 timentur?
905 868 1095 943 quod,
1140 888 1272 925 cum
1299 867 1562 945 quotidie
1601 867 1827 945 aliquid
1863 886 2080 941 rogen-

232 1057 302 1103 vel
327 1055 603 1113 optimorum
625 1054 899 1112 scriptorum
923 1054 1118 1112 exempla

233 1113 423 1160 collecta
462 1112 549 1155 sint
564 1145 576 1164 ‚
626 1129 825 1170 quorum
865 1128 887 1154 e
926 1128 1118 1156 numero

232 1187 282 1214 ea
297 1179 470 1214 tantum
487 1169 760 1227 seiungenda
774 1177 889 1219 sunt,
911 1185 1025 1227 quae
1041 1184 1120 1227 per

232 1227 548 1286 Anadiplosim
568 1226 738 1270 rectius
762 1225 1057 1284 explicantur.

286 1343 525 1389 Secundus
549 1339 849 1395 Pomponius.
906 1340 982 1384 Est
1004 1341 1040 1384 is
1063 1342 1117 1386 L.

228 1400 510 1458 Pomponius
557 1398 789 1441 Secundus
841 1398 1116 1457 (cognomen

227 1458 272 1502 h.
297 1459 327 1501 l.
357 1454 533 1499 nomini
566 1454 884 1512 praepositum.
933 1455 996 1504 cf.
1021 1464 1115 1499 not.

229 1515 285 1559 ad
321 1531 364 1558 c.
398 1515 437 1557 1.
474 1520 516 1555 et
547 1513 690 1555 Kritz,
725 1511 902 1555 Sallust.
940 1511 1041 1554 Vol.
1082 1512 1116 1555 1.

226 1571 370 1632 praef.
401 1569 618 1629 p.XX11.)
637 1602 648 1624 ,
684 1568 1116 1626 quemQuint.lnst.

227 1645 297 1673 or.
335 1630 402 1684 10,
443 1629 482 1682 1,
516 1627 587 1670 98.
631 1643 789 1670 eorum
836 1626 1113 1684 tragicorum

224 1694 486 1745 poetarum,
520 1700 633 1742 quos
655 1685 748 1743 ipse
771 1683 949 1734 viderit,
981 1684 1116 1741 longe

225 1742 475 1804 principem
500 1740 712 1801 appellat,
754 1740 832 1784 sed
859 1757 986 1784 senes
1012 1757 1113 1784 eum

224 1817 382 1861 parum
408 1800 628 1858 tragicum
650 1807 823 1857 putasse
848 1799 986 1841 addit.
1042 1797 1114 1841 De

227 1859 317 1905 vita
349 1857 442 1900 eius
477 1859 590 1901 duos
623 1856 762 1899 libros
787 1855 983 1898 Plinium
1016 1871 1112 1897 ma-

224 1918 369 1960 iorem
390 1913 643 1971 scripsisse,
684 1916 944 1956 memoriae
973 1913 1117 1955 amici

224 1973 366 2024 quasi
379 1973 583 2015 debitum
603 1986 771 2013 munus
784 2003 796 2025 ,
831 1979 980 2012 narrat
995 1969 1114 2014 Plin.

222 2027 308 2089 Ep.
333 2030 376 2078 3,
403 2029 443 2078 5,
471 2029 514 2072 3.
576 2026 687 2070 Vide
711 2027 910 2084 Lipsium
939 2027 992 2070 ad
1020 2027 1113 2070 Ta-

219 2088 298 2133 cit.
326 2087 414 2130 An.
444 2089 510 2137 11,
534 2085 601 2130 13.
662 2085 811 2127 Maffei
838 2085 1017 2128 Verona
1054 2084 1111 2126 il-

222 2145 406 2189 lustrata
429 2143 482 2187 il.
515 2160 562 2201 p.
577 2141 642 2185 13.
704 2141 891 2184 Gesner.
915 2141 966 2182 ad
992 2141 1108 2184 Plin.

222 2201 304 2261 Ep.
344 2200 375 2246 l.
410 2201 439 2243 l.
469 2210 518 2243 ·et
552 2199 733 2256 Spaldiu
769 2229 780 2242 .
821 2199 875 2241 ad
914 2197 1109 2254 Quintil.

224 2260 334 2304 lnst.
357 2274 425 2303 or.
448 2257 502 2301 T.
525 2255 604 2300 ul.
643 2264 687 2315 p.
712 2215 811 2299 255.

277 2371 396 2431 Afro
428 2371 659 2416 Domitio.
717 2368 834 2412 Edd.
858 2366 978 2426 Spir.
1004 2368 1109 2413 Put.

221 2430 321 2475 Riv.
368 2429 573 2476 Beroald.
618 2425 717 2471 Ale.
760 2428 934 2482 Aphro.
1006 2425 1109 2469 Fuit

221 2487 453 2532 Domitius
466 2484 589 2536 Afer,
611 2483 945 2535 Nemausensis,
975 2482 1108 2540 longe

220 2545 450 2595 omnium,
483 2559 596 2601 quos
618 2540 904 2599 Quintiliano
933 2556 1105 2598 cogno-

221 2620 346 2647 scere
407 2600 619 2658 contigit,
689 2614 893 2642 summus
953 2606 1109 2641 orator

221 2654 350 2716 (inst.
374 2676 441 2703 or.
468 2657 717 2711 12,11‚3.)‚
748 2654 955 2713 idemque
977 2663 1107 2697 testa·

222 2726 296 2761 tur
339 2719 406 2768 10,
449 2718 487 2771 L,
534 2716 659 2758 118.:
726 2713 931 2760 Eorum,
994 2726 1108 2767 quos

219 2776 412 2818 viderim
428 2806 440 2828 ,
482 2772 721 2816 Domitius
742 2769 858 2825 Aser
886 2777 932 2811 et
958 2769 1106 2811 Iulius

219 2832 472 2887 Africanus
513 2833 646 2886 longe
683 2827 1108 2882 praestantissimi.

219 2891 342 2932 Arce
379 2890 457 2930 ille
496 2896 539 2930 et
579 2896 675 2930 toto
717 2899 886 2940 genere
927 2883 1110 2926 dicendi

216 2945 555 3001 praeferendus
589 2951 635 2987 et
668 2958 802 2999 quem
835 2943 882 2984 in
905 2954 1106 2983 numero

218 3009 430 3046 veterum
445 3006 600 3044 locare
613 3016 708 3044 non
724 3001 907 3043 timeas.
937 2997 976 3040 Is
997 3014 1103 3042 vero

218 3061 516 3114 capessendis
581 3057 947 3101 accusationibus
1016 3061 1103 3098 aut

218 3131 323 3161 reos
344 3119 542 3159 tutando
561 3115 857 3171 prosperiore
880 3115 1098 3167 eloquen-

219 3176 314 3218 tiae
343 3189 484 3229 quam
514 3188 702 3215 morum
719 3172 866 3228 sama
883 3170 1006 3226 suit,
1053 3176 1100 3210 ut

218 3231 278 3274 ait
308 3230 451 3275 Tacit.
480 3231 566 3272 An.
592 3229 633 3281 4,
656 3230 749 3278 52„
790 3227 1099 3286 imprimisque

214 3288 487 3346 Agrippinae
508 3287 790 3330 accusatione
813 3301 852 3328 a.
878 3301 918 3327 u.
940 3300 981 3326 c.
997 3283 1095 3325 779.

216 3346 336 3389 inter
363 3352 561 3388 oratores
595 3342 816 3386 inclaruit.
886 3341 1096 3393 Mortuus

215 3407 281 3447 est
311 3403 393 3445 sub
415 3402 595 3445 Nerone
626 3417 666 3443 a.
691 3416 734 3442 u.
760 3416 799 3442 c.
825 3399 948 3448 812„
989 3405 1099 3440 teste

215 3458 373 3503 Tacito
397 3459 490 3503 An.
519 3459 582 3509 14,
605 3457 696 3511 19„
729 3456 812 3498 cibi
830 3457 1097 3498 redundan-

217 3519 286 3558 tia
314 3520 365 3558 in
399 3528 569 3570 coena,
607 3523 657 3557 ut
689 3513 991 3571 Hieronymus
1023 3527 1095 3554 re·

216 3574 301 3616 fert
331 3575 377 3616 in
410 3572 576 3616 Chron.
599 3572 760 3614 Enseh.
796 3587 837 3626 p.
867 3571 962 3613 160.
1021 3568 1093 3611 Cf.

213 3629 445 3688 Spalding.
475 3631 531 3674 ad
564 3629 726 3687 Quint.
759 3626 812 3672 T.
843 3626 895 3671 ll.
929 3643 969 3684 p.
997 3627 1091 3675 194.

1191 1062 1234 1098 et
1257 1053 1314 1099 A.
1338 1053 1604 1099 Weichert.
1626 1054 1775 1098 Poett.
1796 1054 1889 1098 latt.
1914 1052 2077 1112 reliqu.

1190 1128 1235 1172 p.
1254 1112 1354 1156 246.
1375 1129 1444 1172 sq.

1250 1228 1440 1282 Crispus
1475 1227 1561 1270 iste
1595 1233 1650 1273 et,
1671 1224 1942 1270 Marcellus.
2001 1225 2079 1270 Sic

1189 1300 1212 1327 e
1249 1285 1351 1328 MS.
1373 1284 1513 1341 Neap.
1546 1283 1837 1328 scribendum
1870 1282 1972 1326 duxi
2010 1285 2078 1339 [ut

1187 1336 1376 1386 Bekker.
1418 1349 1462 1385 et
1495 1341 1716 1386 Boettich.
1758 1356 1783 1385 e
1819 1340 1923 1386 cod.
1960 1339 2076 1384 Far-

1189 1405 1328 1454 nes.].

1245 1513 1294 1557 in'
1308 1515 1395 1556 hac
1407 1528 1492 1557 sua
1500 1511 1726 1568 fortuna.
1756 1512 1858 1556 Hoc
1871 1520 2009 1556 exstat
2025 1511 2074 1555 in

1186 1570 1321 1615 MSS.
1341 1569 1483 1628 Neap.
1522 1579 1564 1613 et
1584 1568 1759 1614 Vaticc.
1779 1603 1792 1621 ‚
1830 1585 1880 1612 ex
1912 1568 2075 1630 quibus

1186 1628 1393 1672 Broterio
1438 1628 1653 1684 probante
1695 1625 1938 1672 lectionem
1972 1626 2076 1686 pri-

1186 1701 1286 1728 mus
1311 1684 1478 1743 recepit
1497 1683 1753 1734 Ernestius‚
1795 1683 1869 1728 cui
1893 1685 2072 1728 obtem-

1185 1749 1399 1799 perarunt
1428 1741 1530 1786 edd.
1554 1757 1652 1799 sqq.
1686 1748 1858 1799 praeter
1880 1741 2072 1786 Seebod.

1185 1799 1326 1843 Orell.
1351 1804 1412 1853 [et
1436 1799 1658 1857 Rupert.].
1718 1798 1775 1842 tis
1794 1814 1905 1845 vero
1936 1799 2074 1843 satius

1185 1857 1420 1901 videbatur
1449 1872 1627 1899 servare
1661 1858 1866 1901 omnium
1895 1867 2075 1902 antece-

1186 1914 1387 1957 dentium
1422 1913 1639 1956 librorum
1678 1914 1974 1974 scripturam=
2025 1916 2074 1958 in

1183 1973 1268 2014 hac
1289 1973 1534 2026 praesenti
1546 1971 1772 2026 fortuna,
1811 1972 2071 2030 praesertim

1185 2044 1323 2086 quum
1342 2028 1524 2071 Farnes.
1542 2027 1644 2071 cod.
1660 2028 1702 2070 id
1728 2027 1894 2072 firmari
1917 2029 2071 2087 opina·

1182 2093 1352 2129 rentur.
1420 2084 1507 2128 Sed
1541 2083 1711 2142 Lipsius
1746 2093 1887 2141 tanen
1923 2094 1968 2130 et
2001 2101 2071 2130 ve-

1182 2158 1286 2185 rum
1337 2149 1424 2192 est,
1486 2143 1606 2198 quod
1654 2140 1828 2188 Ernest.
1880 2144 2071 2196 monuit,

1176 2200 1426 2254 praesenti
1451 2199 1647 2241 otiosum
1680 2214 1799 2250 esse,
1839 2200 1943 2259 quia
1978 2204 2070 2246 hae

1183 2256 1380 2300 eiusdem
1406 2255 1674 2313 significatus
1698 2257 1768 2300 sit.

1231 2358 1362 2427 ‘quod
1421 2372 1605 2413 timent.
1695 2369 1748 2414 ln
1802 2369 1903 2415 edd.
1953 2377 2066 2418 vest.

1180 2428 1414 2479 omnibus,
1443 2426 1545 2470 dein
1568 2426 1614 2468 in
1639 2427 1742 2471 edd.
1765 2427 1883 2487 Lips.
1908 2436 1950 2472 et
1971 2445 1990 2472 s
2024 2445 2069 2488 q.

1179 2485 1234 2528 ad
1260 2485 1435 2528 Broter.
1465 2499 1608 2541 usque
1631 2494 1672 2527 et
1698 2485 1743 2527 in
1768 2484 2005 2531 edd.Sehu
2026 2502 2066 2532 z.
2123 2532 2125 2534 ,

1179 2539 1369 2586 Seebod.
1386 2541 1902 2600 Liinemann.[Rupert.‚
1924 2542 2064 2587 sedin

1178 2614 1280 2699 {312¹
1285 2599 1584 2699 ‘'Shiisecssss'p
1590 2598 1689 2698 ἶῗὲἰ
1702 2598 2067 2702 ἒὲιῗ.’]ῑὲ”.ἕῖἶ”

1177 2713 1292 2757 tiatis
1326 2711 1584 2757 dubitativis
1613 2728 1678 2754 an
1709 2713 1932 2758 secundae
1964 2727 2062 2760 ora·

1176 2770 1310 2814 tionis
1351 2769 1463 2828 parti
1507 2769 1720 2828 praeponi
1761 2769 1926 2824 soleat,
1974 2772 2060 2816 du-

1176 2828 1362 2886 plexque
1385 2841 1448 2869 an
1472 2827 1579 2884 poni
1606 2843 1761 2885 posse,
1797 2829 2062 2886 negaverint

1176 2884 1308 2927 etiam
1341 2883 1575 2941 permulti,
1620 2884 1735 2927 inter
1766 2899 1880 2943 quos
1907 2885 2061 2930 Ruhn-

1176 2941 1275 2984 ken.
1309 2941 1363 2983 ad
1389 2940 1559 2983 Muret.
1585 2939 1637 2983 T.
1664 2940 1719 2982 Π.
1788 2975 1797 2984 .
1825 2939 1926 2988 742.
1959 2945 2058 2996 [sed

1175 3013 1406 3059 perperam
1423 2997 1499 3041 illi.
1517 2996 1576 3041 cf.
1592 2957 1935 3059 Handlfursell.
1948 2998 2003 3046 Τ.
2019 3002 2057 3048 1.

1174 3071 1221 3113 p.
1273 3054 1367 3098 107.
1384 3055 1538 3110 —9.]‚
1601 3062 1642 3098 et
1691 3072 1795 3100 cum
1869 3057 2055 3103 articula

1172 3111 1334 3155 omissa
1357 3111 1412 3154 sit
1433 3111 1479 3154 in
1506 3112 1634 3157 MSS.
1651 3111 1787 3172 Neap.
1813 3115 1832 3165 [
1871 3120 1991 3170 arn-J
2012 3123 2055 3158 et

1170 3168 1365 3220 Vaticc.,
1394 3169 1558 3225 rectius
1581 3186 1676 3213 eam
1701 3170 1920 3216 deleveris
1947 3187 2053 3216 cum

1168 3226 1345 3268 Broter.
1390 3225 1597 3270 Oberlin.
1645 3226 1829 3272 Bekker.
1870 3228 2052 3277 Dronk.

1169 3283 1336 3326 Osann.
1350 3282 1495 3328 Orell.
1518 3282 1728 3334 [Bekker.
1751 3284 1856 3330 edit.
1875 3300 1985 3329 nov.
2008 3295 2052 3330 et

1168 3340 1476 3396 Boetticber.].
1545 3341 1631 3383 Sed
1659 3341 1847 3385 alterum
1868 3358 1932 3386 an
1952 3343 2051 3387 eiici

1166 3397 1340 3443 Ernest.
1362 3397 1547 3441 malebat
1561 3428 1575 3447 ‚
1605 3398 1876 3444 adsentiente
1895 3396 2050 3446 Schul-

1167 3454 1261 3506 zio,
1293 3453 1421 3498 nulla
1444 3471 1574 3499 causa
1599 3455 1778 3500 idonea.

1221 3569 1409 3624 aliquid.
1470 3568 1603 3615 MSS.
1623 3567 1764 3628 Neap.
1789 3569 1971 3626 [Γαῖα]
2003 3577 2047 3616 et

1167 3626 1236 3670 ed.
1261 3625 1379 3685 Spir.
1403 3627 1561 3684 aliqui.
2024 3654 2030 3657 ·
