2150 4022
373 254 669 317 INDEX
740 243 1591 335 ADNO‘TATIONUM.
1787 253 1909 313 471

108 384 177 433 16,
199 383 272 427 28.
331 384 392 427 cf.
428 380 570 426 Beck.
609 379 663 423 ad
692 379 791 424 cic.
829 387 944 423 orat.

105 442 237 486 Catil.
260 441 296 490 l,
317 441 359 492 6,
384 441 451 484 14.
494 438 642 482 Beier.
665 439 719 481 ad
745 435 847 482 Cic.
872 453 944 480 or.

102 515 188 559 pro
214 499 282 541 M.
305 497 460 542 Tullio
483 513 527 555 p.
553 496 620 540 15.
643 511 709 552 sq.

46 558 382 601 suovetaurilia
407 559 494 599 An.
517 555 558 606 6,
582 554 653 598 37.
700 551 756 595 H.
791 550 833 603 4,
867 550 940 596 53.

104 612 165 659 cf.
189 612 419 671 Spalding.
442 613 497 656 ad
522 611 684 668 Quint.
711 611 746 666 l,
779 611 812 662 1,
838 609 911 652 67.

44 672 325 722 supellectile
350 670 477 715 Orat.
501 673 575 714 22.

46 743 187 784 super
217 731 301 774 An.
327 727 370 781 3,
397 728 464 772 17.
507 727 561 772 H.
595 730 634 783 1,
665 726 734 769 51.
780 723 938 769 Germ.

100 785 173 830 31.
234 802 340 830 eum
372 786 609 831 accusativ.
646 787 731 827 An.
767 784 836 837 13,
864 782 938 826 57.

106 844 173 896 15,
197 842 268 887 52.
312 845 340 888 i.
409 877 416 884 .
450 851 647 894 praeter
683 844 766 884 An.
794 840 837 894 3,
866 839 938 884 63.

99 902 147 945 in
171 909 383 960 anastrop
419 918 440 944 e
463 902 660 960 positum
687 903 772 942 An.
796 899 838 946 6,
861 898 935 940 35.

100 959 157 1004 H.
183 958 224 1010 3,
252 960 325 1004 26.
385 959 507 1003 conf.
539 975 646 1003 eum
682 959 935 1001 secundum

100 1016 157 1059 H.
183 1017 225 1068 4,
243 1015 314 1060 53.
354 1033 462 1062 cum
485 1031 631 1071 supra
653 1016 744 1059 An.
769 1013 838 1065 16,
864 1013 934 1055 18.

42 1089 270 1127 superare
298 1075 329 1118 i.
356 1091 399 1132 q.
430 1088 669 1128 superesse
698 1076 779 1115 An.
803 1075 841 1121 1,
866 1069 936 1116 17.

42 1133 259 1187 superbia
294 1132 501 1175 Addend.
536 1130 640 1175 Vol.
666 1130 728 1174 ll.
758 1145 804 1187 p.
833 1128 934 1171 462.

42 1204 284 1244 superesse
333 1193 419 1236 An.
467 1189 511 1242 3,
551 1189 627 1234 47.
684 1189 745 1230 H.
789 1190 828 1235 1,
864 1187 933 1229 51.

100 1245 261 1290 Germ.
286 1248 330 1290 6.

41 1306 257 1358 superior
279 1304 515 1347 exercitus
539 1302 594 1347 H.
621 1304 662 1358 1,
693 1301 760 1345 55.

41 1370 310 1416 superstare
348 1362 403 1406 H.
436 1363 478 1412 4,
512 1360 584 1403 23.
645 1360 706 1403 ef.
744 1359 935 1415 Interpr.

100 1417 239 1464 ovid.
253 1420 452 1474 Metam.
474 1419 553 1470 xl,
574 1418 673 1461 552.

39 1484 273 1533 superstes
312 1477 404 1520 An.
440 1477 482 1525 2,
522 1477 596 1522 71.
657 1475 720 1519 cf.
760 1472 935 1517 Duker.

97 1534 154 1577 ad
175 1534 299 1577 Flor.
322 1532 402 1589 IV,
420 1534 462 1583 2,
490 1533 564 1579 51.

36 1593 262 1647 supplicia
287 1594 373 1634 An.
394 1593 437 1647 6,
464 1592 534 1635 19.

38 1663 184 1705 supra
220 1656 266 1691 et
297 1663 439 1704 super
472 1648 596 1692 conf.
631 1647 724 1692 An.
759 1646 828 1698 16,
861 1646 930 1688 18.

62 1704 329 1806 'Spallqlgng
380 1706 436 1751 ad
490 1707 652 1765 Quint.
698 1704 807 1748 Vol.
851 1703 930 1747 ΠΙ.

39 1780 265 1876 sugrema
290 1823 380 1866 An.
407 1824 443 1873 1,
465 1822 509 1866 8.

39 1879 213 1923 Surena
241 1881 329 1924 An.
357 1881 399 1934 6,
426 1880 502 1923 42.

37 1938 231 1990 suspicio
256 1939 343 1980 An.
369 1938 409 1989 6,
431 1939 502 1982 21.
529 1937 599 1980 47.
633 1936 701 1989 12,
723 1935 766 1980 4.
808 1935 863 1978 H.
890 1934 933 1984 2,

55 2012 58 2015 ’
96 1995 169 2041 21.
201 1993 243 2046 3,
266 1995 310 2038 4.
341 1997 408 2038 12.
442 1998 485 2050 4,
509 1995 583 2038 32.

37 2054 406 2095 sustentaculum
430 2053 485 2096 H.
509 2054 552 2102 2,
570 2051 640 2093 28.
723 2057 726 2059 ’

36 2122 152 2208 Ἥ
177 2123 310 2208 “ff-¹¹1·
335 2108 932 2210 23⁵⁵33'³⁵63‘⁰2'³²i32³11¹1'1}’

95 2222 152 2321 {d
174 2221 287 2323 Ηιίιὸ.
310 2200 462 2266 Garm.
489 2222 547 2276 11,
571 2224 642 2274 20,
670 2222 736 2266 13.
790 2237 930 2265 suum

166 2296 202 2322 r.
284 2309 296 2322 .

0 2352 2 2366 f
39 2295 244 2437 syklngsis
275 2339 366 2380 An.
389 2337 432 2389 2,
453 2338 523 2382 20.
544 2337 616 2381 62.
644 2337 689 2389 6,
719 2339 760 2380 1.
816 2337 931 2394 Agr.

39 2467 292 2512 synonyma
329 2453 580 2509 iunguntur
615 2451 671 2494 ad
709 2449 930 2494 orationis

96 2510 187 2552 vim
213 2510 460 2568 augendam
490 2512 575 2551 An.
599 2508 665 2560 15,
685 2510 755 2552 58.
786 2507 930 2551 multa

0 2619 1 2628 ¹
92 2566 606 2682 Eg‘peissssssffiiisssffi
627 2565 930 2680 ‘ixiatffissf'dgss

58 2697 62 2701 ·
98 2681 228 2727 Orat.
250 2681 291 2725 7.
316 2689 359 2726 'et
380 2683 421 2725 9.

156 2743 197 2797 1)
229 2739 532 2784 substantivae
567 2739 792 2783 iactantia
824 2738 926 2791 glo-

209 2798 376 2853 riaque
400 2799 487 2840 An.
513 2799 551 2848 1,
573 2797 646 2848 8.;
681 2796 854 2839 seditio
886 2801 930 2837 et

209 2857 373 2897 turbae
406 2853 494 2897 An.
521 2857 561 2907 1,
589 2854 684 2905 19.;
726 2866 843 2909 opus
874 2867 931 2894 ac

210 2914 342 2955 labor
369 2915 451 2956 An.
480 2913 516 2963 1,
539 2913 639 2964 2Ο.;
671 2913 851 2954 eoelum
876 2924 933 2952 ac

211 2967 299 3011 det
324 2970 414 3012 An.
456 2971 496 3022 l,
537 2970 640 3022 21.;
679 2969 845 3025 fulgor
889 2972 934 3008 et

213 3027 447 3069 claritudo
467 3029 550 3070 An.
571 3029 608 3078 1,
621 3027 692 3070 28.
712 3042 723 3077 ;
754 3026 931 3068 dt'scor-

209 3085 300 3126 diis
339 3084 580 3139 armisque
627 3089 713 3127 An.
753 3085 796 3136 2,
835 3081 935 3132 39.;

214 3142 469 3184 convivium
503 3148 549 3183 et
580 3144 742 3198 epulae
778 3141 864 3182 An.
888 3138 933 3192 3,

212 3200 284 3248 9.;
325 3199 483 3240 odium
509 3207 553 3241 et
576 3199 756 3242 invidia
783 3199 866 3240 An.
890 3197 932 3242 3.

214 3257 308 3306 10.;
363 3258 510 3298 cultus
562 3265 606 3298 et
656 3254 931 3308 munditiae,

213 3314 343 3368 copia
367 3320 413 3354 et
433 3311 716 3366 adfluentia,
741 3325 936 3353 somnus

209 3378 254 3412 et
291 3371 462 3411 inertia
498 3373 581 3412 An.
616 3370 659 3420 3,
686 3369 787 3422 30.;
827 3369 935 3423 vigi·

212 3428 364 3469 lancia
399 3434 442 3468 et
479 3429 638 3469 malae
669 3441 811 3468 curae
851 3429 936 3468 Au.

215 3483 257 3535 3,
278 3483 380 3535 37.;
420 3484 731 3526 conciliabula
765 3491 808 3525 et
831 3498 935 3525 coe-

215 3550 292 3583 tus
338 3545 423 3583 An.
459 3541 502 3592 3,
535 3543 641 3593 40.;
691 3548 855 3582 venter
892 3547 937 3581 et

212 3613 372 3651 ganea
406 3599 494 3642 An.
530 3597 570 3649 3,
602 3598 695 3646 52.;
736 3599 936 3639 vinclum

1193 385 1238 421 et
1292 375 1567 421 necessitas
1601 378 1691 423 An.
1731 377 1776 438 3,
1818 383 1920 439 67.;

1191 436 1426 479 cunctatio
1449 442 1494 477 et
1515 450 1650 479 mora
1672 438 1759 483 An.
1780 440 1822 490 4,
1847 443 1916 489 12.

1191 494 1235 543 6,
1272 493 1381 543 ’48.;
1431 501 1617 548 strages
1660 499 1916 556 caedesque

1191 555 1281 594 An.
1307 553 1374 603 14,
1397 550 1495 602 36.·,
1526 558 1685 594 tractu
1701 560 1747 595 et
1766 557 1912 601 lenti-

1189 611 1348 652 tudine
1375 608 1464 651 An.
1494 610 1562 656 15,
1586 609 1687 662 64.;
1716 618 1914 668 sanguis

1191 674 1237 709 et
1268 667 1367 708 vita
1401 666 1493 708 An.
1526 667 1595 716 16,
1616 665 1713 721 31.;
1755 673 1912 717 obtre-

1185 726 1326 767 ctatio
1380 731 1426 765 et
1475 724 1599 767 livor
1649 725 1705 770 H.
1751 732 1791 782 1,
1837 734 1911 786 1.;

1172 783 1347 837 forma
1386 796 1442 823 ac
1474 785 1639 826 decore
1674 784 1729 829 H.
1770 790 1809 840 l,
1844 791 1912 843 7.;

1182 843 1248 881 ad
1268 842 1619 882 venerationem
1642 845 1912 904 cultumque

1181 896 1241 940 Η.
1264 898 1301 948 1,
1326 899 1422 947 10.;
1453 899 1595 941 verba
1617 914 1673 942 ac
1695 916 1830 949 voces
1853 905 1910 950 H.

1185 957 1224 1005 1,
1249 954 1319 998 18.
1351 955 1394 1005 3,
1419 953 1522 1006 65.;
1564 957 1704 1000 libido
1735 977 1792 1004 ac
1825 979 1908 1006 vo-

1181 1015 1340 1067 luptas
1371 1011 1429 1057 H.
1462 1014 1500 1064 1,
1531 1012 1631 1066 30.;
1671 1016 1821 1063 ianua
1850 1037 1909 1065 ac

1182 1071 1328 1112 limite
1358 1076 1496 1112 tenus
1518 1070 1575 1113 H.
1603 1075 1640 1123 1,
1662 1073 1761 1129 33.;
1803 1094 1908 1122 con·

1184 1129 1301 1170 vicia
1336 1142 1391 1169 ac
1427 1130 1605 1182 probra
1646 1130 1702 1176 H.
1735 1134 1777 1185 1,
1808 1136 1909 1193 47.;

1184 1185 1420 1238 manipuli
1454 1194 1499 1228 et
1532 1192 1778 1242 gregarius
1814 1198 1909 1237 mi-

1181 1245 1253 1285 les
1279 1242 1338 1285 H.
1365 1244 1402 1292 1.
1427 1242 1527 1295 57.;
1572 1249 1829 1292 avaritiam
1851 1267 1910 1296 ac

1181 1303 1350 1344 sordes
1373 1299 1428 1344 H.
1448 1302 1596 1355 1‚60.;
1625 1305 1747 1349 vires
1767 1323 1908 1363 opes.

1177 1373 1264 1414 que
1297 1357 1353 1400 H.
1381 1360 1418 1408 1,
1441 1359 1541 1412 61.;
1581 1365 1727 1406 ordor
1755 1374 1802 1409 et
1835 1370 1908 1411 vis

1181 1416 1236 1459 H.
1273 1417 1312 1464 1,
1344 1415 1446 1468 62.;
1492 1420 1696 1462 salutem
1730 1423 1907 1467 incolu-

1185 1474 1490 1530 mitatemque
1513 1504 1528 1529 ,
1617 1482 1801 1532 stupris
1863 1490 1909 1526 et

1182 1533 1425 1574 adulteriis
1457 1531 1514 1575 H.
1543 1533 1580 1583 1,
1601 1533 1702 1590 66.;
1743 1538 1794 1582 in
1825 1554 1910 1584 ore

1168 1590 1406 1646 famaque
1430 1589 1484 1632 H.
1508 1589 1548 1642 1,
1570 1590 1671 1645 73.;
1710 1595 1760 1638 in
1786 1612 1909 1653 pro—

1180 1647 1358 1701 digium
1394 1654 1440 1689 et
1470 1662 1607 1691 omen
1639 1649 1697 1694 H.
1736 1656 1775 1703 1,
1809 1657 1911 1710 86.;

1177 1708 1300 1748 vires
1333 1711 1379 1746 et
1412 1706 1559 1747 robur
1586 1705 1643 1751 H.
1678 1709 1717 1761 1,
1748 1712 1819 1755 87.
1864 1715 1909 1767 2,

1181 1765 1251 1807 11.
1295 1761 1423 1804 Orat.
1463 1764 1552 1814 10.;
1606 1767 1713 1809 loca
1743 1774 1906 1816 sedes-

1183 1836 1272 1878 que
1306 1818 1361 1860 H.
1393 1819 1435 1871 2,
1466 1821 1559 1872 12.;
1602 1828 1810 1877 spatium
1847 1845 1908 1872 ae

1178 1891 1340 1920 morae
1352 1909 1365 1932 ,
1398 1879 1550 1931 gloria
1566 1892 1831 1940 nomenque
1845 1886 1906 1930 Η.

1173 1933 1325 1987 2,87.;
1341 1933 1514 1989 surore
1539 1943 1585 1977 et
1606 1937 1832 1984 instinctu
1846 1943 1905 1987 H.

1176 1993 1220 2044 2,
1241 1990 1336 2043 46.;
1365 1993 1574 2034 clamore
1595 2003 1640 2037 et
1660 2002 1833 2052 gaudio
1846 2001 1906 2046 H.

1175 2051 1220 2102 2,
1244 2049 1340 2100 70.;
1380 2049 1611 2092 lacrimae
1643 2061 1690 2096 et
1725 2058 1908 2102 miseri-

1178 2107 1339 2151 cordia
1364 2105 1422 2148 Η.
1445 2106 1487 2156 2,
1509 2107 1607 2159 70.;
1635 2111 1809 2156 bellum
1830 2131 1906 2160 ar·

1178 2178 1352 2219 maque
1383 2161 1441 2204 H·
1473 2162 1515 2212 2,
1547 2163 1618 2207 74-
1663 2168 1726 2214 cf.
1749 2170 1904 2218 Wei-

1174 2221 1315 2266 chert.
1357 2218 1414 2261 ad
1453 2221 1547 2264 Val.
1587 2222 1737 2272 Flacc.
1777 2228 1905 2283 VIII,

1177 2279 1303 2330 470.;
1342 2279 1494 2319 armis
1518 2293 1576 2321 ac
1599 2297 1745 2327 manu
1765 2286 1904 2342 (idem

1180 2339 1289 2393 Agr.
1327 2333 1414 2389 25.)
1431 2364 1445 2383 ,
1500 2340 1705 2384 consiliis
1743 2351 1789 2387 et
1816 2361 1906 2390 ra-

1180 2395 1301 2436 tione
1327 2391 1382 2433 H.
1411 2393 1452 2443 8,
1479 2393 1577 2446 2Ο.;
1616 2401 1684 2440 ad
1713 2406 1904 2459 sangui-

1177 2464 1288 2493 nem
1331 2455 1377 2492 et
1418 2455 1585 2494 caedes
1628 2453 1684 2499 H.
1717 2457 1761 2508 3,
1800 2462 1904 2515 83.;

1179 2508 1347 2550 turbae
1382 2514 1427 2548 et
1463 2510 1748 2572 discordiae,
1796 2535 1905 2574 pax
1992 2526 2006 2537 ⁵

1178 2573 1225 2609 et
1255 2565 1386 2620 quies
1413 2563 1468 2608 H.
1494 2566 1536 2618 4,
1560 2568 1626 2622 1.;
1666 2577 1906 2627 opulentia

1172 2628 1403 2678 auctaque
1437 2621 1489 2666 H.
1524 2623 1566 2676 4,
1595 2627 1696 2681 63.;
1744 2637 1903 2678 conlo·-

1180 2680 1291 2737 quia
1315 2693 1706 2741 congressusque,
1736 2694 1907 2736 amici..

1180 2739 1247 2780 tia
1293 2737 1581 2795 societasque
1624 2741 1685 2788 H.
1727 2747 1771 2803 4,
1810 2750 1909 2804 64.;

1179 2795 1299 2837 coeli
1315 2793 1464 2850 favor
1493 2805 1537 2839 et
1559 2798 1801 2849 inclinatio
1822 2823 1904 2851 nu·

1179 2853 1359 2919 minum
1390 2851 1446 2895 H.
1476 2852 1522 2910 4,
1554 2856 1656 2910 81.;
1695 2866 1817 2916 pede
1847 2881 1905 2910 ac

1177 2912 1374 2963 vestzgio
1417 2909 1472 2955 H.
1508 2913 1554 2964 Α,
1596 2915 1696 2969 81.;
1748 2930 1905 2967 mente

1178 2966 1429 3023 animoque
1462 2967 1621 3017 Germ.
1654 2976 1726 3021 29.
1769 2980 1905 3035 (adde

1181 3023 1278 3068 Cic.
1307 3040 1392 3083 pro
1427 3027 1588 3072 Archia
1623 3046 1662 3076 c.
1684 3033 1729 3078 6.
1773 3036 1904 3082 Caes.

1179 3081 1234 3123 B.
1261 3079 1318 3124 G.
1343 3081 1423 3134 Vl,
1447 3084 1488 3127 5.
1534 3085 1662 3147 Virg.
1687 3093 1799 3137 Aen.
1826 3095 1906 3144 VI,

1185 3140 1256 3181 11.
1313 3138 1433 3184 Gen.
1473 3142 1530 3186 N.
1571 3145 1621 3188 A.
1659 3148 1738 3203 xl,
1776 3152 1902 3209 18.);

1182 3198 1354 3239 molem
1417 3214 1676 3258 manusque
1743 3206 1904 3254 Germ.

1180 3252 1282 3305 87.;
1313 3254 1496 3310 fiducia
1528 3275 1584 3302 ac
1612 3264 1758 3308 robur
1789 3268 1827 3310 A
1862 3284 1904 3313 r.

1183 3310 1256 3362 3.;
1285 3314 1414 3367 quies
1437 3321 1482 3356 et
1501 3319 1644 3360 otium
1657 3321 1766 3380 Agr.
1777 3325 1817 3370 6.
1831 3284 1902 3370 21.

1185 3366 1316 3412 Orat.
1333 3369 1430 3423 88.;
1453 3373 1719 3430 obsequium
1738 3389 1783 3423 et
1803 3398 1903 3424 mo·

1180 3428 1331 3469 destia
1376 3429 1489 3484 Agr.
1520 3429 1619 3484 30.;
1667 3441 1902 3489 proelium

1180 3490 1321 3538 atque
1342 3499 1482 3528 arma
1514 3491 1617 3547 Agr.
1641 3493 1742 3548 30.;
1779 3497 1904 3540 bona

1170 3540 1491 3599 fortunaeque
1517 3547 1623 3604 Agr.
1639 3549 1708 3595 31.
1724 3568 1736 3603 ;
1753 3553 1903 3610 sama

1185 3605 1230 3639 et
1249 3613 1461 3651 rumore,
1491 3610 1662 3650 castris
1685 3618 1730 3653 et
1752 3615 1904 3656 armis

1120 3656 1321 3717 th
