2150 4022
907 54 922 89 S

597 190 1129 292 DJALouus.
1199 190 1409 252 »CAR
1438 193 1545 253 141.
1601 264 1615 275 χ

1867 196 1988 252 389

310 318 469 380 XLI.
517 319 617 378 Sic
652 333 921 397 quoque,
968 321 1127 397 quod
1166 333 1427 395 superest
1466 322 1983 398 antiqui-oratori-

143 405 284 474 huS‚
310 407 518 462 'forum
545 425 669 462 non
697 406 1033 462 emendatae
1060 426 1170 462 nec>
1192 425 1374 483 usque
1408 409 1480 464 ad
1511 419 1711 464 votum
1743 428 1983 483 compo-

562 497 570 515 l
1521 507 1531 521 't

170 597 275 642 licat
294 598 519 649 salubrem
547 609 589 643 et
610 600 673 642 rei
697 600 900 658 publicae
931 600 1022 643 uti-

158 671 254 707 em,
279 656 499 712 sormam
535 674 618 715 pro
650 672 795 709 genus
828 658 1022 716 positum

138 728 234 757 esse
247 713 552 771 opinaturhac
563 716 795 757 sententiat
819 747 844 765 ‚,
861 715 1023 757 Melius

135 768 293 814 fuisset
316 772 379 813 rei
405 772 634 828 publicae,
677 770 906 815 Gracchos
930 788 1022 814 non

135 826 273 870 fuisse
306 827 516 880 disertos,
558 845 688 886 quam
724 829 931 872 facundia
966 829 1020 872 ad

135 885 365 928 seditiosas
401 887 517 943 leges
550 886 754 929 ferendas
790 887 877 940 uti,
925 901 1020 928 me-

133 941 218 985 lius
233 942 467 992 Ciceroni,
500 944 703 1001 quamvis
723 943 911 986 salubris
933 943 1021 986 elo·

134 1000 354 1062 quentiae„
369 1016 534 1058 genere
561 1000 632 1043 vel
665 1001 780 1043 fama
814 1001 1021 1049 caruisse,

133 1072 264 1114 quam
312 1066 497 1115 propter
544 1058 663 1100 illam
713 1058 777 1100 sic
823 1056 1022 1115 perire.”

133 1113 255 1157 Male
300 1131 404 1157 vero
439 1117 661 1171 formam
704 1114 1018 1172 interpretatus

133 1179 221 1220 est,
253 1188 363 1229 quae
385 1172 655 1230 significaret
677 1173 820 1229 potius
842 1172 1016 1214 absolu-

130 1237 198 1270 tae
224 1236 266 1271 et
299 1229 518 1287 perfectae
551 1229 834 1285 eloquentiae
869 1245 1014 1270 exem-

130 1284 253 1343 plar,
304 1287 438 1344 ‚quod
484 1287 708 1332 Orellium
761 1303 853 1328 non
902 1284 1015 1343 fugit

131 1342 240 1386 Cic:
262 1342 391 1399 Orat.
429 1349 457 1399 §
487 1347 558 1388 43.
601 1345 875 1387 excellentis
917 1347 1007 1384 elo-

126 1401 343 1455 quentiae
365 1403 561 1456 speciem
585 1408 630 1444 et
648 1400 871 1456 sormam
893 1415 1016 1443 corn·

125 1466 374 1515 parantem.
434 1462 494 1502 At
521 1476 623 1502 vero
649 1459 843 1515 scriptor
869 1456 1013 1501 Grac-

125 1514 313 1558 chorum
363 1515 662 1574 eloquentiam
713 1516 1012 1574 perniciosam

125 1571 444 1616 saluberrimae
469 1573 699 1618 Ciceronis
725 1571 938 1630 opponit,
971 1580 1013 1614 et

126 1638 333 1685 utrasque
365 1631 424 1672 ita
452 1631 569 1674 inter
597 1648 644 1674 se
675 1638 928 1687 comparat,
965 1637 1012 1671 ut

124 1685 390 1730 Ciceronem
429 1688 515 1732 tale
547 1688 706 1731 mortis
739 1703 877 1745 genus
913 1703 1010 1743 per-

122 1760 300 1801 pessum
326 1761 417 1788 esse
438 1746 600 1790 doleat.
650 1745 718 1787 Ad
743 1753 910 1788 rectam
934 1744 1010 1802 igi-

123 1809 197 1843 tur
230 1803 495 1852 emendandi
531 1805 647 1846 viam
688 1803 834 1850 ducit,
888 1802 1009 1858 quod

122 1858 168 1901 in
190 1859 325 1902 MSS.
347 1859 484 1918 Neap.
512 1862 687 1916 [Farn.]
721 1867 765 1903 et
788 1859 834 1902 in
862 1858 1006 1901 Vatic.

121 1915 250 1960 1862.
295 1933 320 1960 a
365 1919 559 1969 secunda
605 1933 743 1960 manu
789 1917 1007 1974 scriptum

120 1981 223 2031 est.
250 1975 387 2026 bene,
422 1992 519 2026 vnon
549 1977 662 2016 bene
689 1973 825 2031 igitur
856 1990 1007 2032 pensa-

117 2030 179 2082 vit
203 2029 389 2080 Cicero,
428 2032 471 2075 id
496 2039 560 2075 est
585 2032 722 2082 male‚·
762 2030 909 2073 dirum
937 2030 1005 2074 vi-

105 2095 186 2130 ·tae
243 2089 406 2132 exitum
434 2089 555 2146 'ipsa
608 2087 863 2156 eloquentia
922 2088 1004 2130 sibi

100 2148 408 2201 comparavit.
477 2146 622 2203 Magis
653 2155 785 2189 etiam
817 2162 864 2188 ea
899 2162 1001 2188 sen-

117 2205 250 2248 tentia
273 2203 491 2253 elucebit,
522 2205 556 2246 si
580 2203 748 2246 Mureti
775 2203 1003 2261 sequimur

116 2260 697 2315 emendationemsarnam‚
722 2261 781 2304 ita
801 2271 846 2303 ut
867 2260 1001 2306 verba

115 2319 204 2362 iam
255 2320 319 2363 sic
361 2320 713 2360 constituantur:
765 2332 848 2360 nec
891 2320 1002 2359 bene

103 2377 300 2432 sumam
321 2377 436 2430 eloq.
462 2374 509 2417 C.
541 2383 573 2417 t.
602 2390 641 2417 e.
668 2391 716 2428 p.
755 2374 781 2416 i.
804 2391 841 2417 e.
865 2373 1001 2417 Cice.-

113 2434 239 2478 ronis
259 2431 612 2490 eloquentissimi
634 2432 751 2474 fama
776 2447 865 2473 non
888 2432 999 2473 tanti

113 2491 197 2550 ipsi
238 2490 350 2545 fuit,
401 2499 450 2532 ut
493 2490 552 2531 ita
595 2488 774 2546 periret.
851 2489 901 2530 ld
944 2490 997 2531 ab

81 2548 360 2593 *Hofmanm
394 2545 677 2601 Peerlkamp.
723 2554 764 2587 et
805 2555 930 2588 antea
974 2563 998 2589 a

113 2607 289 2651 Schulz.
321 2610 466 2658 [nunc
497 2621 521 2646 a
544 2602 732 2646 ssekker.
763 2611 805 2645 et
827 2603 997 2657 Boett]

51 2694 54 2695 ν
142 2664 348 2707 robatum
370 2669 448 2704 est.
491 2659 828 2704 Schurzsseiscb.
851 2676 999 2703 emen-

110 2681 266 2765 gabat:
304 2734 387 2763 nec
413 2723 589 2762 bonam
606 2718 802 2772 famam
834 2719 890 2759 el.
917 2718 996 2759 Ci-

112 2793 216 2821 cero
235 2775 276 2821 t.
301 2791 379 2820 ex.
401 2776 642 2831 pensavit3
683 2774 996 2818 Heumannus:

111 2850 193 2879 nee
221 2835 371 2876 bonae
388 2835 535 2891 samu
559 2833 846 2888 eloquentiae
871 2830 993 2874 Cice—

111 2907 275 2935 ronem
309 2899 343 2933 t.
378 2906 456 2934 ex.
488 2905 642 2946 pens.,·
685 2889 863 2932 Broter.
898 2889 995 2932 alii:

110 2964 189 2992 nec
211 2951 324 2991 bene
338 2951 558 3003 sormam
584 2950 638 2990 el.
666 2954 777 3000 Βίας
806 2947 994 2990 Seebod.

110 3015 151 3050 et
182 3005 326 3049 Orell.
362 3006 693 3063 praetulerunt:
736 3019 819 3046 nee
848 3008 994 3046 bonae

97 3067 288 3122 famam
308 3065 364 3105 el.
382 3071 481 3113 etc„
503 3077 616 3120 quae
638 3062 818 3120 quidem
845 3064 994 3103 omnia

107 3120 213 3164 mihi
234 3121 556 3178 improbantur.
578 3142 635 3151 —-
654 3119 748 3163 Sub
767 3119 899 3161 finem
922 3119 993 3160 de-

109 3177 243 3236 nique
288 3193 383 3234 cap.
430 3177 661 3219 Ernestius
703 3179 817 3232 pari
863 3178 994 3218 exitu

107 3234 354 3293 suspicatus
376 3244 438 3277 est
462 3251 543 3293 pro
567 3236 677 3284 tali,
708 3234 825 3291 quod
852 3233 991 3275 artifi-

108 3293 225 3336 ciose
237 3291 429 3351 Langius
454 3290 699 3349 p.xxv11.
726 3290 794 3333 ed.
812 3290 987 3333 Dronk.

108 3349 163 3392 ad
198 3351 350 3391 bonae
388 3348 561 3398 retulit,
618 3356 666 3390 ut
706 3357 840 3391 esset:
896 3365 989 3390 nou

107 3410 221 3449 bene
253 3405 283 3448 i.
317 3420 356 3449 e.
385 3406 504 3450 malo
540 3406 679 3456 exitu,
719 3421 852 3463 quam
889 3406 987 3462 qui-

107 3462 206 3504 dem
243 3479 292 3505 ex
327 3461 491 3507 licandi
524 3463 743 3507 rationem
776 3463 887 3506 bene
916 3478 986 3505 ie—

105 3519 262 3565 futavit
333 3519 497 3565 rellius.

1154 600 1266 644 CAP‘.
1308 600 1379 643 41.
1455 604 1529 647 Sic
1576 617 1770 659 quoque.
1851 600 1980 646 Unus

1095 657 1387 700 Heumannus
1420 658 1538 702 hisce
1561 660 1756 702 offensus
1779 661 1979 716 corrige-7

1094 716 1168 757 bat
1191 717 1275 756 hoc
1297 730 1499 772 quoque,
1540 732 1629 772 quo
1655 733 1746 759 non
1772 733 1885 776 opus
1917 714 1978 759 v‘i‘-

1095 773 1223 815 detur
1257 787 1367 815 esse.
1429 773 1672 816 Coniunxit
1699 773 1808 816 haec
1843 781 1887 816 et
1917 789 1981 818 se·

1095 828 1276 887 quentia
1306 845 1409 877 cum
1442 830 1645 873 extremis
1679 830 1980 881 antecedentis

1094 887 1247 943 capitis
1280 887 1427 930 verbis
1458 886 1709 939 Acidalius,
1759 887 1816 931 ita
1854 897 1902 931 ut
1936 897 1979 930 et

1093 944 1182 987 illis
1206 952 1248 986 et
1270 943 1390 987 hisce
1417 954 1699 988 succurreret
1730 945 1977 1002 transposi-

1092 1002 1232 1044 tione.
1296 1002 1399 1043 Vult
1423 1010 1571 1044 autem
1595 1001 1754 1044 scribi:
1793 1018 1874 1045 nec
1897 1018 1978 1044 an-

1091 1059 1232 1114 tiquis
1269 1060 1535 1100 oratoribus
1578 1061 1727 1099 bonae
1756 1061 1978 1115 simmam

1091 1120 1236 1172 eloqu.
1289 1115 1376 1159 Cic.
1429 1117 1519 1157 tali
1567 1117 1698 1157 exitu
1742 1119 1977 1171 pensavit.

1090 1174 1180 1216 velt
1209 1188 1293 1215 nec
1315 1175 1518 1229 antiquis
1539 1174 1808 1216 oratoribus
1829 1177 1976 1216 bonae

1073 1231 1240 1285 forma
1262 1233 1318 1273 el.
1344 1237 1427 1286 (sc.
1455 1231 1562 1272 tanti
1584 1229 1701 1286 fuit),
1726 1245 1866 1287 quom
1885 1232 1972 1274 Cic.

1089 1290 1179 1331 tali
1227 1303 1301 1331 ex.
1348 1291 1578 1343 pensavit,
1669 1290 1743 1333 Sic
1797 1303 1975 1345 quoque

1088 1348 1211 1401 quod
1241 1354 1457 1398 superest
1481 1345 1654 1400 forum
1691 1343 1806 1401 etc.,
1861 1361 1972 1404 quae

1088 1419 1190 1446 cum
1228 1403 1436 1445 audacius
1472 1418 1606 1461 quam
1642 1403 1786 1446 verius
1825 1418 1972 1446 emen·

1089 1461 1187 1515 data
1231 1460 1343 1507 sint,
1399 1460 1973 1516 silentio*praetermittere

1086 1518 1216 1561 iuvat.
1278 1517 1567 1567 [Boetticher.
1587 1517 1691 1560 baec
1716 1516 1972 1561 adnotavit:

1082 1591 1205 1631 „ego
1245 1574 1460 1630 temporis
1499 1575 1685 1616 maxime
1721 1576 1971 1617 accuratio-

1082 1650 1178 1674 rem
1207 1631 1575 1689 significationem
1605 1632 1806 1674 desidero
1832 1641 1872 1674 et
1899 1649 1969 1674 vo·

1084 1706 1205 1740 cern,
1245 1692 1297 1731 ad
1325 1702 1458 1745 quam
1488 1697 1605 1731 recte
1632 1698 1674 1730 et
1708 1689 1878 1745 legibus
1911 1688 1969 1732 la-

1080 1747 1266 1789 tinitatis
1302 1755 1600 1802 congruenter
1637 1747 1796 1789 referri
1832 1748 1970 1804 possit

1082 1819 1282 1860 quoqu-25
1321 1803 1518 1846 coniicio
1550 1802 1685 1860 igitur
1707 1819 1827 1845 nunc
1853 1819 1965 1858 quo-

1081 1878 1183 1917 que.
1251 1860 1326 1903 Sic
1355 1864 1544 1915 -quoque
1587 1869 1698 1904 esset
1744 1863 1861 1902 auch
1897 1876 1967 1912 so,

1079 1920 1288 1967 minime,
1350 1918 1470 1974 quod
1513 1916 1661 1960 solum
1711 1917 1815 1962 huic
1863 1918 1967 1962 loeo

1078 1986 1231 2033 aptum
1285 1984 1426 2031 esset,
1487 1989 1539 2017 so
1593 1975 1766 2018 auctas
1862 1975 1965 2019 Non

1077 2034 1230 2088 male]

1136 2094 1258 2146 quod
1291 2097 1500 2145 superest
1536 2090 1725 2145 antiqui
1763 2092 1965 2134 oratori-

1075 2150 1176 2190 bus.
1238 2148 1340 2191 MS.
1368 2147 1503 2204 Neap.
1535 2155 1577 2189 et
1602 2147 1702 2188 edd.
1727 2162 1830 2190 cum
1855 2149 1964 2190 anti-

1075 2222 1185 2263 quae
1233 2213 1326 2246 tum
1366 2205 1637 2248 recentiores
1674 2205 1767 2246 fere
1809 2221 1962 2248 omnes

1076 2263 1289 2319 praebent
1313 2262 1521 2316 antiquis
1547 2262 1839 2316 oratoribus,
1876 2278 1962 2319 qua

1074 2319 1251 2376 quidem
1284 2319 1330 2361 in
1356 2321 1575 2375 scriptura
1600 2318 1852 2361 Heumann.
1879 2335 1960 2371 814-

1066 2391 1248 2431 peresse
1272 2392 1354 2432 pro
1377 2376 1676 2429 superstitem
1707 2390 1807 2419 esse
1843 2378 1959 2434 posi-

1072 2444 1165 2476 tum
1191 2442 1355 2483 censet,
1382 2441 1430 2475 ut
1452 2433 1668 2475 sententia
1690 2433 1956 2489 sitevsorum,

1070 2491 1117 2533 in
1140 2506 1229 2547 quo
1265 2499 1437 2533 veteres
1471 2489 1535 2532 illi
1568 2496 1767 2533 oratores
1802 2493 1960 2534 versati

1071 2550 1185 2602 sint,
1239 2562 1332 2590 esse
1371 2554 1619 2605 superstes,
1678 2549 1848 2590 etiamsi
1891 2547 1958 2591 illi

1070 2605 1157 2647 iam
1185 2603 1260 2646 diu
1288 2612 1481 2647 mortem
1513 2603 1836 2657 occubuerint3
1878 2606 1959 2648 Bi-

1070 2661 1247 2720 pontini
1286 2677 1368 2716 pro
1406 2664 1647 2705 abundare
1683 2662 1959 2720 accipiebant

1069 2719 1239 2762 dictum
1275 2730 1318 2761 et
1363 2719 1616 2777 cogitabant
1657 2720 1710 2762 de
1749 2719 1952 2778 priorum

1067 2786 1323 2833 temporum
1390 2776 1721 2834 opportunitate
1785 2778 1953 2836 quippe

1069 2833 1210 2877 causis
1253 2834 1605 2886 abun‹lantium;
1655 2851 1740 2891 qua
1772 2835 1818 2878 in
1855 2852 1952 2878 sen·

1069 2891 1200 2933 tentia
1239 2890 1433 2948 scriptor
1469 2900 1712 2943 supererat
1754 2892 1951 2936 scribere

1068 2949 1269 2990 debebat.
1342 2948 1549 2990 Ernestio
1586 2956 1767 2993 auctore
1800 2951 1952 2992 Brote-

1066 3007 1156 3049 rius
1180 3021 1241 3046 ex
1263 3005 1471 3060 antiquis
1493 3013 1612 3048 orat.
1638 3008 1829 3064 sci-ipsit.
1864 3008 1951 3050 Sed

1068 3061 1172 3105 nihil
1192 3061 1500 3118 praestabilius
1518 3070 1581 3105 est.
1599 3064 1906 3106 emendatione
1922 3064 1951 3106 l.

1066 3120 1143 3161 Fr.
1166 3119 1388 3161 Gronovii
1412 3120 1618 3175 antiqui,
1659 3129 1708 3161 ut
1734 3122 1769 3161 is
1790 3119 1953 3177 guntif-

1067 3193 1150 3220 vus
1175 3185 1301 3236 aptus
1323 3175 1378 3218 sit
1404 3193 1451 3218 ex
1476 3180 1621 3232 quod,
1665 3178 1744 3219 hac
1768 3185 1950 3220 senten—

1067 3236 1151 3278 tia:
1195 3232 1348 3276 Unum
1381 3241 1514 3281 restat
1551 3252 1598 3275 ex
1632 3243 1695 3276 tot
1733 3234 1950 3291 tantisque

1062 3292 1220 3342 rebus,
1262 3306 1374 3348 quae
1408 3291 1610 3348 priorum
1642 3290 1949 3349 eloquentiam

1063 3349 1259 3397 alebant,
1301 3347 1450 3390 sorum
1482 3358 1522 3390 et
1550 3364 1781 3391 causarum
1805 3358 1949 3407 patro-

1064 3404 1196 3448 cinia.
1243 3403 1528 3448 Gronovium
1555 3404 1949 3454 Oberlin.Scliulz‚

1063 3460 1239 3506 Dronk.
1259 3460 1430 3505 Osann.
1451 3461 1578 3505 Orell
1621 3461 1778 3515 [ssetk.
1802 3463 1949 3509 Roett.

1062 3519 1161 3578 Rup
1183 3523 1201 3574 ]
1224 3520 1397 3578 sequuti
1420 3527 1536 3563 sunt.
1596 3519 1951 3565 Schumfleischh
