2150 4022
159 245 283 305 206
459 241 707 305 IULII
751 240 1721 326 AGRICNITACAPAS.

334 371 556 433 XLIII.
618 372 788 438 Finis
837 374 992 432 vitae
1044 375 1170 432 eius
1209 377 1386 433 nobis
1428 369 1752 447 luctuosum,
1819 377 2025 436 amicis

159 460 381 530 tristiS‚
449 460 740 515 extraneis
787 460 962 518 etiam
1005 461 1344 538 ignotisque
1387 481 1515 519 non
1555 463 1680 519 sine
1717 483 1856 521 cura
1891 465 2026 530 fuit.

160 548 372 621 vulgus
405 565 641 621 quoque
668 556 726 602 et
747 541 846 602 hic
877 547 1038 602 aliud
1067 566 1246 620 agens
1277 547 1538 622 populus
1574 560 1629 604 et
1663 547 2026 606 ventitavere

162 635 237 691 ad
276 634 524 688 domum
558 641 613 687 et
643 650 749 705 per
774 632 901 712 fora
931 643 986 688 et
1013 632 1265 687 circulos
1289 631 1476 689 locuti
1503 644 1663 690 sunt:
1720 653 1827 691 nec
1861 635 2027 712 quis-

162 738 341 795 quam
377 714 573 772 audita
615 711 1147 790 mortejAgi-icolae
1194 727 1296 773 aut
1334 717 1582 775 laetatus
1630 727 1715 775 e'st
1759 731 1860 776 aut
1908 731 2026 776 sta-

160 805 271 862 tim
299 802 520 858 oblitus
553 811 654 860 est.
741 797 1015 876 Augebat
1049 802 1491 858 miserationem
1517 815 1792 860 constans
1818 825 2026 862 rumor

158 907 390 945 veneno
445 886 858 962 interceptum.
946 886 1122 943 nobis
1172 883 1327 943 nihil
1378 888 1664 963 comperti
1712 889 2026 946 adfirmare

161 974 383 1031 ausim:
443 983 702 1029 ceterum
727 993 835 1048 per
860 991 1100 1028 omnem
1124 972 1526 1030 valetudinem
1560 974 1713 1044 eim,
1759 975 2027 1033 crebrius

160 1174 330 1232 figurae
355 1168 479 1212 illius
507 1183 597 1226 quo
623 1166 806 1212 Graccis
840 1167 1057 1226 frequen-

159 1234 251 1277 tior
274 1236 340 1271 est
362 1243 466 1270 usus
482 1259 492 1275 ,
526 1241 579 1268 eo
600 1227 746 1268 rarior
768 1226 933 1269 Latinis
954 1227 1059 1269 scri·

163 1286 387 1349 ptoribus.
451 1283 604 1339 Quare
631 1282 667 1326 I.
693 1284 768 1326 Fr.
794 1283 1060 1328 Gronovius

1131 1170 1371 1213 intentum.
1462 1169 1663 1228 Ineptam
1717 1171 1790 1215 ed.
1840 1170 2026 1230 Bipont.

1132 1227 1468 1271 correctionem
1500 1243 1583 1270 nec
1618 1230 1704 1270 hoc
1731 1229 1857 1273 alias
1879 1243 2028 1284 agens

1126 1288 1353 1339 populus,
1403 1284 1434 1328 i.
1471 1301 1509 1329 e.
1543 1284 1740 1343 populus
1775 1285 1880 1330 alias
1916 1301 2028 1331 cura

158 1347 294 1393 talem
340 1340 590 1400 explicandi
632 1339 856 1383 rationem
889 1341 1058 1399 impro-

125 1412 127 1416 ’
160 1407 270 1450 bans
293 1416 346 1444 eo
369 1397 531 1442 abduci
554 1413 600 1440 se
622 1413 775 1455 passus
800 1407 887 1450 est,
918 1409 968 1441 ut
989 1399 1064 1440 rei

161 1460 408 1521 genitivum
444 1469 557 1498 reus
586 1454 787 1498 nominis
822 1471 914 1498 esse
942 1471 1057 1498 con-

159 1518 366 1564 tenderet
388 1513 526 1571 idque
553 1512 820 1570 explicaret=
865 1512 1059 1557 accusati

156 1584 260 1636 post
282 1581 325 1617 et
347 1570 574 1618 damnati,
615 1585 706 1612 non
731 1580 945 1627 reputans
966 1569 1059 1622 ille,

157 1641 262 1695 post
301 1638 499 1674 mortem
536 1643 664 1670 reum
701 1627 798 1671 fieri
833 1628 1059 1671 neminem

158 1706 305 1754 posse.
361 1684 602 1729 Verissima
617 1693 681 1728 est
693 1684 891 1730 Merceri
910 1701 1059 1728 emen·

160 1749 304 1798 datio,
336 1759 471 1804 quam
493 1743 679 1786 Mureto
702 1742 939 1802 adscripsit
953 1743 1057 1788 Aei-

158 1807 303 1852 dalius
327 1816 551 1862 quamque
573 1800 620 1843 in
646 1800 788 1845 veteri
811 1800 968 1844 codice
988 1817 1057 1843 re·

156 1864 325 1925 perisse
350 1877 397 1904 se
416 1857 613 1901 Ursinus
636 1865 844 1910 testatur,
877 1861 925 1901 in
946 1860 1054 1900 nul-

157 1927 257 1967 lum
279 1920 353 1964 rei
369 1917 583 1972 publicae
607 1930 769 1971 usum,
803 1931 916 1972 quae
941 1917 1056 1959 bene

158 1980 262 2027 cod.
287 1976 388 2019 Vat.
412 1972 542 2017 3429.
569 1972 818 2030 scripturae
847 1973 894 2016 in
929 1989 1052 2016 mar-

158 2039 262 2099 gine
302 2039 484 2078 notatae
525 2029 752 2075 convenit.
839 2030 1055 2075 Certatim

159 2111 257 2142 eam
279 2091 532 2152 probarunt
551 2087 747 2131 Piehena
771 2089 928 2146 (quem
947 2095 1057 2141 pose

156 2153 369 2197 voculam
390 2146 625 2191 retinuisse
649 2161 885 2204 perperam
912 2145 1054 2189 tradi-

158 2221 258 2256 tum
314 2214 381 2250 est
437 2205 485 2247 in
528 2203 632 2246 edit.
677 2202 912 2257 Gronov.)
954 2219 1054 2261 sqq.

157 2270 341 2313 Broter.
387 2261 567 2305 Ernest.
615 2260 803 2320 Bipont.
847 2260 1055 2307 Oberlin.

156 2322 353 2374 Seebod‚
379 2317 579 2363 Walch.
613 2318 780 2362 Hertel.
815 2319 851 2363 Ι.
879 2316 1055 2361 Bekke-

157 2400 252 2430 rus.
318 2375 509 2424 Silentio
545 2376 905 2434 praetermittere
945 2375 1060 2418 lice-

157 2442 251 2492 bit,
317 2435 443 2496 quod
493 2433 723 2478 Acidalius
779 2433 1059 2491 excogitavit,

160 2514 251 2557 quo
266 2495 477 2553 plerique
497 2493 600 2547 vix,
636 2491 719 2548 qui
729 2507 819 2547 per
839 2493 1058 2546 abrupta,

157 2559 244 2601 sed
276 2556 324 2598 in
355 2553 538 2595 nullum
575 2551 649 2592 rei
674 2557 780 2605 post
810 2565 975 2603 usum,
1015 2557 1059 2593 et

158 2608 415 2658 Heumanni
433 2616 744 2652 commentum
762 2622 939 2665 parerg.
957 2605 1057 2650 crit.

158 2688 206 2731 p.
242 2670 315 2713 84.
355 2682 446 2723 quo
481 2666 698 2721 plerique
729 2679 819 2720 per
853 2666 1060 2719 abrupta

161 2729 277 2772 enisi
307 2727 496 2768 irritum
525 2730 635 2776 post
662 2737 862 2774 ausum,
907 2723 1057 2765 ambi-

160 2788 286 2830 tiosa
305 2790 456 2826 morte
478 2783 815 2823 inclaruerunt.

217 2868 332 2913 (ΞΜ).
356 2864 428 2908 43.
493 2865 737 2907 extraneis
763 2865 908 2906 etiam
929 2865 1057 2918 igno·

161 2928 327 2984 tlsque.
379 2922 440 2967 cf.
467 2921 554 2964 An.
576 2923 618 2970 Ξ,
640 2923 713 2965 71.
731 2921 919 2975 flebunt
945 2922 1056 2963 Ger-

160 2985 400 3029 manicum
434 2981 577 3022 etiam
601 2980 771 3034 ignoti,
806 2978 917 3022 ibid.
942 2978 986 3033 3,
1014 2979 1056 3024 1.

160 3044 385 3097 multique
439 3040 582 3080 etiam
633 3038 781 3089 ignoti
824 3037 981 3079 vicinis
1033 3051 1058 3078 e
1117 3054 1123 3060 ·

161 3097 433 3154 municipiis.

219 3183 355 3227 aliud
385 3191 533 3234 agens
559 3179 776 3232 populus.
835 3175 914 3221 Sic
933 3175 1052 3219 Rhe·

159 3257 266 3287 nan.
289 3241 338 3284 in
363 3237 608 3294 castigati„
650 3235 773 3292 quod
800 3233 886 3276 iam
914 3234 958 3276 in
985 3234 1056 3277 ed.

159 3300 265 3344 Riv.
338 3303 506 3341 exstare
565 3291 764 3335 Walch.
832 3291 1051 3345 adfirmat,

161 3372 320 3401 omnes
353 3367 481 3412 sqq.;
529 3349 581 3392 in·
611 3349 712 3392 edd.
748 3349 941 3404 antiquis
977 3365 1052 3390 ex-

159 3429 364 3474 pressum
391 3418 458 3454 est
481 3407 627 3458 alius,
671 3406 792 3465 quod
820 3421 953 3448 sensu
976 3422 1051 3448 ca-

159 3480 243 3516 ret.
303 3469 449 3514 Aliud
479 3473 701 3519 agentem
725 3465 947 3517 populum
980 3463 1055 3505 in-

353 3542 458 3571 cum
501 3522 695 3567 Piehena
738 3519 941 3578 publicas
985 3537 1054 3563 res

313 3591 572 3628 curantem,
621 3578 698 3622 scd
737 3577 827 3621 suis
866 3578 1054 3633 negotiis

160 3528 309 3628 ῑεΙΙίῗε

160 3587 252 3630 nihi

1132 1343 1197 1385 rei
1231 1341 1439 1400 publicae
1471 1358 1666 1394 vacuus,
1716 1359 1808 1388 uno
1841 1351 2026 1404 excepto

1130 1399 1321 1459 Engelio
1346 1415 1483 1443 nemo
1502 1399 1722 1458 probavit.

1187 1486 1396 1535 laetatus
1433 1492 1501 1527 est
1540 1490 1624 1541 aut
1660 1483 1824 1527 staeIm
1858 1483 2027 1527 oblitus

1131 1549 1215 1585 esc.
1275 1540 1509 1584 Acidalius
1539 1541 1807 1585 alterutrum
1839 1548 1912 1585 est
1941 1541 2025 1584 de-

1131 1598 1320 1642 lendum
1345 1606 1606 1650 censuerat,
1635 1599 1855 1657 posterius
1874 1598 2027 1656 itaque

1130 1656 1294 1700 abiecit
1314 1655 1534 1700 Oberlino
1557 1659 1622 1708 [et
1646 1656 1681 1700 Ι.
1700 1654 1930 1711 Bekkero]
1952 1655 2028 1700 ad·

1130 1712 1424 1757 sentientibus
1458 1714 1693 1762 Muretus,
1732 1713 1855 1771 prius
1879 1712 1938 1756 V.
1961 1712 2025 1758 D.

1128 1772 1175 1815 in
1201 1787 1223 1812 e
1259 1772 1377 1815 hem.
1403 1770 1469 1815 lit.
1494 1771 1651 1815 lema.
1668 1770 1793 1815 1816.
1825 1786 1896 1814 nr.
1913 1770 2027 1824 127„

1128 1845 1218 1887 quo
1275 1828 1546 1873 concinnius
1569 1827 2026 1872 videbaturDronkio

1126 1887 1290 1930 similia
1319 1885 1537 1933 adserenti
1563 1885 1780 1945 exempla.
1841 1885 1930 1930 Sed
1955 1885 2025 1929 his

1127 1945 1175 1988 in
1196 1944 1271 1987 tali
1291 1959 1340 1987 re
1363 1942 1476 1988 nihil
1499 1943 1691 1986 efficitur
1712 1951 1756 1986 et
1773 1942 1935 1987 omissa
1953 1951 2026 1986 est

1126 2000 1289 2045 vocula
1321 2001 1459 2045 totius
1493 1999 1714 2045 enuntiati
1750 1999 1813 2044 vis
1840 2008 2024 2058 pertur-

1128 2060 1277 2103 batur.

1183 2140 1318 2184 nobis
1348 2141 1474 2184 nihil
1502 2143 1734 2195 comperti
1759 2142 2022 2199 adfirmare

1127 2199 1297 2242 ausim.
1368 2199 1444 2243 Sic
1481 2216 1531 2243 ex
1564 2199 1766 2243 Rhenan.
1807 2199 2023 2243 emenda-

1128 2258 1251 2300 tione
1284 2255 1384 2299 edd.
1411 2257 1622 2314 deinceps
1656 2272 1841 2309 ornnes,
1876 2256 2025 2300 idem-

1129 2330 1216 2372 que
1259 2313 1450 2357 fortasse
1491 2314 1538 2357 in
1572 2314 1675 2359 MS.
1708 2312 1856 2358 Vane.
1893 2313 2026 2368 8429,

1134 2377 1263 2427 (teste
1298 2369 1500 2426 Dronk.)
1545 2395 1604 2406 -
1653 2371 1770 2414 Edd.
1814 2373 1905 2416 anti
1942 2388 2024 2417 uae
2057 2378 2062 2384 '

1132 2430 1287 2483 vobis,
1333 2429 1458 2487 quod
1493 2429 1719 2473 Gesnerus
1751 2445 1911 2476 servan
1947 2445 2023 2473 um

1131 2485 1273 2530 duxit.
1347 2486 1578 2531 Acidalius
1617 2487 1839 2531 malebat:
1889 2488 2026 2532 nobis

1128 2545 1249 2587 nihil
1267 2547 1509 2601 comperti,
1538 2548 1660 2602 quod
1680 2545 1925 2600 affirmare
1943 2560 2027 2588 au·

1127 2603 1246 2651 sinu
1298 2601 1548 2645 Walchius
1582 2602 1628 2644 in
1661 2603 1738 2643 tali
1774 2603 2023 2647 verborum

1131 2676 1245 2702 nexu
1268 2667 1340 2702 est
1364 2661 1553 2716 copulae
1576 2658 1768 2716 ellipsim
1797 2674 1926 2715 aegre
1951 2658 2022 2702 se·

1128 2733 1232 2760 rens
1265 2717 1554 2760 coniiciebat:
1594 2718 1726 2758 nobis
1754 2717 1873 2760 niba
1891 2731 2016 2760 com·

1123 2772 1339 2831 per-tum,
1392 2778 1514 2829 quod
1559 2773 1810 2832 offirmare
1852 2773 2021 2817 ausim.

1131 2831 1191 2876 cf.
1228 2832 1410 2875 Sallust.
1441 2831 1569 2875 Catil.
1603 2848 1645 2875 c.
1676 2831 1742 2880 14,
1767 2830 1811 2875 7.
1843 2834 1930 2874 sed
1958 2845 2023 2874 ex

1129 2890 1235 2932 aliis
1257 2887 1395 2932 rebus
1417 2890 1569 2943 magis
1584 2922 1596 2942 ,
1630 2904 1771 2944 quam
1793 2891 1916 2945 quod
1934 2890 2023 2932 cm·-

1129 2962 1272 3002 quam
1309 2949 1356 2988 id
1383 2953 1675 3001 compertum
1695 2946 1858 3003 soret,
1905 2948 2024 2990 haec
2053 2973 2057 2975 -

1127 3006 1263 3055 fama
1316 3006 1521 3047 valebat.
1603 3004 1796 3047 Ernestii
1835 3011 2021 3048 senten-

1130 3062 1261 3111 tiam,
1328 3060 1557 3104 duriorem
1610 3077 1704 3104 esse
1753 3060 2022 3115 orationem,

1130 3118 1253 3176 quod
1284 3117 1330 3160 in
1363 3119 1523 3161 eodem
1548 3118 1780 3162 enuntiato
1803 3126 1847 3161 et
1870 3117 2022 3176 plura—

1130 3175 1184 3219 lis
1226 3177 1359 3218 nobis
1403 3183 1445 3219 et
1486 3174 1724 3233 singularis
1757 3178 1914 3219 ausim
1951 3176 2021 3224 sit,

1126 3249 1220 3276 non
1243 3249 1295 3275 eo
1319 3232 1480 3276 resutal
1496 3243 1575 3276 unt
1596 3235 1875 3291 interpretes,
1897 3233 2022 3291 quod

1126 3292 1256 3333 nobis
1279 3306 1371 3333 non
1394 3291 1617 3334 de'l'acito
1642 3289 1758 3343 solo,
1779 3290 1853 3334 sed
1871 3289 1926 3332 de
1950 3306 2019 3334 ae·

1128 3347 1334 3406 qualibus
1373 3348 1505 3391 etiam
1544 3346 1883 3405 intelligendum
1910 3364 2021 3392 »esse
2081 3370 2083 3375 ·

1127 3405 1488 3464 pronuntiarunt.
1559 3404 1618 3449 cf.
1667 3406 1848 3450 l’assov.
1893 3420 2019 3449 varr-

1127 3465 1248 3506 lectt.
1286 3462 1429 3506 Tacit.
1466 3462 1625 3506 Germ.
1662 3477 1705 3505 c.
1739 3463 1810 3520 29.
1871 3461 2019 3506 Immo

1129 3518 1369 3563 artioribus
1391 3519 1554 3563 linibus
1577 3518 2019 3564 circumscribendus

1130 3578 1162 3618 is
1192 3575 1373 3634 pluralis
1408 3577 1535 3619 huius
1573 3591 1694 3620 usus,
1752 3576 1812 3620 cs.
1839 3579 1927 3621 An.
1953 3577 2019 3627 14,
