2150 4022
45 2152 53 2171 ⁸
105 2149 319 2202 laudavit
356 2147 489 2203 (fore
522 2179 533 2190 .
565 2179 574 2190 .

546 274 1078 338 DiALOGUS.
1160 274 1357 338 CAP.
1399 272 1494 338 11.

1811 276 1936 335 267
1962 274 1966 279 ’

101 430 277 488 quam
300 405 465 484 Aper
487 408 830 464 laudaverat
854 406 1010 485 (fore
1035 405 1194 460 enim
1221 403 1583 474 arbitrabar,
1631 414 1699 461 ut
1733 423 1767 461 a
1806 405 1940 461 lau--¹

100 493 338 564 datione
364 513 566 553 eorum
599 492 889 565 digressus
915 492 1261 556 detractaret
1292 503 1491 563 poetas
1520 500 1693 566 atque
1722 489 1940 546 carmi-

101 599 246 637 Imm
264 579 532 636 studium
558 576 978 655 prosterneret)
1005 587 1127 631 arte
1158 577 1408 650 quadam
1435 573 1751 648 mitigavit,
1792 594 1938 631 con-

100 665 359 721 cedendo
387 664 492 732 iis,
530 662 635 739 qui
663 682 860 718 causas
886 681 1053 735 agere
1079 679 1203 715 non
1233 670 1495 733 possent,
1536 671 1603 715 ut
1627 679 1827 716 versus
1851 660 1943 715 fa-

101 759 318 809 cerent.

99 937 211 986 tium
225 969 238 993 ,
269 938 393 996 quod
415 937 463 980 in
484 938 662 995 vulgata
684 936 988 995 etSchulting.

100 996 252 1053 script.
314 996 695 1054 reprehenderat,
775 994 987 1039 audaciae

101 1051 220 1096 dico.
301 1052 458 1111 Neque
507 1069 667 1098 verum
717 1064 811 1108 est,
866 1052 987 1109 quod

102 1119 261 1152 contra
294 1110 634 1160 diuturnitatem
677 1109 988 1158 accusationis,

99 1181 232 1221 quani
282 1169 434 1211 animo
482 1168 696 1213 habuerat
741 1169 989 1219 Maternus,

99 1231 280 1274 monet,
319 1226 356 1268 si
387 1225 567 1282 quidem
597 1226 888 1268 diuturnitate
915 1240 988 1273 ve·

99 1280 323 1325 hementia
343 1282 642 1327 accusationis
662 1283 897 1333 indicatur,
927 1289 987 1323 ta-

101 1337 244 1395 lisque
279 1340 399 1383 mina
441 1340 616 1398 egregie
649 1340 859 1385 convenit
890 1339 986 1382 Ma-

102 1396 218 1438 terni
255 1397 525 1440 subridentis
565 1413 797 1456 personae.
869 1396 977 1439 Sen-

101 1452 284 1495 tentiam
318 1469 424 1497 vero
457 1454 578 1497 illam
612 1455 814 1498 faciliore
848 1455 986 1497 modo

102 1526 153 1552 ex
182 1511 373 1568 antiquis
399 1512 521 1564 libris
549 1513 849 1563 restituimus,
891 1527 991 1554 ver-

101 1569 267 1610 borum
303 1569 588 1616 distinctione
629 1579 825 1618 mutata,
868 1568 990 1626 quod

101 1625 328 1669 neminem
343 1627 454 1670 vitio
472 1643 706 1671 versurum
729 1643 821 1670 esse
843 1642 988 1684 spero.

104 1682 171 1724 lta
192 1683 466 1742 iungendum
494 1692 557 1727 est
581 1700 656 1727 me
679 1701 783 1728 cum
809 1684 989 1736 mitiga-

102 1741 168 1780 vit
188 1743 338 1792 verbo‚
360 1751 403 1786 et
418 1746 536 1800 Aper
558 1742 888 1800 intelligendus,
912 1740 990 1798 qui

103 1800 286 1852 callide,
324 1810 464 1846 astute
488 1801 702 1844 invidiam
734 1801 990 1842 accusatio-

103 1853 174 1904 nis
203 1859 378 1904 lenivit.
438 1859 693 1912 [Consentit
719 1872 824 1902 cum
846 1855 990 1900 VVal·

103 1909 233 1962 1hero
267 1917 302 1960 I.
337 1915 590 1968 Bekkems,
638 1916 714 1974 qui
749 1915 796 1956 in
830 1921 989 1962 novis-

104 1973 215 2019 sima
246 1975 443 2018 editione
468 1974 532 2019 sic
552 1975 704 2018 locum
729 1978 988 2022 constituit:

102 2034 368 2077 Par-antem
389 2047 488 2083 me,
519 2033 663 2088 inquit
677 2066 690 2088 ,
721 2049 815 2076 non
840 2037 993 2079 minus

103 2093 187 2134 diu
216 2104 432 2133 accusare
462 2097 676 2134 oratores
700 2106 842 2147 quam
865 2096 996 2149 Aper

605 2178 618 2190 .
655 2154 995 2208 prosterneret)

104 2215 209 2250 arte
250 2210 457 2262 quadam
503 2206 760 2262 mitigavit,
821 2209 993 2263 aptiore

107 2263 211 2307 loco
243 2279 496 2320 pronomen
526 2279 698 2320 ponens
730 2279 862 2322 quam
893 2265 937 2308 id
970 2283 994 2311 a

107 2319 365 2363 Walthero
397 2321 564 2363 factum
591 2320 737 2377 quivis
766 2322 990 2380 intelligit.

107 2376 359 2420 Bekkerum
385 2386 599 2434 sequutus
621 2387 708 2429 est,
737 2389 787 2424 ut
805 2395 996 2439 semper,

107 2434 451 2488 Boetticherus.]

165 2551 462 2591 laudaverat.
551 2546 628 2590 Sic
675 2545 809 2591 MSS.
855 2547 995 2605 Neap-

111 2607 288 2660 [Farn.]
317 2604 517 2656 Vaticc.;
543 2604 656 2647 bene
676 2605 908 2648 defensum
934 2614 1000 2649 est

109 2661 601 2723 plusquamperfectum
636 2663 690 2705 ab
723 2663 896 2705 Orellio
932 2679 999 2714 eo,

109 2721 271 2779 „quod
314 2721 465 2764 laudes
509 2719 732 2763 oratoriae
775 2721 998 2763 facultatis

110 2795 253 2836 usque
289 2777 343 2821 ad
383 2793 479 2834 cap.
516 2779 556 2821 9.
600 2778 855 2834 propositae
894 2793 999 2819 mo-

112 2837 278 2879 destam
315 2834 433 2878 illam
473 2844 708 2892 poetarum
747 2835 993 2879 accusatio·

112 2907 215 2935 nem
246 2893 536 2949 praecedunt.
552 2893 578 2909 ”
617 2915 675 2924 —
732 2893 846 2935 Edd.
879 2895 997 2950 Spir.

113 2951 218 2992 Put.
239 2949 337 2992 Riv.
361 2950 461 2992 Ber.
478 2950 580 2994 Alc.
595 2949 736 2996 Rhea.
755 2950 859 2993 Ald.
878 2952 995 3007 Lips.

111 3007 228 3050 Pith.
259 3006 526 3065 Bernegger.
559 3007 764 3050 Gronov.
801 3010 996 3051 Seebod.

114 3066 292 3107 laudat.
335 3090 393 3100 --
456 3065 630 3121 Lipsius
673 3065 720 3108 in
752 3081 893 3122 marg.
930 3067 997 3110 ed.

113 3138 152 3165 a.
168 3121 290 3164 1607.
313 3130 602 3178 proposuerat
623 3125 838 3178 laudare,
873 3124 998 3180 quod

114 3177 325 3221 Broterio
346 3177 502 3221 melius
525 3175 670 3222 risum
692 3187 772 3223 est.
796 3209 855 3216 —-
896 3182 999 3225 Aci·

115 3235 258 3278 dalius
279 3234 545 3278 coniiciebat
574 3238 775 3278 laudare
807 3237 870 3280 vel
900 3243 997 3280 lem-

114 3294 268 3347 davit,
319 3293 406 3334 hoc
441 3303 709 3349 receperunt
746 3294 999 3338 Heumann.

117 3349 292 3393 Schulz.
343 3348 551 3393 Oberlin.
604 3350 780 3396 Dronk.
823 3352 999 3399 Osann.

120 3404 327 3466 [Belgker.
354 3406 570 3452 Boettich.
590 3406 747 3465 Rup.].

165 3514 277 3569 sore
324 3516 482 3569 enim..
539 3518 792 3565 Heumanni
842 3518 998 3563 conie-

120 3579 245 3616 ctura
279 3575 398 3626 quod
420 3573 534 3628 foro
567 3579 689 3620 enim
713 3576 1000 3635 supersedere

403 745 530 822 Ego
565 759 761 804 autem
790 747 940 804 sicut
970 747 1036 802 in
1070 744 1263 802 causis
1297 744 1534 816 agendis
1569 744 1795 800 efficere
1831 744 1943 814 ali7

1057 948 1312 992 possumus.
1366 959 1423 971 --
1487 934 1582 978 Pro
1626 935 1860 991 digressus·
1894 934 1946 986 in

1060 992 1160 1035 edd.
1186 992 1305 1049 Lips.
1336 1001 1378 1036 et
1403 991 1459 1035 al.
1489 992 1649 1050 legitur
1682 997 1944 1051 degressus,

1059 1065 1187 1106 saepe
1221 1048 1458 1102 confusum
1491 1066 1594 1094 cuin
1616 1049 1708 1094 illo.
1765 1048 1825 1097 cf.
1848 1058 1945 1096 not.

1058 1106 1114 1150 ad
1139 1106 1227 1149 An.
1253 1107 1295 1158 6,
1322 1110 1359 1150 1.
1390 1108 1432 1162 2,
1458 1107 1525 1151 69.
1546 1106 1604 1150 al.

1116 1210 1421 1249 detractaret.
1506 1204 1584 1250 Sic
1629 1205 1766 1250 MSS.
1809 1206 1948 1266 Neap-

1062 1264 1243 1320 [Farn.]
1283 1263 1383 1307 edd.
1412 1264 1618 1320 antiquae
1649 1264 1704 1306 ad
1734 1263 1943 1308 Pithoea-

1061 1339 1162 1364 nam
1227 1337 1368 1379 usque
1393 1354 1404 1372 ,
1477 1322 1596 1364 unde
1656 1324 1948 1367 restituerunt

1057 1378 1238 1422 Dronk.
1265 1377 1473 1432 [bekker.
1488 1378 1631 1422 Boett.
1646 1379 1857 1439 Rupe-rt]
1891 1404 1951 1414 —

1057 1438 1104 1479 in
1149 1436 1329 1494 reliquis
1376 1436 1501 1478 libris
1544 1446 1768 1488 servatur,
1821 1443 1950 1496 quod

1063 1510 1187 1537 nunc
1210 1495 1347 1551 magis
1373 1495 1418 1535 in
1446 1510 1527 1536 usu
1551 1502 1628 1545 est,
1649 1498 1950 1542 detrectaret.

1062 1552 1148 1595 Sed
1206 1551 1263 1593 ob
1317 1554 1524 1609 antiquos
1574 1551 1714 1594 libros
1767 1552 1815 1607 51¹
1873 1554 1950 1601 illa

1061 1609 1210 1651 forma
1235 1610 1585 1659 consentientes,
1628 1609 1824 1669 itemque
1845 1610 1951 1675 quia

1063 1666 1188 1712 vocis
1235 1665 1399 1723 origini
1443 1667 1829 1710 accommodatior
1871 1677 1952 1720 est,

1060 1723 1241 1767 mallem
1263 1739 1360 1764 eam
1382 1723 1476 1765 aliis
1496 1727 1676 1781 quoqu'e
1697 1723 1809 1768 locis
1829 1724 1951 1770 velut

1061 1781 1151 1824 An.
1185 1783 1223 1831 1,
1251 1780 1323 1822 42.
1358 1781 1423 1832 14,
1455 1779 1522 1823 52.
1559 1788 1644 1824 cet.
1678 1783 1948 1826 restitutam.

1061 1836 1450 1880 praestabiliorem
1495 1853 1590 1880 eam
1639 1853 1733 1881 esse
1780 1841 1953 1883 dudum

1062 1895 1270 1937 viderunt
1295 1893 1639 1938 Drakenborch.
1677 1897 1731 1938 ad
1759 1894 1858 1943 Liv'.
1883 1894 1955 1951 34,

1064 1954 1131 2003 15,
1155 1954 1197 1995 9.
1231 1968 1254 1993 a
1285 1951 1512 2010 Spalding.
1549 1953 1603 1995 ad
1638 1951 1802 2008 Quint.
1836 1956 1950 1999 lust.

1064 2026 1130 2057 or.
1151 2010 1192 2060 9,
1212 2011 1254 2057 2,
1279 2010 1374 2052 104.
1395 2008 1595 2053 laudatus
1609 2043 1621 2061 ,
1653 2010 1953 2070 Oudendorp.

1064 2067 1119 2114 ad
1144 2066 1334 2109 Sueton.
1362 2068 1487 2111 Caes.
1511 2083 1551 2111 c.
1571 2068 1641 2112 54.
1668 2069 1782 2128 Aug.
1808 2069 1953 2127 e.24.‚

1065 2123 1141 2167 alii
1199 2123 1300 2167 VV.
1364 2124 1473 2167 Dt).
1540 2126 1595 2169 ab
1655 2126 1838 2183 Dronk,
1910 2135 1954 2172 et

1065 2181 1238 2229 Osann.
1262 2181 1460 2226 indicati.

1122 2285 1227 2320 arte
1262 2281 1486 2334 quadam.
1555 2279 1616 2322 Ea
1651 2280 1954 2339 distinguendi

1065 2337 1262 2389 ratione,
1297 2351 1429 2392 quam
1455 2352 1537 2393 ego
1559 2337 1754 2390 institui,
1783 2339 1955 2382 solutae

1065 2402 1171 2438 sunt
1201 2392 1486 2436 difficultates
1521 2409 1703 2444 omnes,
1747 2412 1855 2452 quas
1888 2397 1956 2440 his

1065 2466 1131 2491 vv.
1166 2449 1450 2507 reperiebant
1487 2451 1769 2510 interpretes.
1843 2455 1969 2498 Aci-,

1068 2506 1208 2549 dalius
1251 2507 1527 2549 desiderabat
1565 2509 1690 2553 verbi
1727 2513 1958 2565 mitegrauit

1068 2564 1323 2610 obiectum,
1376 2566 1496 2620 quod
1547 2568 1823 2623 grammatici
1872 2585 1957 2612 vo-

1067 2629 1197 2672 cant,
1234 2621 1452 2677 ideoque,
1497 2622 1764 2668 Heumanno
1795 2626 1958 2669 adsen'-

1064 2679 1201 2720 tiente
1215 2710 1227 2727 ,
1259 2677 1481 2721 inserebat
1502 2682 1549 2723 id
1569 2689 1670 2724 ante
1692 2691 1814 2727 arte.
1860 2678 1956 2728 Alii

1064 2735 1353 2793 requirebant
1382 2736 1778 2790 coniunctionem,
1820 2757 1958 2799 quare

1065 2794 1295 2835 Ernestius
1317 2808 1402 2849 pro
1423 2796 1471 2835 id
1493 2794 1686 2840 malebat
1704 2802 1807 2850 sed,
1834 2799 1958 2856 quod

1068 2850 1246 2897 Schulz.
1283 2858 1325 2892 et
1358 2850 1576 2907 Seebod.,
1628 2854 1703 2896 sed
1748 2857 1786 2899 is
1828 2857 1958 2900 uncis

1068 2907 1443 2956 circumclusum,
1475 2910 1520 2952 in
1542 2917 1660 2953 textu
1683 2922 1958 2969 posuerunt;

1068 2965 1258 3010 Seebod.
1285 2966 1351 3007 ed.
1376 2965 1509 3008 altera
1526 2999 1539 3018 ,
1576 2967 1752 3012 Dronk.
1778 2979 1820 3013 et
1842 2971 1957 3013 Rau-

1070 3022 1317 3065 clienstein.
1370 3031 1422 3063 ac
1469 3032 1576 3069 arte
1625 3027 1960 3084 praeferebant3

1072 3079 1338 3138 Wopkens.
1354 3086 1406 3123 at
1427 3086 1656 3135 quaedam
1680 3086 1934 3141 corrigebat
1947 3102 1981 3137 ς,

1071 3137 1143 3180 alii
1183 3138 1375 3195 denique
1415 3151 1576 3181 verum
1615 3141 1686 3184 vel
1723 3145 1805 3185 sed
1844 3158 1955 3200 sup·
1990 3162 1991 3166 ¹

1070 3195 1282 3257 piendum
1309 3196 1570 3248 censebant3
1605 3208 1644 3241 et
1658 3198 1830 3243 Osann.
1853 3207 1960 3242 arte

1071 3255 1252 3308 quidem
1289 3261 1453 3295 temere
1490 3255 1770 3299 coniiciebat.
1833 3256 1959 3312 Quid

1072 3310 1192 3368 quod
1235 3312 1278 3352 in
1315 3318 1464 3354 nostra
1498 3312 1716 3371 scriptura
1754 3329 1810 3356 ne
1845 3329 1958 3371 opus

1074 3366 1253 3423 quidem
1302 3375 1399 3414 est,
1479 3377 1528 3412 ut
1578 3386 1683 3413 cum
1725 3369 1868 3413 Orell.
1918 3379 1962 3414 et

1071 3424 1272 3470 Walch.
1295 3425 1349 3469 ad
1372 3426 1525 3483 Agric.
1553 3443 1594 3484 p.
1617 3429 1714 3471 142.
1738 3427 1792 3470 ad
1815 3424 1960 3471 ἀσύν-

1073 3485 1209 3531 δετον
1229 3483 1558 3544 confugiamus.

1133 3584 1216 3629 ogo
1241 3575 1403 3614 autem
1434 3569 1550 3614 sicut
1575 3566 1623 3611 in
1644 3582 1684 3618 ρ.
1707 3581 1756 3613 a.
1779 3561 1963 3627 efficere
