2150 4022
1404 98 1426 107 κ

458 215 580 277 DE
630 211 1165 285 GERMANIA
1221 188 1516 289 estius.
1549 217 1603 273 6.
1830 166 1953 310 21
2036 266 2040 273 ,

100 355 244 413 beist
266 350 602 424 formasque
626 347 910 424 quasdam
935 357 1170 404 nostrae
1196 346 1477 429 pecuniae
1513 358 1839 419 agnoscunt
1866 359 1960 427 at—

97 444 212 516 que
238 435 487 508 eligunt:
535 432 845 490 interiores
871 430 1208 505 'simplicius
1241 444 1297 495 et
1326 431 1628 508 antiquius
1655 444 1957 506 permuta-
2031 451 2034 455 ·

94 524 256 581 tione
294 520 581 576 mercium
620 528 890 581 utuntur.
964 515 1290 597 (pecuniam
1326 518 1582 591 probant
1605 528 1869 573 veterem.
1897 529 1954 574 et

94 609 201 668 diu
251 616 451 663 notam
472 649 488 673 ‚
526 613 809 660 'serratos
852 601 1210 677 bigatosque.
1337 598 1668 674 Argentum
1716 623 1950 678 quoque

89 691 277 765 magis
312 709 490 766 quam
539 708 751 748 aurum
792 698 1122 763 sequuntur
1163 679 1329 742 nulla
1376 686 1702 750 adfectione
1748 688 1950 761 animi,

89 778 192 834 sed
234 776 376 853 quia
414 792 695 833 numerus
745 783 1156 845 argenteorum
1203 771 1436 828 facilior
1486 772 1622 828 usui
1671 783 1756 829 est
1806 793 1949 850 pro-

89 863 311 919 miscua
336 882 401 917 ac
426 859 566 916 vilia
596 858 1011 917 mercantibus,
1181 847 1188 869 ⁶

261 957 362 1019 VI.
449 955 536 1014 Ne
563 959 788 1014 ferrum
815 956 1065 1032 quidem
1106 966 1399 1029 superest,
1444 956 1595 1014 sicut
1635 977 1703 1016 ex
1739 977 1946 1031 gener-e
1984 1002 2011 1022 .

0 3179 4 3196 ’
71 3184 164 3225 gno
191 3168 266 3225 (5³)-

62 1045 339 1103 ‘telorum
389 1043 703 1117 colligitur.

83 1130 200 1187 ceis
228 1141 495 1187 utuntur.

140 1370 394 1425 simplicius
411 1376 456 1412 et
478 1367 733 1425 antiquius.
794 1367 972 1412 cs..uot.

79 1427 133 1474 ad
162 1429 252 1471 An.
276 1430 314 1479 1,
336 1429 406 1470 10.
431 1426 514 1468 sub
540 1442 586 1470 v.
606 1427 808 1480 grauius.

139 1508 343 1541 veterem
383 1505 428 1549 el
467 1498 548 1539 diu
590 1505 771 1540 notam.
857 1495 970 1538 Nam

80 1556 402 1615 posterioribus
455 1555 738 1612 temporibus
793 1563 973 1596 moneta

81 1622 287 1669 argentea
327 1629 446 1655 aere·
471 1613 730 1667 corruptior
776 1611 971 1656 habeba-

81 1680 174 1714 tur.
233 1671 291 1713 ef.
318 1669 508 1714 Plin.N.
534 1669 587 1711 H.
611 1668 682 1717 33,
710 1668 755 1715 3.
778 1677 822 1711 et
841 1669 885 1710 9.

137 1749 357 1785 serratos.
428 1742 485 1785 11.
521 1759 558 1784 e.
591 1741 820 1793 denarios,
865 1757 973 1795 quo-

79 1816 183 1842 rum
197 1800 386 1842 exterior
399 1810 480 1841 ora
495 1800 540 1841 in
552 1814 698 1840 serrae
710 1800 894 1840 modum
911 1806 974 1841 est

78 1857 237 1901 incisa.
313 1855 413 1899 Vid.
442 1854 624 1898 Eekhel.
651 1855 709 1898 D.
736 1855 834 1898 NN.
851 1855 972 1899 Vett.

76 1913 408 1972 impr-olegom.
441 1912 497 1956 ad
527 1928 652 1956 num.
684 1912 795 1956 fam.
831 1917 874 1967 §.
902 1914 967 1955 16.

34 2010 40 2014 .
75 1998 134 2009 --
163 1971 265 2015 MS.
288 1971 527 2028 Bamberg.
553 1977 662 2013 teste
684 1969 835 2028 Lipsio
864 1985 969 2013 ser-

75 2037 232 2087 vatos.
326 2035 330 2039 '
499 2069 514 2074 ,Α

133 2100 412 2153 bigatosque.
451 2095 548 2152 Qui
571 2095 785 2139 dicuntur
803 2112 827 2138 e
846 2105 970 2148 nota,

77 2171 210 2213 quam
232 2154 448 2198 terebant.
500 2153 824 2198 e{.Plin.N.H.
841 2153 967 2203 33,3.

132 2227 383 2281 argentum
408 2239 603 2281 quoque.
661 2224 740 2268 Ed.
759 2225 965 2270 Nox-imb.

76 2283 242 2327 omittit
267 2298 460 2339 quoque.

130 2365 411 2422 adfectione.
502 2365 577 2408 Sic
615 2363 751 2408 MSS.
790 2364 964 2408 Vatiee.

80 2424 205 2468 1518.
231 2432 273 2467 et
296 2423 424 2465 4498.
447 2421 560 2465 ΤυΓ.
595 2423 826 2479 Stuttgart.
862 2423 962 2466 edd.

75 2483 196 2540 Spir.
242 2479 374 2523 Kath.
421 2479 526 2522 Put.
574 2478 714 2522 Paris.
757 2480 963 2523 Beroald.

75 2540 218 2583 Rben.
241 2537 401 2594 (1519.)
425 2537 544 2593 Lips.
567 2535 751 2593 Pichon.
781 2552 877 2593 sqq.
916 2566 964 2573 --

75 2597 366 2652 affectatione
400 2593 536 2637 MSS.
568 2593 733 2637 Vaticc.
768 2595 888 2636 1862.
922 2602 965 2636 et

71 2649 276 2709 2964.’(ῗ)
309 2651 408 2695 edd.
439 2652 570 2696 Rom.
605 2651 814 2694 Norimb.
862 2651 960 2694 Alc.

76 2708 405 2765 1.tt1en.(1533.)
443 2709 542 2752 Ald.
577 2707 755 2765 Micyll.
793 2716 835 2750 et
875 2725 962 2751 nu-

109 2785 157 2812 er
202 2767 394 2812 Seebod.
488 2767 537 2808 ln
579 2765 778 2808 numeris
826 2765 962 2808 codd.

74 2785 248 2869 {satiem
286 2824 402 2882 apud
428 2823 683 2867 Broterium
717 2839 845 2865 error
887 2832 963 2866 est.

73 2882 190 2930 Nam
232 2881 375 2925 altero
418 2880 549 2932 loco,
608 2879 684 2932 ubi
732 2881 963 2938 posuimus

74 2940 226 2989 2964„
269 2939 342 2985 ille
374 2942 535 2997 repetit
569 2954 812 2980 numerum
833 2938 960 2980 4498.

76 2997 231 3053 Quum
253 2995 425 3039 Vaticc.
449 2995 574 3039 1862.
598 3003 639 3038 et
657 2994 786 3037 2964.
815 2994 958 3053 pluri-

74 3054 160 3099 mis
202 3051 314 3098 locis
355 3052 662 3100 consentiant,
715 3068 797 3110 pro
832 3053 959 3095 4498.

77 3110 218 3157 altero
262 3109 364 3154 loco
407 3110 536 3168 posui
578 3109 705 3151 2964.
751 3113 855 3153 cu'm
897 3110 961 3152 si-

333 3167 540 3211 Ceterum
572 3165 677 3210 infr.
715 3183 755 3210 c.
776 3167 846 3209 28.
884 3183 962 3210 ea-

75 3225 176 3272 dem
205 3233 339 3268 exstat
365 3224 609 3281 scripturae
634 3225 835 3267 varietas.

118 3307 313 3364 facilior
341 3308 462 3350 usui.
518 3307 657 3365 Lipsii
690 3309 961 3366 posteriores

74 3365 291 3408 editiones
322 3365 539 3421 faciliori
568 3367 692 3417 usui,
736 3365 959 3407 incertum

35 3464 38 3467 ,
75 3437 100 3464 e
131 3421 255 3465 libris
284 3438 340 3466 an
373 3438 421 3464 ex
451 3422 650 3478 ingenio.
709 3422 904 3465 Pichena
938 3438 959 3462 e

76 3485 178 3521 vett.
206 3478 332 3523 tibris
359 3478 551 3522 restituit
573 3479 785 3535 facilior,
837 3479 959 3538 quod

71 3535 204 3579 etiam
229 3535 403 3593 Lipsius
426 3536 563 3584 edidit
583 3551 704 3581 anno
728 3537 854 3582 1574.

822 1040 986 1098 Rari·
1023 1040 1231 1113 gladiis
1283 1052 1385 1097 aut
1438 1041 1764 1099 maioribus
1816 1045 1949 1100 lan-

583 1125 776 1184 hastas
804 1126 899 1182 vel
927 1124 1190 1200 ipsorum
1233 1126 1520 1183 vocabulo
1557 1127 1805 1184 frameas
1846 1148 1944 1201 ge-

1104 1366 1216 1411 CAP.
1239 1368 1282 1409 6.
1326 1375 1550 1422 superest.
1597 1366 1654 1409 cf.
1682 1367 1789 1410 infr.
1817 1369 1941 1424 026,

1043 1432 1261 1478 superest·
1295 1439 1427 1479 ager.
1505 1423 1620 1469 Hist.
1664 1426 1700 1476 1,
1734 1427 1805 1469 51.
1840 1429 1931 1468 viri

1044 1497 1187 1524 arma
1223 1513 1235 1524 .
1261 1514 1273 1526 .
1299 1515 1310 1525 .
1341 1490 1651 1534 supereranl;
1700 1482 1763 1526 ib.
1800 1482 1940 1529 c.,83·

1045 1548 1246 1596 utraque
1282 1541 1462 1594 egregie
1488 1547 1757 1593 supersunt.
1846 1539 1940 1584 Ea-

1046 1596 1144 1639 dem
1193 1595 1231 1637 vi
1276 1596 1322 1639 id
1366 1598 1554 1642 verbum
1596 1596 1782 1654 ponitur
1823 1598 1938 1655 apud

1046 1653 1232 1696 sueton.
1257 1653 1345 1697 Tit.
1380 1671 1420 1698 c.
1447 1657 1485 1698 1.
1555 1653 1674 1697 Ptin.
1703 1670 1774 1711 ep.
1807 1657 1846 1704 1,
1872 1651 1938 1701 10.

1046 1711 1086 1762 9,
1109 1711 1150 1754 7.
1208 1710 1394 1754 Terent.
1411 1711 1597 1754 Phorm.
1622 1712 1663 1763 2,
1691 1715 1728 1763 1,
1753 1714 1823 1757 10.

1103 1797 1166 1825 ex
1199 1797 1365 1837 genere
1399 1785 1624 1826 telorum.
1684 1783 1745 1826 cf.
1779 1785 1867 1828 An.
1896 1786 1942 1837 2,

1045 1840 1112 1884 14.

1101 1911 1357 1952 maioribus
1396 1911 1586 1952 lanceis.
1670 1909 1938 1968 Interpretes

1041 1967 1199 2011 Tacito
1245 1966 1465 2011 obiiciunt
1507 1967 1634 2010 locos
1669 1968 1756 2012 An.
1795 1972 1834 2017 1,
1860 1970 1934 2014 64.

1041 2026 1251 2078 ingentes
1293 2027 1489 2072 hastas,
1561 2033 1603 2066 et
1653 2024 1742 2069 An.
1784 2026 1826 2077 2,
1867 2028 1935 2072 14.

1039 2083 1246 2126 enormis
1268 2084 1455 2132 hastas,
1487 2089 1531 2135 et
1554 2081 1614 2124 ib.
1645 2098 1684 2125 c.
1702 2083 1773 2125 21.
1795 2083 1935 2139 prae·

1039 2143 1207 2193 longas
1239 2142 1428 2187 hastas:
1479 2155 1592 2196 quae
1632 2155 1737 2182 cum
1785 2141 1845 2184 ibi
1888 2152 1936 2187 ut

1040 2197 1225 2255 vulgare
1258 2196 1367 2255 quid
1393 2195 1636 2251 =Germanis
1666 2195 1935 2254 tribuantur,

1038 2264 1142 2298 sunt
1175 2255 1252 2312 qui
1282 2260 1443 2312 putent·
1472 2253 1675 2296 Tacitum
1726 2272 1933 2300 successu

1037 2312 1253 2370 temporis
1288 2308 1448 2353 meliu's
1483 2311 1536 2353 de
1570 2312 1702 2354 rebus
1741 2311 1931 2358 Germa-

1037 2386 1200 2412 norum
1226 2369 1439 2412 edoctum
1467 2370 1513 2411 in
1541 2368 1776 2411 Annalium
1809 2371 1932 2426 libris

1038 2427 1092 2469 de
1121 2425 1201 2468 hac
1234 2444 1281 2468 re
1303 2427 1467 2469 rectius
1500 2425 1701 2468 statuisse
1725 2443 1857 2492 quam
1883 2428 1930 2471 in

1037 2483 1189 2526 libello
1213 2484 1265 2526 de
1297 2482 1556 2525 Germania.
1620 2482 1708 2526 Sed
1733 2482 1931 2534 lanceae

1002 2556 1119 2582 *usu
1169 2549 1210 2582 et
1258 2540 1405 2583 forma
1461 2540 1672 2585 videntur
1727 2541 1931 2588 diversae

1035 2597 1170 2639 fuisse
1223 2598 1276 2640 ab
1329 2599 1506 2639 lmstis:
1567 2613 1668 2639 nam
1710 2601 1929 2656 quamvis

1035 2657 1198 2696 hastas
1245 2655 1532 2712 praelongas,
1575 2670 1806 2708 enormes,
1853 2652 1930 2701 iti-

1035 2720 1187 2768 gentes
1236 2711 1399 2754 Noster
1448 2711 1687 2766 Germanis
1750 2717 1928 2765 tribuat,

1034 2773 1221 2812 lanceas
1251 2769 1442 2821 maiores
1469 2770 1586 2822 iuter
1612 2786 1769 2814 eorum
1803 2789 1927 2817 arma

1035 2841 1264 2882 nunquam
1298 2831 1534 2871 memorat.
1612 2827 1670 2870 Et
1702 2827 1805 2887 quia
1832 2831 1927 2874 tan-

1035 2900 1137 2926 ceae
1161 2899 1285 2926 nunc
1312 2884 1649 2941 coniunguntur
1685 2903 1787 2929 cum
1826 2887 1923 2943 gla-

1034 2940 1142 2991 diis,
1193 2940 1309 2983 haud
1357 2949 1524 2984 temere
1565 2942 1779 2987 coniicies
1803 2966 1806 2971 ·
1826 2946 1924 2988 lan-

1034 3013 1156 3040 ceam
1202 2997 1335 3040 fuisse
1380 2999 1540 3046 telum,
1591 3015 1681 3056 quo
1717 3003 1924 3046 cominus

1032 3064 1282 3112 pugnarent
1309 3057 1401 3110 (ein
1423 3054 1772 3115 Stossgeweln·).

1074 3137 1316 3194 frameaS.
1390 3139 1459 3182 De
1483 3140 1651 3183 framea
1683 3140 1730 3182 in
1765 3158 1920 3186 museo

1031 3194 1392 3251 Schoepfliniano
1425 3198 1541 3255 apud
1570 3199 1921 3255 Argentoraten-

1031 3266 1100 3294 ses
1133 3255 1360 3297 adservata
1390 3254 1484 3297 vid.
1512 3253 1719 3298 Oberlin.
1744 3255 1803 3298 ad
1823 3257 1865 3301 h.
1885 3257 1918 3303 l.

1031 3308 1172 3352 Hasce
1218 3309 1409 3355 frameas
1463 3311 1583 3354 idem
1630 3329 1723 3356 esse
1767 3311 1919 3366 telum,

1032 3365 1155 3423 quod
1185 3366 1367 3411 Tacitus
1408 3369 1453 3411 in
1499 3368 1746 3413 Annalium
1793 3370 1917 3425 libris

1031 3424 1254 3469 hastarum
1302 3427 1521 3470 vocabulo
1557 3425 1795 3484 Germanis
1832 3429 1913 3473 tri·

1031 3481 1152 3530 buit,
1193 3482 1296 3525 inde
1325 3483 1430 3527 satis
1455 3492 1599 3542 patet,
1639 3487 1761 3542 quod
1797 3503 1918 3533 nune

1028 3537 1220 3584 frameas
1241 3537 1558 3599 interpretatur
1581 3557 1657 3600 per
1679 3544 1859 3588 hastas.
