2150 4022
197 248 317 306 176

489 241 729 305 IULII
774 241 1092 321 AGRIC.
1136 241 1369 306 VITA
1412 241 1616 317 CAR
1642 247 1747 307 50.

190 376 528 450 „libertatis
570 385 886 444 extremm,
946 393 1207 433 recessus
1253 375 1376 450 ipse
1419 394 1489 433 ae
1533 374 1698 446 sinus
1722 414 1725 420 ,
1747 377 1938 451 famae
1984 378 2051 435 in

187 460 398 536 ²,hunc
432 461 588 518 diem
623 461 904 530 defendit.
990 479 1152 517 nunc
1178 459 1468 518 terminus
1490 452 1839 519 Britanniae
1865 473 2050 539 patet:

212 740 215 743 ,
248 711 458 742 recessus
497 697 595 748 ipse
631 710 686 735 ac
728 695 859 738 sinus
889 694 1078 752 famae.

187 758 360 806 Locus,
401 752 478 811 qui
510 755 676 796 mirum
709 751 756 794 in
794 753 1081 795 modum—jn-

189 822 439 872 terpretum
477 811 652 868 ingenia
688 810 903 860 exercuit,
937 810 1081 853 immo

188 870 376 919 vexavit,
407 883 548 926 quum
567 866 654 909 alte
678 867 928 911 scrutando
952 883 1082 925 quae·

178 936 364 980 Terent,
395 927 515 984 quod
554 934 654 970 ante
687 926 821 982 pedes
852 933 916 967 est
941 924 1082 1023 sposi--

186 998 301 1040 tum.
369 984 546 1043 Lipsius
587 983 796 1040 explieat:
841 983 934 1031 „de
958 982 1082 1025 endit

176 1038 298 1096 nos,
330 1042 451 1101 quod
475 1040 734 1100 longinqui,
760 1039 926 1083 occulti
950 1047 992 1083 et
1015 1039 1082 1081 vix

183 1102 305 1146 fama
348 1099 448 1143 noti
488 1098 657 1142 fuimus
694 1098 902 1151 (iqsssinu
939 1097 1083 1140 famae

185 1158 425 1215 conditi).”
464 1156 627 1205 Sedvix
642 1155 751 1199 mihi
774 1155 1082 1213 persuadeam,

184 1227 276 1262 tam
307 1212 513 1259 modeste
541 1214 761 1271 'loquutos
803 1228 899 1256 esse
941 1211 1079 1255 nobi-

185 1273 383 1319 lissimos
409 1272 550 1316 totius
569 1270 857 1319 Britanniae.
883 1270 932 1312 in
965 1285 1080 1327 quo-

183 1347 287 1384 rum
308 1330 517 1374 manibus
544 1329 719 1388 priores
745 1343 922 1387 pugnae
954 1344 1080 1385 spem

183 1405 238 1434 ac
268 1387 519 1432 subsidium
564 1385 809 1438 habebant;
865 1401 948 1431 nee
980 1385 1079 1428 fero

182 1447 306 1491 hunc
329 1445 580 1490 verborum
589 1445 767 1499 famae
787 1444 923 1486 sinus
944 1442 1080 1501 signi·

182 1505 387 1549 ficatum.
446 1501 615 1545 Eadem
654 1500 871 1544 sententia
903 1499 1020 1543 inest
1044 1499 1080 1542 Ι.

181 1563 262 1606 Fr.
303 1559 527 1604 Gronovii
573 1557 881 1617 explicationi,
945 1573 1081 1615 quam

181 1616 420 1678 proposuit
446 1615 705 1660 Observatt.
730 1615 764 1658 I.
791 1631 834 1659 c.
849 1615 891 1658 4.
924 1617 988 1673 [p.
1012 1614 1083 1657 29.

182 1677 258 1722 ed.
290 1673 546 1729 Frotsch.]‚
588 1676 752 1716 sinum
782 1689 875 1716 esse
907 1680 1081 1731 partem

182 1741 403 1778 secretam
441 1741 483 1775 et
519 1732 674 1775 locum
707 1730 895 1781 maxime
929 1746 1080 1773 remo·

182 1801 279 1836 tum
296 1825 307 1843 ,
338 1799 386 1833 ut
410 1790 464 1833 de
489 1788 645 1832 Germ.
671 1805 710 1833 c.
735 1788 804 1831 99.
821 1822 832 1838 ,
860 1788 938 1831 ubi
970 1803 1080 1832 vero

181 1849 389 1894 homines
416 1847 543 1896 nulli,
570 1847 629 1890 ibi
655 1863 740 1889 nec
763 1846 946 1894 famam,
970 1862 1083 1903 quae

163 1907 418 1951 bominum
466 1921 544 1947 ore
584 1904 770 1954 seritur,
821 1903 1084 1960 intelligen-

182 1966 292 2010 dum
323 1963 461 2020 igitur
493 1978 609 2005 esse:
658 1961 807 2003 sinum
842 1977 893 2005 ac
926 1977 1080 2004 reces-

180 2039 282 2068 sum
320 2036 425 2064 orae
456 2018 726 2062 habitabilis.
790 2018 894 2075 Qua
925 2019 971 2060 in
1005 2033 1081 2060 ex·

180 2077 427 2135 plicatione
476 2077 800 2133 acquieverunt
847 2075 1079 2133 plerique.

179 2138 353 2182 Novam
391 2134 614 2178 rationem
645 2134 909 2191 excogitavit
936 2132 1080 2175 Wal-

181 2195 328 2244 chius;
359 2193 649 2250 progrediens
672 2191 791 2234 enim
821 2192 858 2234 is
880 2208 903 2234 a
928 2190 1078 2233 dicen-

181 2253 227 2300 di
262 2249 475 2294 formulis
504 2252 724 2304 spelunca
747 2251 848 2291 alto
872 2262 1076 2302 recessu,

182 2323 318 2356 mare
342 2311 442 2351 olco
467 2321 646 2351 recessu
673 2322 831 2349 vocem
864 2316 1079 2349 recessus

167 2370 346 2427 famae
374 2365 538 2422 accipit
567 2365 620 2406 de
646 2364 760 2407 fama
785 2380 808 2406 e
830 2371 1077 2420 conspectu

179 2425 503 2470 Britannorum
540 2421 599 2464 ins
628 2420 951 2464 remotissimas
983 2430 1077 2464 ter-

179 2501 253 2528 ras
286 2482 528 2525 recedente
559 2480 779 2532 (intensiv
819 2479 954 2522 stark
996 2494 1077 2532 ge-

179 2543 425 2586 wordener
461 2537 796 2593 Ruf)';==s1'nus
812 2536 989 2592 famae
1023 2537 1079 2579 de

180 2601 298 2642 fama
321 2596 469 2638 sinum
493 2594 615 2652 quasi
642 2594 928 2637 sermonibus
954 2610 1079 2651 prae-

179 2658 312 2700 bente
335 2653 564 2706 (extensio
582 2653 948 2706 ausgebreiteter
960 2652 1079 2708 Rus)

180 2723 223 2759 et
255 2713 310 2756 ad
346 2709 658 2753 illustrandam
704 2709 971 2752 sententiam
1020 2710 1078 2752 ita

181 2787 279 2815 eam
332 2765 573 2811 describit:
629 2768 760 2815 Uns,
812 2770 902 2808 das
941 2769 1079 2808 Ietzte

185 2828 303 2870 Volk
331 2829 413 2867 des
436 2824 718 2867 Erdkreises
751 2841 793 2866 u.
827 2827 910 2865 der
941 2825 1079 2868 Frei-

180 2888 299 2939 heic,
365 2887 448 2923 der
484 2897 573 2923 aus
617 2886 724 2924 dem
759 2882 950 2925 Anba-'ck
991 2885 1076 2924 der

179 2943 458 2994 Britamn'er
485 2942 534 2980 in
566 2941 772 2981 weiteste
795 2942 947 2983 Ferae
980 2940 1075 2980 sicli

180 2999 466 3050 zurit‘cltzog,
521 3012 563 3039 u.
595 3000 679 3037 der
714 2998 870 3039 Fama
903 2998 1073 3050 gleich-

146 3089 148 3091 -
180 3074 288 3102 sam
319 3059 412 3098 den
449 3054 608 3096 Busan
644 3055 835 3107 offnete,
893 3054 962 3095 bis
993 3052 1088 3108 auf

180 3121 273 3159 den
298 3113 510 3165 heutigen
524 3110 568 3151 T
564 3127 625 3165 ag
644 3115 894 3163 geschiitzt.
946 3110 1075 3166 Quae

181 3172 332 3218 omnia
378 3166 640 3212 mirabiliter
679 3169 796 3211 dicta
834 3184 952 3216 esse,
1007 3168 1077 3210 fa-

181 3241 282 3275 teor
343 3228 551 3284 ingenue.
656 3225 756 3268 Alia
826 3224 1075 3284 explicandi

180 3287 296 3333 ratio
331 3285 384 3329 ab
420 3283 584 3326 Rothio
625 3282 852 3339 proposita
888 3291 952 3325 est
987 3283 1016 3325 l.
1047 3281 1077 3324 l.

179 3363 223 3405 p.
247 3347 314 3389 10.
336 3360 430 3400 sq.,
461 3340 496 3383 is
521 3338 826 3393 enimfiunae
853 3356 957 3382 casu
981 3348 1072 3382 ter-

179 3404 243 3447 tio
270 3417 373 3445 eum
402 3399 544 3443 verbo
566 3399 769 3452 defendit
795 3397 1071 3453 iungendum

181 3467 358 3509 censet,
397 3465 444 3499 ut
470 3454 550 3498 sit:
591 3469 790 3498 recessus
821 3455 912 3511 ipse
943 3470 994 3496 ac
1020 3454 1074 3495 si·

181 3533 266 3559 nus
300 3531 383 3558 nos
428 3529 452 3556 a
485 3512 601 3555 fama
639 3510 866 3562 defendit,
914 3511 1074 3569 procul

180 3574 352 3622 babuit,
414 3572 539 3627 isque
597 3567 862 3613 seutentiam
918 3567 1072 3611 firma-

1154 701 1246 735 tam
1271 702 1396 752 putat
1422 694 1566 738 verbis
1596 712 1718 754 sqq.:
1755 710 1893 740 omne
1913 691 2051 750 ‘tigno'-

1155 758 1253 793 tum
1296 766 1386 806 pro
1436 755 1682 810 magmfieo
1743 760 1848 797 ests
1888 752 2052 797 ‚Hane

1153 810 1402 863 defendere
1446 810 1574 855 verbi
1611 812 1842 869 propriam
1876 809 2049 870 signifi-

1157 867 1379 910 cationem
1422 883 1538 919 esse,
1588 877 1638 913 ut
1671 869 1727 912 sit
1770 875 1852 926 pro
1895 868 2048 922 urceo,

1150 926 1397 979 propulsa,
1428 924 1655 968 neminem
1676 926 1790 984 fugit
1811 924 1892 976 [cf.
1907 924 2051 969 Beier.

1156 982 1210 1024 ad
1234 981 1378 1027 Cicer.
1402 981 1494 1026 Off.
1532 987 1568 1032 1,
1591 984 1632 1035 7,
1653 983 1774 1039 233,
1807 984 1860 1027 vid
1887 998 1998 1030 vero
2025 998 2049 1025 a

1155 1037 1372 1096 pedestris
1393 1038 1608 1084 orationis
1629 1040 1926 1099 scriptoribus
1943 1040 2051 1083 cum

1155 1097 1318 1139 dativo*
1370 1096 1579 1141 iunctum
1641 1114 1734 1142 esse
1802 1104 2051 1156 nunquam,

1154 1154 1400 1198 contendo,
1491 1155 1552 1199 cf.
1595 1155 1940 1206 Drakenborch.
1993 1155 2048 1198 ad

1154 1212 1234 1256 Sil.
1268 1214 1308 1267 5,
1335 1212 1434 1255 490.
1498 1213 1587 1257 Sed
1618 1223 1666 1256 ut
1705 1209 1785 1266 sit,
1815 1211 2050 1259 eadem-{a-

1153 1286 1261 1313 men
1294 1271 1458 1314 residet
1489 1270 1536 1314 in
1570 1271 1669 1329 ipsa
1688 1267 2049 1314 sententia-diffi-

1154 1327 1324 1378 cultas,
1378 1344 1509 1386 quam
1545 1330 1804 1373 notavimus
1835 1342 1970 1386 supra
2002 1327 2050 1385 in

1152 1386 1286 1445 Lipsii
1343 1385 1510 1430 verbis.
1601 1385 1840 1446 Sellingius
1880 1385 1927 1428 in
1962 1383 2048 1427 ob-

1152 1459 1301 1488 servv.
1335 1459 1434 1501 pag.
1472 1443 1546 1487 25.
1586 1446 1717 1487 sinus
1749 1460 1802 1488 ac
1835 1454 2051 1486 recessus

1153 1516 1406 1558 synonyma
1443 1517 1537 1544 esse
1573 1511 1618 1544 et
1651 1518 1701 1544 ex
1737 1511 1930 1559 utroque
1954 1499 2048 1555 fa-

1155 1575 1262 1600 mae
1308 1558 1555 1615 genitivum
1634 1558 1798 1602 endere
1831 1558 2051 1602 statuebat

1152 1615 1235 1659 hac
1266 1615 1506 1658 sententia:
1556 1575 1784 1667 „gomani
1819 1629 1962 1672 usque
1993 1612 2050 1667 ad

1153 1674 1276 1716 hunc
1303 1671 1422 1714 diem
1457 1688 1540 1715 nos
1577 1673 1895 1735 nonaggr'essi
1926 1678 2050 1720 sunt,

1153 1746 1246 1773 non
1270 1729 1421 1773 sol-um
1452 1739 1639 1788 propter
1672 1729 2049 1789 longinquitatem

1152 1788 1347 1846 regionis
1383 1797 1586 1840 nostrae,
1626 1789 1702 1831 sed
1735 1788 1895 1838 etiam,
1924 1787 2049 1845 quod

1151 1863 1209 1889 ne
1243 1855 1409 1888 nomen
1444 1845 1627 1902 quidem
1656 1855 1865 1890 nostrum
1889 1845 1945 1889 ad
1967 1860 2049 1889 au-

1151 1920 1219 1947 res
1260 1919 1418 1945 eorum
1458 1904 1720 1960 pervenit.”
1796 1904 1886 1948 Sed
1921 1911 2048 1947 tanto

1151 1962 1303 2005 labore
1339 1977 1430 2002 non
1464 1968 1557 2002 erat
1591 1976 1730 2018 opus,
1773 1970 1822 2007 ut
1854 1960 2048 2019 genuina

1152 2018 1372 2062 sententia
1405 2018 1508 2074 loco
1543 2018 1823 2063 redderetur.
1881 2019 2046 2063 Dicen-

1152 2077 1260 2120 dum
1295 2084 1360 2117 est
1391 2076 1618 2131 primurn,
1647 2075 2047 2128 verba-cohaerere

1151 2135 1238 2176 sic:
1286 2132 1474 2187 priores
1510 2148 1704 2187 pugnae.
1731 2157 1789 2167 -
1811 2147 1966 2188 ,ερεῃιι
1988 2150 2049 2185 ac

1149 2191 1410 2236 subsidium
1434 2191 1480 2231 in
1510 2193 1685 2232 nostris
1717 2192 1934 2236 munibus
1955 2165 2045 2242 lia-,-

1150 2250 1343 2298 bebant;
1374 2271 1428 2280 -
1481 2261 1568 2288 nos
1609 2271 1666 2287 -ψ-
1703 2262 1911 2302 recessus
1950 2249 2047 2303 lpse

1149 2322 1206 2348 ac
1242 2307 1369 2347 sinus
1399 2305 1572 2359 santae
1607 2305 1844 2363 defendit-4
1872 2305 2047 2361 «μί-ψ

1150 2377 1238 2406 nos
1259 2372 1302 2405 et
1322 2363 1507 2415 priores
1523 2366 1719 2416 pugn'ae
1741 2357 1937 2417 inviffln
1962 2361 2047 2417 sibi

1149 2421 1237 2463 sint
1259 2421 1478 2478 opposita.
1545 2420 1771 2462 Recessus
1796 2419 1851 2463 ad
1873 2428 2046 2463 antece-

1151 2477 1299 2531 dentia
1324 2484 1522 2535 spectare
1545 2477 1756 2535 idemque
1779 2476 1929 2542 signifi
1986 2493 2047 2526 re,

1151 2541 1286 2594 quarn
1311 2534 1431 2593 quod
1460 2534 1601 2576 verbis
1627 2543 1866 2586 terrarum
1888 2534 1953 2578 ea?
2004 2549 2046 2578 e·

1151 2593 1220 2634 mi
1258 2600 1299 2635 et
1339 2594 1388 2641 in
1427 2591 1754 2647 penetrblibu's
1795 2588 1891 2643 siti*
1914 2592 2045 2645 inest.

1152 2651 1397 2694 edocemur
1421 2651 1513 2703 ipse
1541 2648 1839 2706 pronomint'23
1868 2648 1977 2693 est?
2002 2649 2042 2691 i-

1150 2717 1225 2751 tur
1261 2716 1466 2749 nostrum
1500 2708 1572 2748 die
1596 2705 1900 2764 Engfern'u‘ng.
1958 2704 2044 2750 ’ὶί-

1150 2781 1330 2809 versum
1366 2765 1419 2806 ab
1460 2763 1648 2807 hoc'est
1696 2763 1884 2806 alterum
1929 2762 2043 2808 illud

1149 2825 1280 2865 sinus
1295 2822 1494 2877 famae,
1526 2820 1647 2879 quod
1674 2819 1931 2879 neutiquam
1958 2837 2043 2881 pro

1149 2887 1407 2937 synonymo
1444 2892 1648 2920 recessus
1683 2877 1894 2922 vocabuli
1937 2894 2042 2922 cum

1149 2937 1313 2979 Rothio
1352 2945 1393 2978 et
1432 2934 1648 2989 Sellingio
1695 2934 1838 2992 accipi
1879 2943 2041 2994 potest.

1149 2994 1272 3052 Quid
1327 2993 1408 3042 sit,
1468 2992 1766 3036 demonstrari
1797 2993 1962 3052 poterit
1991 3009 2043 3041 ex

1148 3051 1324 3094 dicendi
1365 3049 1577 3093 formulis
1618 3058 1802 3104 gestare
1841 3052 1888 3094 in
1918 3052 2040 3108 sinu,

1145 3111 1317 3152 habere
1378 3111 1512 3162 sinu,
1577 3123 1690 3167 quae
1758 3109 1813 3150 de
1882 3108 2043 3152 intima

1147 3165 1447 3209 familiaritate
1525 3175 1568 3207 et
1648 3164 1830 3208 caritate
1908 3181 2041 3213 usur,

1148 3231 1312 3281 pantur
1344 3221 1716 3280 frequentissime.
1792 3221 1946 3278 Quare
1974 3218 2043 3266 επί-Δ

1147 3295 1236 3323 nus
1258 3281 1432 3336 firmae
1465 3295 1548 3322 nos
1582 3280 1813 3335 defendit,
1851 3278 1896 3322 h.
1921 3296 1960 3323 e·
1995 3279 2039 3323 id

1148 3354 1231 3380 nos
1266 3337 1488 3389 defendit,
1540 3338 1660 3396 quod
1690 3336 1738 3379 in
1766 3336 1867 3380 sinu
1899 3335 2042 3381 famae

1145 3411 1326 3445 suinus3
1382 3396 1556 3453 egregia
1602 3395 1674 3436 illa
1721 3403 1764 3437 et
1807 3394 2041 3451 magnifica

1148 3452 1314 3510 gloria,
1349 3468 1461 3511 quae
1493 3468 1575 3495 nos
1605 3460 1759 3508 utpote
1785 3451 1920 3497 totius
1945 3452 2040 3494 Bri·

1146 3510 1323 3552 tanniae
1372 3510 1670 3552 nobilissimos
1707 3516 1916 3557 exornat,
1967 3508 2039 3552 ‹te-
2091 3524 2093 3526 ·

1146 3566 1286 3610 fendit
1319 3582 1418 3611 nos.
1486 3567 1564 3611 Sic
1598 3565 1778 3608 demum
1809 3565 2039 3623 sequentia
