2150 4022
76 328 81 332 f
170 275 289 359 102
493 229 569 333 c.
621 269 1178 369 conNELms
1237 261 1658 349 merrus

126 410 131 423 ‘
163 423 330 460 mora
370 403 649 478 lucosque
693 401 843 458 sicut
876 400 1121 475 orientis
1157 402 1420 472 secreti3‚
1488 403 1599 478 ubi
1635 413 1768 462 tura
1814 405 2012 479 balsa-

163 499 377 565 maque
418 490 734 556 sudantur,
789 487 870 543 ita
910 485 1229 544 occidentis
1269 485 1480 543 insulis
1506 484 1796 566 terrisque
1819 490 2042 562 inessej
2079 497 2104 531 Ψ

165 574 541 630 crediderim:
610 591 760 647 quae
799 571 983 628 vicini
1019 571 1159 627 solis
1199 567 1382 655 radiis
1423 591 1689 647 expressa
1727 585 1900 652 atque
1935 575 2015 631 li-
2114 641 2122 660 Ι

166 659 406 737 quentia
435 659 498 713 in
526 657 861 732 proximum
889 676 1049 712 mare
1075 657 1361 712 labuntur
1398 676 1463 713 ac
1502 656 1564 712 vi
1604 668 2015 735 tempestatum
2060 720 2062 722 ,

163 743 230 799 in
255 745 496 800 adversa
521 743 695 799 litora
725 743 1040 820 exundant.
1127 741 1176 796 si
1212 753 1485 798 naturam
1521 743 1743 799 succini
1774 745 2013 802 admoto

161 829 298 902 igne
324 839 537 896 tenteS,
571 828 637 883 in
661 829 906 884 modum
928 826 1096 884 tedae
1119 826 1460 883 accenditur
1477 827 1698 904 alitque
1717 829 2017 906 flammam

160 915 440 989 pinguem
486 925 542 970 et
580 914 860 969 olentem:
913 933 1049 967 mox
1088 923 1149 969 ut
1193 911 1258 967 in
1294 912 1483 986 picem
1517 914 1847 971 resinamve
1883 914 2016 991 len-

160 999 344 1055 tescit.
431 997 756 1056 Suionibus
778 998 1053 1056 Sitonum
1080 1008 1277 1069 gentes
1302 998 1740 1059 continuantur.
1827 1010 2018 1057 cetera

163 1084 383 1140 similes
423 1104 544 1142 uno
583 1084 896 1152 differunt,
940 1083 1102 1158 quod
1133 1083 1356 1139 femina
1380 1083 1745 1141 dominatur:
1790 1085 1857 1141 in
1882 1097 2016 1143 tan-

159 1181 289 1226 tum
318 1189 442 1226 non
470 1170 648 1226 modo
685 1189 714 1224 a
749 1169 1047 1236 libertate,
1104 1169 1205 1223 sed
1244 1169 1420 1224 etiam
1458 1188 1490 1224 a
1528 1169 1805 1227 servitute
1843 1171 2018 1245 dege-

160 1266 386 1313 nerant.

1179 1431 1364 1473 succini.

1121 1487 1303 1532 mendo.

1179 1561 1294 1614 igni.
1367 1561 1443 1605 Sic
1474 1562 1577 1606 edd.
1608 1561 1815 1607 Norimb.
1850 1563 2018 1607 Vienn-

1123 1618 1263 1661 Paris.
1287 1625 1330 1659 et
1353 1634 1498 1676 nuper
1519 1619 1705 1665 Passov.
1731 1619 1930 1666 Walch.
1960 1643 2021 1654 —-

1123 1677 1231 1729 igne
1251 1674 1475 1720 MS.Tur.
1498 1676 1600 1720 edd.
1623 1676 1742 1735 Spir.
1767 1676 2020 1722 Rati-‚Pan

1123 1733 1193 1776 M.
1228 1741 1273 1776 et
1294 1732 1346 1776 V.
1374 1733 1586 1778 Beroald.
1610 1750 1711 1793 sqq.
1769 1734 1859 1779 Sed
1894 1743 2019 1779 utra-

1124 1806 1211 1848 que
1245 1789 1396 1834 forma
1426 1791 1608 1835 Tacitus
1642 1792 1897 1850 promiscue
1926 1793 2019 1836 uti-

1123 1857 1214 1890 tur.
1272 1847 1333 1890 cf.
1368 1848 1460 1893 An.
1485 1850 1555 1897 12,
1581 1848 1653 1893 58.
1677 1849 1749 1893 64.
1785 1849 1850 1902 14,
1869 1849 1944 1894 23.
1978 1858 2022 1894 et

1123 1905 1198 1949 30.
1241 1905 1306 1955 16,
1339 1907 1383 1949 6.
1459 1905 1552 1949 Pro
1590 1907 1727 1955 altera
1767 1907 1916 1951 forma
1958 1906 2022 1952 cf.

1125 1963 1214 2007 An.
1238 1962 1279 2014 3,
1303 1962 1372 2007 72.
1408 1963 1450 2014 6,
1472 1960 1543 2007 45.
1600 1963 1714 2010 Hist.
1745 1965 1788 2017 2,
1816 1963 1863 2009 3.
1905 1963 1947 2016 5,
1977 1965 2022 2010 7.

215 1440 339 1476 tura.
399 1430 476 1475 Sic
509 1429 610 1474 edd.
633 1429 755 1488 Spir.
783 1430 918 1474 Kath.
950 1430 1050 1474 No-

154 1488 290 1533 rimb.
307 1496 349 1532 et
363 1503 511 1545 nuper
520 1487 698 1531 Passow
714 1487 842 1531 Hess.
855 1487 1052 1532 Walch.

155 1546 438 1603 aliaeque.-
451 1547 592 1587 thura
605 1544 824 1588 MS.Tur.
835 1545 934 1587 edd.
948 1546 1051 1589 Put.

155 1603 225 1647 M.
251 1612 293 1646 et
305 1602 362 1648 V.
383 1602 525 1646 Paris.
547 1602 757 1645 Beroald.
779 1618 880 1660 sqq.
905 1611 947 1645 et
969 1619 1049 1645 nu-

155 1676 239 1718 per
251 1659 481 1704 Bekkerus
503 1675 607 1703 cum
633 1657 748 1702 aliis.
791 1659 853 1703 cf.
869 1659 1052 1703 Schnei-

158 1718 255 1761 der.
279 1716 362 1761 Gr.
389 1716 445 1761 T.
463 1719 508 1762 'l.
538 1717 659 1760 Part.
688 1720 726 1760 1.
757 1732 801 1773 p.
823 1718 926 1761 200.

214 1775 536 1832 balsamaque.
607 1774 709 1818 MS.
743 1775 912 1834 stuttg.
950 1778 1051 1818 bal-

154 1845 550 1989 {ezzlglqgoqgffd-
573 1888 714 1933 Paris.
740 1888 952 1934 Norimb.
976 1906 1062 1934 ra·-

191 1962 281 1992 ms.

1446 1431 1530 1474 Ed.
1581 1430 1698 1490 Spir.
1757 1430 1936 1483 suecia,
1994 1446 2019 1475 e

214 2005 451 2061 liquentia.
513 2003 590 2047 Sic
623 2004 725 2048 MS.
752 2004 919 2060 Stuttg.
950 2004 1051 2048 edd.

154 2061 256 2107 Alc.
278 2062 423 2106 Rhen.
447 2061 610 2118 (1533.)
631 2062 742 2106 Ald.
764 2077 860 2120 sqq.
886 2086 942 2097 -
1001 2063 1052 2103 li-

187 2121 352 2163 uentia
381 2121 480 2163 MS.
504 2119 616 2162 Tur.
652 2120 751 2162 edd.
777 2119 806 2162 S
842 2121 893 2163 ir.
922 2120 1054 2163 Kath.

199 2185 258 2222 ut.
292 2177 360 2221 M.
399 2187 442 2220 et
473 2178 528 2219 V.
560 2176 770 2220 Beroald.

155 2235 389 2292 liquontia
411 2234 480 2278 ed.
501 2233 645 2277 Rhen.
667 2235 845 2291 (1519).

214 2294 438 2335 labuntur
470 2322 482 2334 .
507 2323 520 2335 .
546 2324 558 2334 .
584 2323 597 2335 .
631 2297 899 2335 exundant.
967 2292 1053 2336 Er—

158 2349 330 2395 nestius
353 2349 546 2392 malebat
568 2352 791 2392 labantur
815 2384 826 2394 .
842 2382 853 2393 .
869 2383 880 2393 .
904 2365 1054 2393 exun-

159 2411 283 2458 dent.
341 2405 430 2449 Sed
449 2405 557 2450 haee
575 2407 714 2451 verba
740 2424 833 2450 non
857 2408 915 2452 ita
937 2424 1054 2450 nexu

161 2463 328 2508 causali
361 2480 465 2508 cum
493 2463 864 2521 praecedentibus
888 2465 1051 2508 cohae-

158 2531 285 2573 rent,
321 2529 371 2564 ut
400 2522 592 2564 debeant
616 2522 908 2567 coniuncti'vo
933 2522 1058 2566 exhi-

158 2579 274 2621 beri.
333 2579 514 2622 Etenim
544 2594 662 2635 quae
683 2580 739 2622 ad
759 2595 957 2625 nemora
981 2583 1057 2622 Iu-

161 2651 325 2693 cosque
344 2635 541 2688 referre,
573 2637 634 2679 uti
661 2636 809 2680 solent
832 2639 1063 2696 interpre-

162 2701 253 2744 tes,
288 2693 535 2736 absurdum
558 2703 647 2746 est,
678 2695 782 2752 quia
805 2712 995 2740 nemora
1019 2705 1062 2740 et

162 2751 256 2794 luci
289 2750 338 2792 in
370 2752 622 2807 proximum
655 2767 779 2794 mare
811 2752 900 2796 labi
933 2770 986 2798 ac
1018 2754 1060 2796 vi

161 2815 475 2866 tempestatum
497 2807 540 2849 in
562 2810 751 2852 adversa
772 2809 903 2854 litora
923 2826 1060 2853 exun-

165 2866 271 2908 dare
313 2864 403 2907 diei
450 2876 694 2922 nequeunt.
785 2867 866 2910 Est
907 2868 1059 2926 potius

161 2922 305 2966 hiatus
333 2923 600 2976 sententiae,
639 2940 779 2982 eaque
809 2918 1057 2983 supplenda

164 2995 189 3022 e
225 2995 360 3023 sensu
394 2978 640 3023 verborum
677 2981 1055 3038 praecedentium.

162 3036 336 3095 Nem-pe
379 3035 642 3079 secundiora
681 3055 864 3081 nemora
901 3039 1056 3084 lucos—-

165 3110 277 3153 que,
331 3093 449 3136 sicut
489 3094 675 3136 orientis
717 3097 927 3146 secretis,
978 3097 1057 3140 ubi

162 3162 263 3196 tura
288 3151 573 3209 balsamaque
600 3151 842 3204 sudantur,
881 3155 939 3198 ita
975 3171 1055 3198 oc-

167 3209 352 3254 cidentis
372 3207 529 3252 insulis
550 3208 767 3263 terrisque
787 3210 930 3254 inesse
949 3211 1058 3255 dum

164 3267 331 3310 Noster
353 3265 531 3317 scribit,
559 3265 675 3308 idem
703 3266 907 3312 intellicrit
929 3285 951 3311 e
974 3286 1060 3312 ne-

163 3325 367 3368 moribus
406 3322 609 3380 lucisque
645 3305 889 3367 occidentis
923 3325 1059 3369 etiarn

166 3382 316 3425 sudari
345 3381 592 3437 quaedam,
633 3396 771 3438 eaque
797 3382 902 3424 dicit
926 3382 1059 3427 vicini

153 3437 276 3485 „solis
305 3437 663 3496 radiisexpressa
687 3445 816 3494 atque
844 3438 1061 3496 liquentia

166 3497 217 3538 in
256 3495 514 3553 proximum
556 3510 680 3537 mare
723 3494 811 3537 labi
849 3505 934 3539 etc.
1005 3498 1058 3541 In

166 3551 395 3596 Hummel.
421 3553 540 3595 libro
562 3551 743 3596 inverso
769 3552 929 3596 ordine
951 3555 1059 3599 scri·

168 3618 298 3669 ptum
321 3616 386 3653 est
409 3611 642 3654 labuntur
667 3624 819 3655 mare.

850 2169 960 2221 iteb.
996 2204 1054 2214 -—

1125 2019 1166 2069 5,
1195 2019 1262 2064 13.

1183 2095 1337 2135 tedae.
1398 2091 1474 2136 Sic
1497 2092 1595 2143 edd.
1611 2091 1728 2152 Spir.
1748 2091 2024 2152 Paris.Lips.

1124 2149 1250 2193 Pieh.
1277 2148 1458 2193 Gruter.
1479 2165 1579 2206 sqq.
1601 2158 1641 2192 et
1664 2165 1806 2208 nuper
1828 2149 2021 2195 Bekker.

1127 2207 1426 2263 aliorumque.
1447 2230 1505 2239 —
1535 2211 1704 2249 taedae
1724 2205 2021 2252 edd.Put.=M.

1127 2274 1169 2307 et
1184 2263 1235 2308 V.
1251 2264 1462 2306 Beroald.
1476 2264 1577 2308 Alc.
1593 2264 1734 2308 Rhen.
1749 2263 1851 2307 Ald.
1875 2274 1918 2309 et
1939 2281 2022 2318 nu·

1126 2337 1207 2379 per
1228 2321 1416 2365 Passov.
1438 2321 1565 2364 Hess.
1588 2321 1788 2366 Walch.
1816 2322 1889 2374 al.¹
1964 2359 1966 2361 ,

1185 2401 1239 2442 et,
1260 2397 1475 2454 qlentem.
1536 2373 1622 2439 Ed.
1643 2395 1830 2438 Monac.
1857 2393 2024 2454 omittit
2050 2415 2053 2422 r

1126 2451 1354 2510 copulam.

1184 2522 1464 2566 resinamve.
1525 2522 1603 2567 Sic
1615 2521 1895 2583 MS.Stuug.
1917 2518 2022 2571 e'dd.

1127 2580 1271 2624 Paris.
1303 2579 1510 2625 Norimb.
1540 2580 1750 2624 Beroald.
1773 2581 1878 2627 Alc.
1899 2581 2022 2627 Rhe-

1135 2654 1244 2681 nan.
1286 2637 1452 2695 (1533.)
1493 2638 1597 2682 Ald.
1636 2654 1734 2697 sqq.
1776 2662 1833 2671 —
1899 2640 2024 2684 resi-

1131 2710 1340 2808 namqii‘i¹
1376 2749 1478 2796 MS.
1510 2749 1738 2797 Hummel.
1779 2779 1841 2790 --
1901 2756 2024 2800 resi-

1130 2824 1333 2912 fflzff
1364 2806 1823 2923 (Ῡὲῗρἶξνςῑώεάὲ
1836 2811 2052 2912 Mssxzss:

1127 2939 1331 2979 namque
1351 2924 1562 2967 ed.Kath.
1593 2949 1650 2958 —
1697 2927 2024 2983 rascinamque

1128 2981 1229 3024 edd.
1253 2980 1371 3038 Spir.
1396 2981 1500 3024 Put.
1527 2982 1596 3026 M.
1619 2990 1662 3025 et
1680 2980 1740 3027 V.
1774 3007 1831 3016 —
1889 2985 2024 3031 resti-

1126 3053 1326 3094 namque
1348 3038 1419 3083 ed.
1446 3038 1609 3082 Vienn.
1663 3039 1734 3082 De
1758 3039 2026 3086 confusione

1127 3094 1453 3155 particularum
1483 3111 1536 3139 ve
1568 3103 1612 3141 et
1640 3112 1726 3153 que
1760 3097 1822 3142 cf.
1846 3106 1943 3144 not.
1966 3099 2023 3144 ad

1127 3154 1218 3197 An.
1239 3152 1280 3202 2,
1305 3152 1372 3197 17.
1404 3153 1446 3202 3,
1469 3154 1540 3197 57.
1573 3151 1644 3207 15,
1672 3154 1743 3199 22.
1773 3154 1846 3200 31.
1906 3155 2022 3202 Hist.

1127 3210 1534 3312 2⁹{3081}imitantur.
1571 3265 1676 3313 Ed.
1700 3267 1874 3316 Vienn.
1914 3283 2025 3313 con-

1132 3327 1328 3369 tmuant.
1683 3344 1686 3346 ’

1190 3383 1429 3482 differunt.
1491 3383 1608 3430 Cod.
1631 3382 1863 3428 Hummel.
1889 3371 2023 3441 ‹liffe-

1132 3454 1223 3484 run
1247 3453 1320 3483 ur.

1187 3505 1344 3540 cetera
1365 3498 1539 3542 similes
1560 3513 1670 3542 uno.
1727 3496 1834 3543 MS.
1853 3497 2021 3559 Stuttg.

1132 3562 1285 3598 cetera
1301 3556 1477 3599 similes
1500 3570 1599 3599 esse
1621 3570 1730 3600 uno.
1887 3566 1889 3568 ’

1188 3615 1270 3657 sed
1294 3613 1453 3656 etiam.
1514 3612 1599 3658 Ed.
1619 3613 1760 3659 Paris.
1784 3616 1867 3658 sed
1885 3620 1944 3660 el.
