2150 4022
427 155 477 238 ,Χ

122 483 214 528 Off.
245 483 302 533 ΙΙ,
324 482 389 534 19,
412 483 482 525 68.

119 558 164 599 p.
187 541 285 586 283.
335 537 515 582 Ruhnk.
548 538 605 581 ad
636 537 774 583 Rutil.

117 599 258 642 Kritz.
283 597 337 645 ad
350 596 569 640 Sall.Cat.
590 612 630 638 c.
646 596 714 650 14,
730 596 772 638 7.
845 596 950 639 and.

116 657 171 700 ad
185 653 376 713 Wopk.
388 652 635 697 Lect.Tull.
653 669 696 709 p.
709 652 808 696 203.
823 653 949 697 Iahn-

108 714 170 756 ad
194 711 303 755 Hor.
330 711 423 754 Sat.
450 710 505 764 ΙΙ,
530 710 571 760 3,
596 710 692 752 163.
724 738 782 746 -
825 710 946 754 coni.

112 769 357 829 praesentis
372 769 460 811 An.
474 767 515 816 3,
528 768 598 810 67.
615 768 683 819 13,
696 768 765 810 27.
787 767 945 811 Germ.

113 827 184 871 14.
230 827 339 885 quid
371 825 425 868 ab
454 824 634 881 imperf.
665 825 785 868 coni.
818 824 948 867 diffe-

107 893 178 929 rat
198 885 286 928 An.
314 882 385 938 15,
409 882 481 925 62.
515 882 570 924 Η.
599 885 638 937 1,
659 883 700 925 8.
733 885 774 931 4,
794 882 862 926 75.
891 906 947 916 -

106 939 627 1043 Ξ3“ἒέ““ἕ“ἑὲ“ἓοΑ“4
642 943 687 1040 ¹&
710 939 754 1040 47·
778 940 847 1038 ²²3·
868 939 943 1039 {5-

109 1058 180 1110 19,
201 1060 240 1100 1.
277 1030 413 1111 13,’1.
435 1055 508 1097 27.
540 1053 608 1103 14,
629 1028 672 1098 ’1.
721 1054 775 1097 H.
799 1030 940 1103 1:10.

107 1114 178 1158 30.
209 1115 252 1169 3,
276 1115 348 1159 70.
408 1127 493 1171 pro
532 1112 651 1157 coni.
674 1112 941 1170 plusquam-

63 1205 65 1209 .
107 1169 461 1230 perfiAn.··2,42.
497 1169 551 1212 H.
569 1170 692 1225 1,71.
725 1194 779 1202 —
820 1169 942 1213 coni.

108 1229 295 1288 perfect.
347 1227 501 1270 Germ.
552 1228 623 1269 29.
689 1249 747 1260 -
821 1226 940 1269 coni.

142 1284 460 1344 lusquamperf.
480 1283 620 1339 An.3,
637 1285 705 1327 62.
735 1286 776 1335 6,
792 1285 858 1327 12.
882 1311 941 1318 --

69 1370 74 1374 -
106 1302 272 1388 1Graeci
295 1342 449 1387 aoristi
469 1341 588 1385 coni.
611 1358 692 1399 pro
718 1341 840 1386 coni.
865 1340 941 1384 fu-

106 1402 197 1444 turi
218 1402 410 1443 utuntur
429 1399 518 1440 An.
544 1400 586 1447 4,
608 1401 652 1444 3.

48 1460 321 1513 coniungere
340 1458 430 1499 An.
455 1455 522 1504 15,
543 1457 614 1501 44.

44 1530 283 1560 connexus
295 1523 337 1557 et
348 1515 577 1557 connixus
589 1530 673 1557 con
680 1515 711 1557 f.
725 1513 932 1570 An.4‚66.

45 1576 256 1619 connisus
279 1581 322 1614 et
353 1572 578 1614 connixus
612 1572 734 1616 conf.
755 1573 843 1616 An.
867 1572 935 1624 11,

102 1632 173 1676 31.
209 1631 274 1681 15,
296 1629 365 1677 57,
393 1629 464 1671 66.

43 1690 272 1733 connixus
295 1694 338 1729 et
359 1686 575 1728 connisus
599 1685 724 1729 conf.
749 1685 836 1730 An.
866 1686 932 1738 15,

97 1748 169 1790 42.
195 1754 237 1788 et
257 1757 496 1787 connexus
520 1745 607 1786 An.
632 1746 674 1798 4,
698 1744 770 1786 66.

40 1803 353 1847 consalutatio
395 1809 438 1844 et
483 1802 762 1843 consultatio
807 1800 930 1845 conf.

37 1921 343 1963 conscendere
366 1916 453 1958 An.
482 1915 546 1969 15,
570 1915 640 1958 59.

36 1976 318 2023 conscientia
348 1973 438 2015 An.
470 1973 514 2026 2,
549 1973 620 2025 22.
678 1989 782 2017 cum
813 1988 927 2016 con·-

93 2033 275 2076 stantia
300 2030 423 2072 conf.
449 2030 560 2086 Agr.
584 2030 659 2074 27.

35 2090 244 2136 conscius
268 2087 423 2130 Germ.
451 2089 519 2130 10.

34 2153 269 2192 consectus
287 2151 328 2188 et
348 2143 578 2199 confectus
596 2142 655 2187 cf.
671 2143 758 2186 An.
776 2143 842 2199 14,
853 2143 925 2190 35.

34 2216 278 2251 consensus
318 2200 476 2243 Germ.
508 2201 578 2243 31.
648 2216 923 2245 consensum

87 2259 375 2317 perscribere
397 2257 486 2300 An.
513 2257 579 2307 13,
598 2258 670 2301 26.
730 2273 852 2302 cons.
878 2267 921 2302 et

91 2329 331 2362 concessus
354 2314 479 2357 conf.
507 2313 634 2356 Orat.
659 2315 731 2356 25.

33 2386 318 2430 consequens
346 2378 417 2413 est
449 2371 539 2412 An.
579 2371 644 2419 13,
678 2372 748 2413 50.
807 2388 917 2415 con-

89 2430 334 2489 sequentia
366 2427 394 2470 ἰ.
417 2444 464 2485 q.
495 2436 802 2470 consentanea
826 2431 916 2474 An.

91 2493 158 2541 15,
181 2489 249 2531 54.
289 2503 331 2531 v.
351 2485 520 2529 Bremi.
546 2486 600 2528 ad
624 2484 718 2529 Cic.
741 2487 843 2531 Fin.
865 2487 919 2540 11,

93 2551 160 2592 11.
190 2563 236 2604 p.
263 2543 362 2588 155.

29 2611 244 2651 conserta
265 2605 387 2644 acies
414 2602 503 2644 An.
526 2601 567 2654 6,
595 2598 667 2642 35.
728 2615 918 2643 conser-

88 2671 164 2706 tus
188 2668 230 2704 et
253 2659 492 2714 confertus
515 2656 742 2702 eonf.An.
763 2659 828 2709 12,
843 2658 914 2701 35.

30 2731 304 2766 conservare
327 2718 418 2759 An.
448 2715 513 2770 13,
539 2714 610 2757 55.

28 2778 270 2823 considere
292 2773 347 2815 H.
370 2773 410 2820 3,
432 2772 501 2816 33.
563 2771 622 2815 cs.
645 2771 839 2831 Herzog.
860 2772 914 2816 ad

87 2835 212 2878 Caes.
239 2831 288 2874 B.
313 2830 370 2874 G.
399 2830 499 2884 Vll,
525 2829 593 2872 58.

29 2892 272 2936 consiliare
293 2887 484 2931 verbum
514 2886 568 2932 H.
591 2886 630 2939 2,
655 2888 726 2932 53.

29 2946 287 2995 consiliarii
307 2945 394 2987 An.
421 2944 487 2994 12,
514 2945 580 2988 17.

384 241 684 302 INDEX
760 235 1604 334 ADNOTATIONUM.

123 368 256 414 Orat.
276 369 318 412 8.
347 385 388 412 v.
413 366 648 411 Matthiae.
678 365 731 408 ad
757 365 856 411 Cic.
875 382 959 422 pro
1030 369 1288 418 consulares
1314 370 1453 413 occisi

120 428 257 471 Rosc.
292 425 401 469 Am.
434 425 476 477 1,
504 426 547 468 4.
591 423 735 466 Beier.
769 424 824 467 ad
857 424 973 468 Cic.

509 497 553 539 p.
578 481 675 523 132.
712 481 870 536 111,14,
883 482 957 581 ἒξ.

1795 249 1921 314 433

1518 387 1586 429 gr.
1613 372 1687 417 45.
1745 389 1919 419 consu—

1084 427 1262 468 larium
1283 436 1326 470 et
1357 431 1490 489 consi
1505 431 1677 474 tarium
1709 433 1914 483 confifl.

1084 483 1128 537 2,
1151 482 1219 526 37.

974 570 978 576 ,,
1026 540 1284 583 consulatus
1311 542 1597 587 continuatus
1622 545 1711 590 An.
1735 547 1773 602 1,
1794 547 1840 592 3.

1022 600 1287 639 consultare
1303 631 1315 653 ,
1353 600 1406 641 de
1437 602 1631 645 oraculis
1656 602 1811 649 Germ.
1837 607 1907 650 10.

1020 656 1295 697 consultatio
1322 656 1444 700 conf.
1471 673 1578 701 cum
1597 664 1908 706 consalutatio

1075 710 1132 812 PG.
1169 713 1223 811 (ἷῇ
1241 713 1313 756 72.
1373 729 1476 756 cum
1519 720 1778 762 consolatio
1811 719 1905 767 An.

1017 840 1290 880 consurgere
1311 826 1399 870 An.
1425 829 1492 884 14,
1517 830 1591 875 21.

1015 891 1257 926 contactus
1302 883 1431 928 Orat.
1475 886 1548 930 12.

1071 948 1340 984 contractus
1366 944 1472 999 Agr.
1493 943 1563 988 30.

1013 1001 1315 1050 contemptim
1338 997 1391 1042 H.
1412 999 1454 1055 3,
1484 1002 1554 1044 74.
1637 1014 1641 1019 ’

1013 1052 1291 1109 contemptio
1326 1056 1414 1099 An.
1450 1059 1517 1113 15,
1546 1061 1583 1104 1.
1642 1077 1748 1106 cum
1783 1079 1901 1108 con-

1069 1114 1218 1154 tentio
1240 1114 1361 1156 conf.
1386 1113 1514 1158 Orat.
1539 1117 1581 1160 4.

1624 890 1748 935 conf.
1796 907 1903 937 cum

986 1173 1294 1225 *contendere
1325 1170 1353 1213 i.
1387 1187 1426 1215 e.
1458 1188 1735 1228 comparare
1769 1178 1899 1223 inter

1069 1242 1120 1269 se
1141 1227 1229 1271 An.
1255 1228 1321 1283 12,
1347 1227 1388 1270 1.
1433 1227 1591 1277 Germ.
1612 1235 1693 1283 26.>
1774 1280 1776 1283 ξ

1012 1287 1237 1326 contentio
1248 1293 1289 1326 et
1302 1291 1576 1343 contemptio
1588 1291 1708 1334 conf.
1721 1291 1897 1338 Orat.4.

1068 1349 1188 1384 cont.
1212 1349 1254 1383 et
1276 1345 1467 1386 intentio
1491 1348 1611 1390 conf.
1630 1350 1721 1393 An.
1738 1348 1807 1401 14,
1822 1351 1893 1394 17.

1011 1407 1257 1440 contentus
1280 1402 1367 1442 An.
1388 1401 1429 1452 4,
1455 1402 1499 1446 7.

1000 1457 1259 1512 ¹continuus·
1283 1473 1386 1500 cum
1410 1459 1543 1515 genit·
1570 1462 1660 1506 An.
1682 1465 1724 1512 6,
1746 1465 1820 1508 26.

1006 1521 1268 1555 contractus
1312 1518 1436 1559 conf.
1475 1533 1582 1561 cum
1623 1522 1894 1576 confractus

1064 1571 1119 1612 Η.
1138 1577 1173 1620 1,
1188 1571 1257 1613 51.
1318 1586 1421 1615 cum
1446 1585 1683 1620 contactus
1697 1581 1806 1636 Agr.
1819 1581 1892 1624 30.
1930 1572 1932 1574 Ι

1005 1630 1270 1669 contrarius
1296 1628 1325 1670 i.
1354 1646 1398 1687 q.
1423 1634 1596 1676 noxius
1618 1634 1745 1680 Orat.
1769 1636 1842 1682 35.

1005 1692 1295 1726 contrectare
1319 1686 1408 1729 An.
1431 1687 1472 1738 3,
1497 1691 1562 1734 12.

1002 1743 1347 1785 controversiae
1374 1743 1501 1791 Orat.
1523 1746 1594 1790 35.
1966 1786 1967 1790 ,

1002 1801 1300 1841 contubernia
1339 1802 1433 1846 An.
1475 1805 1515 1855 1,
1554 1805 1627 1849 48.
1687 1807 1800 1864 Agr.
1842 1807 1887 1855 5.

1061 1856 1188 1899 Orat.
1217 1857 1257 1899 5.

1001 1917 1286 1956 contundere
1305 1914 1396 1959 An.
1419 1915 1487 1967 12,
1511 1915 1583 1962 31.
1762 1963 1764 1965 .

998 1974 1257 2013 convellere
1288 1972 1413 2016 verb.
1447 1976 1684 2033 proprium
1727 1979 1783 2022 de
1819 1981 1888 2025 si-

1055 2028 1152 2082 gnis
1178 2029 1266 2070 An.
1290 2030 1326 2080 1,
1350 2030 1420 2073 20.
1468 2032 1571 2076 add.
1597 2034 1797 2082 Brisson.
1831 2040 1887 2084 de
1912 2079 1915 2084 .
1972 2070 1976 2071 ν

969 2086 973 2090 ”
1052 2083 1238 2127 formul.
1268 2085 1347 2128 IV.
1381 2103 1421 2130 c.
1446 2090 1513 2132 15.
1543 2107 1590 2148 p.
1614 2092 1717 2138 325.
1780 2112 1885 2140 con-

1053 2145 1214 2184 vulsus
1239 2142 1326 2186 An.
1351 2145 1393 2199 4,
1420 2144 1491 2188 40.
1772 2192 1774 2195 ,

991 2206 1246 2242 conventus
1267 2201 1379 2257 Agr.
1406 2203 1471 2245 12.
1505 2214 1757 2250 conventus
1779 2224 1884 2265 pro-

1047 2256 1294 2298 vinciarum
1333 2258 1386 2301 H.
1412 2260 1452 2311 4,
1481 2261 1549 2303 56.
1610 2263 1710 2307 add.
1745 2265 1774 2307 l.
1803 2266 1880 2311 Fr.

1049 2311 1257 2356 Gronov.
1285 2313 1544 2360 Observatt.
1571 2318 1651 2365 Ill.
1685 2337 1727 2366 c.
1752 2323 1827 2370 22.

990 2371 1282 2412 conversatio
1306 2373 1393 2415 An.
1425 2375 1491 2426 12,
1509 2374 1582 2418 49.
1739 2415 1742 2418 ,

989 2428 1239 2469 convicium
1263 2427 1318 2471 H.
1342 2431 1379 2477 1,
1400 2430 1472 2473 60.
1816 2478 1822 2483 ⁴

991 2486 1259 2526 convincere
1289 2484 1382 2530 An.
1416 2486 1484 2543 15,
1519 2484 1589 2532 44.
1639 2493 1880 2542 ,convictus

962 2546 965 2549 ’
1051 2539 1207 2584 Germ.
1234 2542 1300 2585 12.

990 2600 1123 2653 copia
1146 2599 1235 2642 An.
1259 2601 1325 2649 12,
1349 2600 1418 2643 56.
1479 2601 1533 2647 de
1555 2603 1765 2652 facultate
1786 2607 1877 2655 An.
1900 2623 1904 2633 ¹

1049 2657 1198 2706 1⁷4,14.
1230 2659 1384 2709 copiae
1397 2658 1504 2716 Agr.
1515 2662 1591 2704 22.
1622 2662 1677 2706 de
1700 2673 1876 2710 castro-

1045 2728 1149 2756 rum
1175 2723 1430 2759 commeatu
1453 2716 1560 2773 Agr.
1579 2719 1654 2763 25.

986 2769 1202 2872 εεονῖνηιί.
1214 2786 1264 2870 ἓ.
1282 2773 1532 2873 ριῖἓανὲισῌ.
1556 2775 1597 2827 2,
1619 2777 1689 2821 76.

1028 2845 1078 2870 or
1115 2844 1139 2869 u
1164 2844 1190 2869 o
1259 2844 1302 2871 n.
1380 2862 1393 2880 ,
1474 2860 1487 2874 .

986 2883 1197 2985 C021·811elia
1209 2917 1222 2936 ‚
1252 2893 1393 2929 mater
1407 2885 1724 2934 Gracchorum
1741 2889 1871 2937 Orat.

28 3007 271 3052 consilium
299 3010 342 3044 et
375 3001 617 3044 concilium
645 3002 702 3045 cf.
726 3002 813 3045 An.
841 3002 908 3057 12,
982 3014 1153 3050 cornui
1186 2998 1379 3042 variatur
1401 2999 1518 3044 inter
1539 3017 1688 3046 cornu
1709 3013 1752 3048 et
1775 3023 1871 3051 ⁶⁰7·

86 3069 126 3107 1.
145 3062 210 3116 15,
225 3061 294 3103 22.
314 3059 367 3102 H.
382 3059 424 3111 4,
437 3059 506 3101 56.
523 3060 594 3101 64.
614 3059 767 3102 Germ.
783 3062 824 3103 6.
845 3061 912 3104 13.

24 3119 277 3167 consolatio
320 3131 425 3159 cum
464 3119 739 3159 consultatio
783 3116 910 3162 conf.

85 3182 170 3223 An.
197 3175 264 3224 16,
290 3173 357 3216 14.

0 3244 1 3248 ’
25 3237 289 3290 conspicuus
312 3231 398 3274 An.
423 3232 465 3286 6,
487 3231 556 3274 35.

25 3291 312 3344 constantia,
362 3299 566 3332 nostrum
601 3288 909 3343 Dreistigkeit

83 3350 212 3393 Orat.
235 3347 304 3390 34.
350 3362 454 3389 cum
478 3346 758 3388 conscientia
781 3344 907 3389 conf.

84 3408 192 3462 Agr.
216 3404 286 3446 27.

23 3461 336 3510 consternatio
362 3460 418 3503 H.
443 3460 483 3510 4,
506 3460 575 3503 50.

26 3518 184 3567 consul
226 3518 478 3574 designatus
518 3517 688 3575 primus
722 3522 908 3557 senten-

15 3606 17 3611 ·
80 3578 186 3621 tiam
209 3576 452 3630 rogabatur
474 3574 560 3617 An.
584 3572 627 3628 3,
654 3572 725 3614 22.

104 3644 348 3693 ΤΛοῐτυε
397 3638 493 3690 IV.

1038 3073 1155 3100 num
1178 3055 1234 3098 H.
1257 3055 1298 3107 3,
1319 3057 1393 3101 22.
1424 3058 1464 3109 4,
1489 3059 1556 3103 18.

983 3129 1181 3158 coronae
1211 3128 1370 3156 aureae
1405 3114 1451 3158 in
1488 3118 1704 3162 conviviis
1730 3121 1871 3167 usita-

1037 3181 1106 3215 tae
1131 3174 1218 3214 An.
1238 3170 1282 3219 2,
1304 3170 1386 3232 57.
1430 3187 1627 3218 coronae
1653 3191 1871 3234 querceae

1038 3231 1128 3272 An.
1151 3229 1192 3276 2,
1219 3226 1287 3270 83.
1351 3243 1446 3273 cor.
1472 3233 1710 3290 pampinea
1736 3251 1863 3278 mor·

1035 3293 1126 3327 tem
1147 3283 1366 3342 signifieat
1391 3287 1478 3329 An.
1505 3288 1569 3339 ll,
1595 3289 1639 3333 4.
1689 3305 1783 3336 cor.
1808 3294 1868 3337 ob

1036 3342 1152 3385 cives
1194 3349 1388 3385 servatos
1430 3343 1529 3387 data
1564 3347 1653 3388 An.
1692 3349 1758 3399 12,
1791 3349 1865 3394 31.

1037 3398 1091 3441 de
1114 3397 1348 3441 hominum
1371 3398 1626 3457 frequentia
1646 3402 1774 3450 Orat.
1794 3408 1840 3450 6.

979 3470 1141 3510 corpus
1159 3459 1340 3497 nudum
1366 3456 1457 3500 An.
1480 3460 1516 3505 1,
1534 3460 1603 3503 70.
1664 3477 1788 3516 corp.
1813 3464 1868 3507 de

1036 3512 1293 3555 hominibus
1325 3528 1415 3555 uno
1447 3516 1630 3560 nomine
1659 3533 1868 3578 compre-

1038 3569 1184 3613 hensis
1212 3567 1371 3613 Germ.
1395 3569 1467 3618 39.

1236 3628 1288 3686 Ε
1305 3651 1334 3685 e
