2150 4022
335 329 577 395 iuml
623 328 948 390 Acme.
995 303 1231 387 VITA
1273 326 1467 390 cAP.
1491 326 1595 390 44.
1619 323 1723 389 45.

1828 329 1950 386 211

107 488 232 525 non
276 465 393 522 iam
431 483 536 540 per
577 461 888 518 intervalla
930 480 995 516 ac
1037 458 1394 533 spiramenta
1435 469 1800 532 temporum,
1853 458 1957 514 sed

108 551 388 610 continuo
416 562 473 606 et
495 548 657 626 velut
680 567 803 603 uno
831 546 952 601 ictu
976 563 1102 599 rem
1130 542 1428 617 publicam
1456 538 1739 602 exhausit.

273 685 457 744 XLV.
500 684 638 742 Non
666 683 816 739 vidit
839 670 1117 756 Agricola
1142 681 1436 736 obsessam
1464 680 1687 735 curiam
1716 691 1773 736 et
1795 680 1958 736 clau-

105 794 237 831 sum
265 771 442 828 armis
471 781 738 826 senatum
763 780 819 824 et
848 769 1047 823 eadem
1071 777 1259 837 strage
1283 775 1371 820 tot
1396 765 1799 820 consularium
1824 786 1956 822 cae-

107 861 235 926 deS‚
275 868 361 914 tot
383 855 885 912 nobilissimarum
910 852 1266 908 feminarum
1292 847 1492 905 exsilia
1519 860 1574 905 et
1596 850 1779 923 fugas.
1834 870 1957 908 una

107 939 300 1000 adhuc
368 941 614 997 victoria
672 937 860 996 Carus
924 935 1146 994 Metius
1216 934 1596 1002 censebatur,

1683 946 1738 991 et
1799 936 1958 993 intra

56 1026 402 1086 'Albanam
472 1045 666 1082 arcem
744 1020 1030 1080 sententia
1097 1018 1408 1078 Messalini
1479 1019 1774 1093 strepebat
1798 1065 1816 1090 ‚
1902 1032 1960 1078 et

109 1243 466 1301 αὐτοκρατορίας
485 1240 602 1299 ἀρχὴ
622 1236 899 1299 προεῤῥήθη.
941 1238 1001 1284 cs.

109 1302 228 1346 Ptin.
249 1302 416 1358 Paneg.
441 1318 484 1345 c.
510 1304 550 1344 5.
579 1309 622 1343 et
645 1300 715 1343 94.

161 1400 251 1441 per
292 1386 545 1427 intervalla
587 1399 642 1426 ao
684 1376 999 1438 spiramenta.

109 1441 389 1502 Synonyma.
426 1440 486 1485 cf.
510 1440 645 1484 Roth.
669 1441 700 1484 l.
726 1440 756 1483 l.
779 1455 823 1498 p.
851 1443 919 1484 ll.

167 1529 291 1569 velut
323 1541 415 1568 uno
449 1527 556 1568 ictu.
615 1529 733 1584 Apte
762 1541 999 1583 compara-

110 1593 219 1628 runt
258 1583 523 1642 interpretes
560 1584 722 1627 Senec.
769 1584 822 1626 de
856 1583 923 1624 ira
957 1582 1001 1630 3,

112 1642 210 1686 19.:
265 1644 431 1696 homo,
486 1643 566 1697 qui
601 1639 659 1684 de
699 1649 796 1683 toto
833 1647 1002 1682 senatu

112 1700 393 1743 trucidando
428 1701 658 1753 cogitabat
694 1699 769 1751 (de
804 1696 1002 1754 Caligula

112 1755 352 1814 loquitur):
383 1757 467 1812 qui
486 1760 701 1810 optabat,
733 1762 786 1796 ut
803 1756 1005 1807 populus

111 1815 354 1857 Romanus
377 1829 523 1855 unam
548 1813 767 1856 cervicem
790 1814 1000 1866 haberet,

114 1881 166 1914 ut
187 1874 365 1927 scelera
387 1885 476 1913 sua
499 1879 569 1913 tot
592 1872 706 1913 locis
733 1885 790 1911 ac
820 1878 1001 1923 tempo-

110 1930 242 1973 ribus
285 1931 470 1971 diducta
510 1929 559 1970 in
594 1942 741 1970 unum
775 1927 919 1970 ictum
959 1931 1004 1966 et

113 2002 260 2031 unum
280 1990 404 2028 diem
426 1993 621 2039 cogeret.

169 2068 284 2115 (ΖΜ).
311 2069 383 2112 45.
441 2069 549 2111 Non
587 2069 700 2110 vidit
738 2075 822 2111 etc.
885 2066 1006 2109 Haec

113 2131 249 2174 verba
277 2138 318 2171 et
343 2142 454 2184 quae
482 2141 579 2184 cap.
608 2124 890 2168 antecedenti
928 2140 1006 2165 ex-

112 2193 261 2230 tremo
290 2185 497 2243 leguntur
519 2185 631 2226 bene
656 2182 939 2240 comparavit
955 2179 1006 2222 P.

113 2243 400 2286 Burmannus
425 2241 631 2284 Addend.
660 2250 703 2284 et
726 2239 917 2282 Emend.
949 2237 1005 2281 ad

114 2300 301 2345 Anthol.
332 2299 387 2342 T.
414 2298 473 2340 ll.
509 2313 552 2355 p.
577 2295 677 2340 693.
713 2314 751 2340 a.
789 2313 892 2339 eum
927 2295 1004 2338 Ci-

115 2374 272 2402 ceron.
306 2357 360 2400 de
394 2364 506 2397 orat.
542 2354 583 2406 3,
611 2355 652 2405 2,
687 2355 757 2397 8.:
789 2354 890 2409 fuit
919 2355 1004 2395 hoc

115 2419 379 2458 luctuosum
400 2412 515 2463 suis,
554 2413 773 2453 acerbum
793 2413 1001 2463 patriae,

115 2487 259 2528 grave
293 2471 426 2513 bonis
461 2469 698 2523 omnibus,
742 2471 827 2510 sed
860 2469 896 2508 ii
924 2474 1004 2508 ta-

116 2545 229 2572 men
259 2543 359 2571 rem
390 2528 622 2582 publicam
657 2539 793 2567 casus
823 2524 1010 2580 sequuti

115 2595 244 2642 sunt,
271 2594 321 2628 ut
343 2586 459 2627 mihi
471 2598 566 2625 non
591 2590 747 2637 erepta
765 2583 817 2626 L.
836 2581 1004 2623 Crasso

117 2660 149 2687 a
170 2647 260 2688 diis
284 2642 631 2686 immortalibus
658 2641 751 2681 vila
766 2673 779 2693 ‚
807 2643 890 2682 sed
915 2641 1005 2679 do-

117 2709 238 2744 nata
259 2715 386 2744 mors
409 2713 504 2741 esse
526 2698 751 2739 videatur.
815 2699 922 2739 Non
946 2697 1005 2737 vi·

117 2762 184 2803 dit
194 2758 494 2816 flagrantem
519 2757 633 2797 bello
654 2754 848 2796 Italiam
864 2785 876 2802 ,
910 2766 1005 2794 non

119 2821 366 2860 ardentem
402 2813 579 2856 invidia
614 2818 856 2865 senatum,
910 2824 1007 2852 non

119 2877 305 2917 scelerate
339 2871 515 2928 nefarii
538 2870 772 2923 principes
807 2867 1007 2911 civitatis

120 2945 226 2974 reos
238 2963 251 2987 ‚
283 2945 376 2972 non
395 2926 708 2984 luctumfiliae
720 2958 734 2981 ,
765 2940 859 2968 non
878 2924 1009 2966 exsi-

121 2991 237 3030 lium
277 2989 462 3041 generi,
517 2999 610 3026 non
657 2984 1008 3026 acerbissimam

126 3044 175 3088 C.
199 3044 345 3087 Marii
359 3044 564 3101 sugam,
603 3055 701 3083 non
734 3041 868 3083 illam
892 3047 1008 3092 post

120 3104 325 3145 reditum
345 3102 443 3144 eius
464 3101 654 3142 caedem
675 3098 887 3140 omnium
911 3111 1007 3138 cru·

123 3161 409 3203 delissimum
450 3164 533 3200 etc.
605 3154 735 3211 Quae
775 3150 1007 3197 Ciceronis

125 3217 257 3260 verba
289 3217 401 3275 quin
430 3214 596 3258 Nostro
639 3212 867 3255 obversata
908 3210 1005 3252 sue-

125 3274 241 3326 rint,
277 3289 383 3319 cum
403 3272 514 3315 haec
535 3269 769 3320 scriberet,
801 3283 894 3310 non
917 3269 1001 3310 du-

125 3331 248 3381 bito,
309 3328 566 3390 praesertim
613 3341 756 3384 quum
804 3323 1006 3381 dialogus

127 3402 304 3446 quoque
325 3388 379 3431 de
403 3394 536 3429 oratt.
550 3382 810 3428 imitationis
825 3381 1004 3425 Cicero·

128 3444 285 3487 nianae
325 3445 507 3502 vestigia
551 3439 823 3500 apertissima
866 3454 1005 3496 eaque

129 3500 347 3558 imprimis
382 3502 426 3545 in
468 3497 698 3544 Ciceronis
740 3497 794 3539 de
828 3504 1006 3539 oratore

131 3557 255 3601 libris
278 3556 459 3602 nitentia
482 3555 703 3601 ostendat.

187 3645 396 3686 clausum
426 3641 579 3684 armis
608 3645 843 3683 senatum.
902 3634 1004 3677 MS.

1075 1237 1177 1281 Vat.
1217 1235 1346 1280 3429.
1396 1237 1588 1278 clusum.

1075 1294 1228 1339 Germ.
1253 1310 1293 1338 c.
1315 1293 1387 1337 45.
1435 1300 1453 1305 ‘⁴

1130 1386 1198 1421 tot
1222 1379 1543 1420 consularium
1566 1379 1755 1431 caedes,
1788 1383 1856 1418 tot
1877 1391 1962 1418 no-

1072 1437 1410 1479 bilissimarum
1433 1434 1735 1489 feminarum
1771 1434 1963 1476 exsilia.

1071 1494 1142 1536 De
1165 1510 1213 1536 re
1236 1492 1295 1536 cf.
1314 1492 1405 1546 Dio
1431 1490 1553 1535 Cass.
1578 1490 1647 1541 67,
1669 1491 1734 1534 12.
1777 1490 1963 1535 Sueton.

1072 1549 1248 1593 Domit.
1306 1566 1346 1592 c.
1401 1552 1467 1591 10.
1558 1547 1675 1592 Ptin.
1724 1547 1866 1606 Epist,
1922 1546 1963 1599 ὃς
2000 1578 2006 1581 —

1074 1611 1143 1650 11.
1160 1642 1171 1660 ,
1228 1606 1302 1664 qui
1347 1607 1560 1664 relegatas
1605 1604 1811 1648 nominat
1850 1603 1964 1647 Gra-

1073 1665 1214 1709 tillam
1230 1699 1242 1716 ,
1302 1663 1493 1706 Aruleni
1541 1662 1713 1705 Rustici
1765 1678 1970 1713 uxorem,

1073 1722 1279 1770 Arriam,
1320 1736 1508 1763 uxorem
1531 1719 1652 1762 Paeti
1675 1718 1898 1762 Thraseae
1924 1727 1967 1762 et

1074 1779 1288 1823 Fanniam
1304 1812 1317 1831 ‚
1345 1777 1563 1820 Thraseae
1587 1786 1631 1819 et
1650 1777 1808 1820 Arriae
1829 1776 1968 1819 filiam

1073 1836 1285 1879 Helvidio
1309 1835 1639 1893 desponsatam.
1688 1833 1806 1876 Nihil
1830 1833 1967 1891 igitur

1073 1895 1122 1937 in
1144 1893 1210 1936 his
1233 1891 1471 1935 offensioni
1497 1907 1591 1933 esse
1617 1898 1788 1948 potest,
1819 1899 1862 1933 et
1886 1906 1964 1933 re·
2000 1898 2013 1902 ‘

1075 1951 1288 1994 tutandus
1311 1949 1597 1992 Burmannus
1634 1949 1664 1991 l.
1703 1947 1735 1991 l.
1769 1963 1854 2006 pro
1879 1947 1967 2003 fe-

1076 2009 1320 2050 minarum
1344 2005 1590 2050 coniiciens
1601 2005 1920 2061 familiarum.

1138 2076 1290 2119 Carus
1323 2075 1502 2118 Metius.
1574 2074 1677 2118 MS.
1705 2075 1804 2120 Vat.
1836 2075 1967 2118 3429.

1080 2136 1266 2178 Charus
1283 2133 1440 2176 Mitius
1461 2155 1515 2165 —
1541 2132 1612 2176 ed.
1633 2131 1738 2175 Put.
1761 2148 1829 2189 pr.
1849 2132 1970 2175 Cha-

1076 2207 1160 2235 rus
1182 2192 1357 2235 Nutius
1387 2213 1443 2222 —
1476 2188 1968 2233 edd.Put.Med.Ven.

1076 2250 1181 2292 Ber.
1221 2247 1318 2292 Alc.
1357 2249 1525 2290 charus
1567 2247 1781 2298 nuncius,
1833 2262 1968 2306 quem

1076 2321 1279 2350 errorem
1350 2305 1543 2349 correxit
1609 2303 1850 2347 Rhenanus
1918 2304 1967 2346 in

1075 2363 1345 2421 scripturam
1401 2361 1645 2419 vulgatam.
1734 2360 1969 2418 Nequissi-

1076 2436 1176 2462 mus
1208 2421 1244 2463 is
1277 2418 1363 2462 fuit
1395 2419 1477 2461 sub
1501 2416 1766 2460 Domitiano
1791 2418 1968 2462 delato-

1075 2493 1195 2519 rum.
1258 2473 1329 2519 Cf.
1355 2475 1555 2519 Juvenal.
1586 2479 1623 2526 1,
1645 2473 1713 2517 35.
1743 2474 1801 2517 ad
1829 2491 1966 2519 eum-

1078 2549 1163 2591 que
1194 2533 1346 2576 locum
1378 2530 1730 2576 commentarios
1754 2541 1968 2585 vetustos,

1074 2589 1273 2633 Martial.
1321 2590 1460 2648 epigr.
1503 2590 1570 2640 12,
1608 2589 1678 2638 25,
1724 2587 1793 2640 5.‚
1842 2589 1967 2634 Ptin.

1075 2647 1215 2705 Epist.
1245 2650 1282 2695 1,
1317 2648 1356 2698 5,
1386 2647 1455 2698 3.;
1497 2646 1550 2695 7„
1570 2646 1637 2694 19,
1662 2645 1725 2697 5.;
1762 2647 1805 2698 7,
1826 2646 1898 2696 27,
1922 2648 1966 2690 4.

1075 2704 1309 2748 Notandus
1333 2712 1398 2746 est
1423 2704 1528 2746 edit.
1545 2703 1753 2761 Bipont.,
1784 2704 1858 2761 qui
1882 2702 1966 2747 cak-

1075 2777 1160 2804 rus
1194 2761 1360 2804 Metius
1397 2761 1736 2818 exprimendum
1777 2761 1965 2810 curavit,

1076 2818 1200 2877 quasi
1235 2817 1389 2860 luserit
1424 2819 1470 2860 in
1501 2817 1588 2861 hoc
1618 2818 1802 2860 nomine
1829 2818 1963 2862 Taci-

1078 2888 1160 2921 tus.
1223 2873 1339 2930 Quis
1367 2876 1479 2918 adeo
1513 2875 1692 2931 ignarus
1728 2884 1794 2918 est
1817 2875 1964 2920 Taciti

1079 2948 1284 2980 morum,
1330 2941 1378 2975 ut
1415 2933 1499 2975 tale
1538 2931 1642 2988 quid
1675 2932 1790 2975 serio
1825 2933 1966 2991 possit

1078 2989 1369 3035 contendere.
1439 2987 1666 3032 Sententia
1701 2999 1786 3032 est:
1828 3005 1966 3033 unam

1078 3047 1224 3091 adhuc
1261 3046 1490 3090 victoriam
1523 3053 1830 3104 reportaverat
1858 3047 1966 3090 Me—

1079 3104 1190 3155 tius,
1240 3102 1283 3146 h.
1319 3119 1357 3146 e.
1400 3101 1539 3146 unum
1578 3103 1725 3147 virum
1765 3112 1966 3146 tantum-

1079 3160 1217 3203 modo
1247 3159 1546 3203 delationibus
1568 3161 1845 3217 perdiderat;
1891 3177 1962 3203 ea-

1079 3234 1165 3275 que
1187 3217 1271 3260 iam
1298 3221 1592 3265 censebatur,
1620 3216 1649 3260 i.
1671 3233 1712 3260 e.
1736 3217 1964 3261 existima-

1078 3276 1226 3326 batur,
1253 3273 1419 3318 famam
1442 3282 1735 3317 contraxerat.
1784 3273 1885 3329 Qua
1908 3274 1964 3318 de

1076 3331 1267 3377 victoria
1298 3331 1556 3389 cogitaverit
1574 3330 1754 3374 Tacitus
1785 3347 1878 3374 non
1904 3332 1964 3375 li-

1077 3398 1201 3447 quet.

1134 3462 1259 3502 intra
1271 3460 1506 3502 Albanam
1527 3472 1699 3500 arcem.
1739 3456 1814 3501 Sic
1827 3458 1960 3504 MSS.

1079 3517 1250 3560 Vaticc.
1292 3515 1419 3559 3429.
1463 3516 1588 3559 4498.
1637 3514 1735 3557 edd.
1783 3515 1888 3559 inde
1935 3532 1961 3559 a

1075 3574 1226 3631 Lipsio
1259 3589 1442 3624 omnes;
1492 3572 1568 3615 sed
1602 3571 1646 3612 in
1683 3587 1821 3628 marg.
1851 3574 1954 3617 cod.

1076 3630 1178 3676 vat.
1208 3629 1336 3674 3429.
1373 3639 1576 3672 notatum
1609 3636 1698 3670 est:
1741 3660 1768 3689 ,ἓ
1782 3630 1853 3675 ΑΙ.
1883 3631 1956 3673 ha-

1304 3688 1448 3748 02

1671 1232 1730 1278 cf.
1771 1242 1866 1278 not.
1893 1233 1964 1295 -ad
