2150 4022
379 251 622 316 IULII
667 250 989 311 AGRIC.
1033 249 1275 312 VITA*
1325 247 1639 328 CAP,9.'

1793 255 1911 322 129

7 414 12 437 ι
67 385 370 444 avaritiam
406 393 668 440 exuerat:
722 401 830 437 nec
865 381 992 457 illi,
1043 381 1204 457 quod
1241 394 1326 440 est
1360 382 1756 454 rarissimum,
1809 401 1913 446 aut

67 471 313 529 facilitas
356 467 762 527 auctoritatem
804 478 905 524 aut
958 466 1233 521 severitas
1286 487 1548 524 amorem
1600 469 1911 534 deminuit.

67 555 462 629 Integritatem
487 565 661 628 atque
688 550 1101 608 abstinentiam
1129 550 1194 605 in
1220 561 1382 607 tanto
1410 552 1539 609 viro
1564 553 1780 611 referre
1814 556 1910 612 in-

68 641 220 696 iuria
267 639 554 695 virtutum
598 636 791 692 fuerit.

889 633 976 691 Ne
1018 635 1236 690 samam
1277 636 1544 710 quidem,
1605 640 1702 695 cui
1739 660 1908 716 saepe

68 725 243 782 etiam
272 723 418 779 boni
446 722 784 794 indulgent,
835 721 1180 776 ostentanda
1207 719 1423 776 virtute
1455 733 1556 779 aut
1590 743 1694 798 per
1723 737 1908 783 artem

68 808 370 885 quaesivit⁴
471 806 680 882 procul
738 806 812 861 ab
868 804 1260 861 aemulatione
1315 806 1592 862 adversus
1643 809 1910 884 collegaS‚

67 895 274 970 procul
327 913 360 949 a
409 892 786 949 contentione
824 891 1100 947 adversus
1136 900 1545 965 procuratores
1584 904 1641 950 et
1674 895 1908 954 vincere

68 1111 197 1156 3429.
223 1118 265 1153 et
289 1109 389 1154 edd.
414 1116 515 1151 ante
539 1107 821 1152 Rhenanam.
880 1105 951 1149 De

69 1170 210 1212 altero
234 1168 368 1210 MSto
391 1165 622 1208 Broterius
648 1174 787 1216 tacet,
827 1163 951 1222 quod

63 1242 124 1269 an
148 1226 202 1268 sit
225 1224 534 1280 accipiendum
556 1238 638 1280 pro
661 1237 885 1265 consensu
905 1220 952 1262 in

71 1290 294 1340 receptam
344 1298 367 1323 3
408 1279 623 1323 Rhenano
672 1279 954 1338 scripturam,

71 1357 164 1383 non
177 1339 279 1381 satis
294 1340 512 1381 discerno.
544 1335 768 1380 Beckerus
790 1346 831 1379 et
843 1335 951 1377 Her-

70 1396 199 1439 telius
234 1396 521 1438 restituerunt
548 1394 852 1437 accusativum
881 1400 947 1435 at-

68 1469 156 1511 que
169 1453 225 1496 ad
242 1467 499 1507 personam
514 1450 767 1507 intelligunt
788 1451 951 1500 induit,

69 1510 190 1568 quod
240 1527 263 1551 e
313 1509 515 1566 sequenti
565 1510 700 1551 verbo
752 1514 952 1550 exuerat

70 1585 151 1626 sup
189 1566 268 1609 leri
324 1582 452 1624 posse
512 1565 779 1608 existimant.
870 1564 952 1605 Vix

71 1642 144 1668 cre
179 1640 232 1666 o:
265 1640 367 1667 nam
394 1639 505 1677 quae
527 1622 790 1665 adseruntur
811 1637 954 1663 exem·

72 1683 141 1740 pla
179 1697 270 1723 non
304 1681 591 1724 satisfaciunt.
653 1681 767 1720 Satis
794 1676 955 1720 verisi-

77 1739 178 1780 mile
200 1746 265 1779 est
288 1739 566 1781 accusativos
591 1737 834 1778 tristitiam
856 1751 952 1792 sqq.

72 1813 120 1838 ex
154 1795 242 1838 loci
278 1793 542 1839 confusione
579 1793 758 1837 traxisse
787 1807 956 1847 perso-

71 1868 209 1902 nam,
239 1851 329 1894 sive
351 1852 482 1910 culpa
503 1851 645 1909 posita
667 1859 730 1892 est
755 1851 799 1892 in
822 1849 956 1908 parti-

73 1911 174 1954 cula
198 1910 342 1952 ultra.
548 1906 561 1915 ’

128 1973 346 2010 exuerat.
413 1964 558 2008 Locus
592 1963 783 2006 multum
824 1979 954 2006 vexa-

58 2032 159 2068 ·tus.
241 2022 463 2065 Nimirum
514 2021 686 2064 tristitia
728 2029 771 2062 et
816 2021 947 2063 adro-

71 2079 215 2139 gantia
248 2089 289 2123 et
325 2079 509 2123 avaritia
543 2086 647 2121 sunt
684 2077 811 2120 vitia:
865 2077 951 2120 iam

72 2139 149 2197 qui
175 2137 278 2182 vitia
301 2138 462 2180 dicitur
486 2144 664 2186 exuere,
703 2135 953 2192 praesumi-

71 2205 147 2238 tur
183 2195 339 2236 iisdem
381 2202 482 2237 ante
532 2192 751 2236 obnoxius
799 2193 949 2235 fuisse.

75 2253 202 2309 Quae
227 2268 293 2294 res
313 2268 415 2295 cum
439 2266 531 2292 non
552 2250 766 2317 potuisset
788 2250 942 2293 con'ci-

74 2309 170 2353 liari
186 2325 288 2351 cum
316 2309 445 2351 laude
456 2309 706 2365 Agricolae,
727 2307 811 2350 viri
833 2307 952 2350 docti

71 2368 221 2411 locum
239 2365 607 2422 interpretatione
630 2365 718 2407 huc
741 2364 850 2406 illuc
871 2374 953 2407 tra·

72 2432 249 2468 xerunt.
319 2422 409 2465 Alii
444 2421 690 2469 tristitiam,
730 2422 955 2477 adrogan-

72 2484 178 2526 tiam
203 2488 244 2522 et
264 2479 494 2521 avaritiam
520 2478 643 2521 varie
668 2486 875 2520 excusant
909 2480 954 2520 in

74 2537 334 2598 provinciae
358 2536 649 2587 administro;
689 2534 759 2577 alii
798 2543 954 2592 putant

72 2596 260 2639 exuisse
296 2593 454 2634 vicium
491 2592 580 2635 dici
607 2608 714 2650 pro:
762 2591 953 2635 liberum

71 2670 166 2698 esse
198 2668 221 2694 3
259 2649 380 2692 vitio.
454 2649 592 2706 Quod
629 2665 723 2692 non
764 2650 956 2692 omnino

73 2725 230 2755 verum
273 2717 363 2758 est,
413 2709 488 2750 sed
534 2707 710 2752 veritati
754 2705 956 2763 propius.

73 2767 251 2811 Etenim
297 2764 470 2807 tristitia
517 2773 560 2807 et
602 2763 864 2820 adrogantia
914 2771 957 2806 et

74 2824 251 2869 avaritia
298 2831 403 2865 sunt
446 2821 549 2866 vitia
594 2820 860 2878 plerumque
907 2820 954 2863 in

76 2880 411 2940 provinciarum
454 2878 728 2935 praesidibus
772 2878 956 2934 conspi-

77 2954 160 2981 cua
206 2944 250 2982 et
295 2936 502 2978 subiectis
551 2935 766 2979 molestat
823 2952 959 2992 quare

77 3009 252 3053 praeses
295 2992 556 3049 provinciae
597 2991 634 3035 si
677 2994 841 3037 dicitur
883 2993 957 3035 illa

75 3052 181 3096 vitia
196 3049 371 3099 exuisse,
391 3049 669 3107 intelligitur,
690 3050 816 3093 illum
830 3066 956 3093 suam

77 3107 287 3168 praesidis
345 3121 579 3162 personam
632 3107 842 3150 liberasse
902 3107 955 3149 ab

75 3162 296 3210 eiusmodi
320 3161 459 3214 vitiis,
488 3179 600 3220 quae
623 3164 768 3208 solent
823 3164 957 3206 raesi-

77 3225 145 3267 dis
196 3234 433 3279 personam
491 3221 708 3264 comitari.
793 3182 957 3264 liiadem

77 3294 261 3339 prorsus
279 3277 453 3318 ratione
470 3277 716 3334 Agrippina
733 3279 823 3321 An.
836 3278 877 3329 6,
889 3278 959 3322 25.

78 3335 243 3380 dicitur
278 3333 483 3375 virilibus
513 3337 634 3377 curis
660 3335 958 3391 seminarum

80 3395 191 3436 vilia
217 3391 429 3434 exuisse:
464 3391 584 3447 quod
608 3407 698 3433 non
724 3392 959 3450 intelliges,

77 3458 288 3505 tanquam
329 3446 577 3514 Agrippina
621 3456 723 3501 ante
763 3448 958 3492 semina-

78 3521 180 3548 rum
202 3504 319 3549 vitiis
342 3502 479 3546 fuerit
500 3504 688 3548 obnoxia
703 3539 714 3556 ,
754 3507 829 3549 sed
852 3507 957 3550 scri-

79 3570 183 3619 ptor
223 3560 328 3602 dicit
362 3561 650 3619 Agrippinam
699 3578 957 3621 quanquam

166 3628 408 3678 'l'Acirus
449 3625 546 3677 lV.

1023 1105 1239 1149 feminam
1264 1122 1288 1150 3
1314 1105 1588 1150 feminarum
1623 1106 1737 1152 v‘itiis
1771 1109 1906 1155 fuisse

1023 1163 1227 1208 liberam.
1315 1163 1530 1207 Similiter
1578 1163 1692 1210 Hist.
1738 1167 1788 1216 2,
1833 1168 1905 1211 86.

1022 1220 1202 1263 Fuscus
1224 1253 1236 1265 .
1248 1249 1261 1263 ·
1276 1252 1287 1263 .
1306 1223 1467 1272 prima
1487 1222 1671 1264 iuventa
1689 1254 1703 1266 .
1718 1253 1731 1265 .
1745 1257 1756 1268 .
1774 1240 1906 1268 senn-

1024 1280 1195 1322 torimn
1219 1279 1429 1320 ordinem
1449 1281 1663 1330 exuerat,
1689 1279 1730 1322 b.
1744 1297 1782 1325 e.
1799 1298 1903 1326 cum

1023 1346 1171 1392 posset
1205 1345 1383 1378 senator
1418 1335 1514 1379 fieri
1551 1336 1610 1379 ob
1645 1337 1904 1396 dignitatem

1020 1393 1214 1435 familiae
1236 1408 1367 1445 suae,
1397 1393 1623 1438 abstinuit.

1078 1463 1321 1506 deminuit.
1382 1462 1458 1506 Sic
1478 1464 1578 1506 edd.
1598 1464 1711 1525 Lips.
1727 1484 1824 1527 sqq,
1849 1492 1907 1503 ..-

1024 1523 1242 1564 diminuit
1287 1519 1390 1563 edd.
1434 1529 1623 1566 veteres.
1698 1524 1760 1568 cf,
1805 1538 1905 1571 not.

1025 1579 1079 1622 ad
1107 1580 1194 1622 An.
1221 1580 1259 1629 1,
1287 1578 1352 1621 14.
1377 1587 1419 1620 et
1448 1578 1511 1629 13,
1535 1576 1604 1622 50.

1083 1649 1226 1690 etiam
1257 1662 1398 1703 saepe
1419 1649 1537 1691 boni.
1596 1649 1673 1692 Sic
1696 1651 1791 1704 edd.
1823 1669 1908 1698 ve-

1025 1712 1140 1747 teres
1172 1712 1215 1746 et
1247 1705 1436 1748 fortasse
1466 1705 1565 1750 MS.
1593 1707 1733 1752 Vatic.
1764 1709 1907 1762 4498„

1027 1762 1079 1804 de
1102 1777 1192 1818 quo
1219 1761 1445 1805 Broterius
1472 1770 1610 1815 tacet,
1641 1765 1747 1808 dum
1777 1784 1801 1810 e
1821 1769 1907 1812 Va·

1026 1820 1104 1862 tic.
1137 1819 1264 1861 3429.
1300 1818 1448 1863 adfert
1479 1822 1557 1862 cui
1584 1837 1722 1877 saepe
1762 1828 1909 1871 etiam

1026 1877 1159 1918 boni:
1199 1892 1311 1933 quae
1333 1885 1436 1919 sunt
1458 1880 1698 1923 commoda
1723 1889 1787 1933 et,
1822 1885 1906 1927 nisi

1025 1933 1184 1985 fallor,
1227 1933 1439 1989 genuina.
1501 1935 1561 1978 At
1590 1934 1823 1981 Dronkius
1857 1957 1906 1983 ex

1026 1991 1185 2033 eodem
1238 1989 1393 2033 codice
1438 1991 1576 2036 edidit
1615 1995 1760 2046 etiam
1801 1999 1915 2042 boni

1023 2063 1188 2101 saepe,
1238 2063 1370 2103 quem
1417 2049 1656 2093 verborum
1700 2053 1907 2098 ordinem

1024 2105 1291 2163 adoptarunt
1326 2104 1551 2149 Beckerus
1591 2116 1632 2150 et
1664 2109 1908 2156 Hertelius.

1022 2163 1110 2205 Sed
1153 2171 1254 2204 uter
1298 2164 1528 2212 veracior.
1578 2165 1809 2211 Broterius
1851 2186 1908 2213 an

1022 2219 1292 2262 Dronkius?
1545 2268 1547 2271 ‚

1081 2279 1366 2319 ostentanda
1410 2278 1599 2324 virtute.
1678 2277 1765 2326 Sic„
1799 2282 1904 2327 edd.

1024 2334 1205 2391 Micyll.
1250 2333 1369 2392 Lips.
1417 2351 1514 2393 sqq.
1570 2353 1593 2379 e
1647 2338 1907 2382 coniectura

1024 2391 1240 2434 Rhenani.
1269 2420 1327 2427 --
1384 2397 1716 2435 ostentandam
1739 2397 1907 2438 virtute

1026 2448 1128 2490 edd.
1151 2449 1254 2490 Put.
1280 2450 1365 2507 (pr.
1386 2453 1750 2505 oslendnndam)
1774 2453 1842 2496 M.
1866 2461 1907 2496 et

1023 2505 1081 2548 V.
1107 2504 1211 2549 Riv.
1247 2505 1454 2550 Beroald.
1489 2507 1588 2550 Ate.
1619 2507 1761 2551 Rhen.
1803 2510 1906 2554 Ald-

1026 2571 1068 2604 et
1102 2578 1246 2618 nuper
1278 2561 1452 2604 Dronk.
1515 2565 1572 2606 At
1606 2565 1711 2622 quid
1747 2575 1811 2610 est
1840 2568 1906 2612 sa-

1026 2634 1146 2662 mam
1190 2619 1486 2676 quaerendam
1538 2621 1703 2665 virtute
1753 2633 1908 2667 osten-

1025 2676 1154 2719 tare?
1191 2704 1250 2712 —-
1314 2680 1652 2720 ostendendam
1687 2681 1908 2724 virtutem

1029 2732 1128 2776 MS.
1172 2732 1317 2776 Vatie.
1356 2732 1483 2777 3429.
1529 2745 1639 2779 teste
1683 2737 1909 2792 Broterio,

1029 2790 1104 2849 qui
1130 2791 1184 2833 de
1203 2790 1343 2833 altero
1369 2792 1472 2834 cod.
1496 2791 1638 2837 Vatic.
1661 2802 1790 2838 tacet.

1086 2862 1298 2914 collegas.
1362 2859 1559 2919 intellige
1591 2878 1693 2905 cum
1718 2864 1908 2911 Pichena

1030 2918 1221 2975 legatos,
1282 2916 1359 2974 qui
1407 2917 1609 2962 finitimis
1663 2923 1907 2978 provinciis

1032 2982 1297 3033 praeessent.
1358 2974 1413 3018 ef.
1445 2974 1558 3018 Hist.
1594 2980 1631 3025 1,
1665 2981 1733 3021 10.
1777 2981 1905 3035 (Mu-

1030 3034 1181 3075 cianus
1195 3031 1349 3089 Syriae
1370 3033 1638 3090 praefectus)
1660 3042 1789 3090 apud
1808 3043 1909 3081 sub-

1029 3093 1189 3139 iectus,
1247 3095 1374 3142 apud
1423 3092 1693 3144 proximos,
1752 3101 1908 3148 apud

1027 3149 1299 3199 collegas
1345 3149 1493 3189 variis
1539 3149 1773 3195 inlecebris
1820 3170 1909 3207 po-

1031 3212 1146 3246 tens.

1080 3279 1429 3327 procuratores.
1512 3277 1583 3319 De
1655 3293 1712 3320 uo
1756 3278 1922 3327 officio·

1029 3331 1089 3376 cf.
1114 3328 1222 3373 infr.
1235 3346 1275 3373 c.
1294 3330 1383 3382 15.,
1411 3340 1452 3375 et
1473 3349 1626 3392 exemp
1649 3351 1724 3377 um
1747 3353 1908 3393 procu·

1029 3387 1189 3434 ratoris
1231 3387 1442 3432 adversus
1483 3391 1520 3433 le
1555 3400 1672 3433 atum
1726 3403 1910 3438 conten-

1030 3444 1173 3489 dentis
1198 3444 1286 3487 An.
1313 3446 1379 3496 14,
1398 3445 1467 3490 38.
1556 3464 1627 3490 am
1659 3450 1760 3506 quia
1791 3466 1909 3496 unus

1030 3512 1202 3546 tantum
1226 3513 1492 3559 procurator
1515 3503 1560 3545 in
1584 3505 1818 3560 provincia
1841 3526 1910 3551 so-

1029 3561 1144 3605 lebat
1165 3575 1282 3608 esse‚
1302 3561 1568 3604 sumendum
1591 3571 1657 3605 est
1675 3579 1754 3620 per
1775 3567 1910 3610 trien·

1276 3620 1301 3677 1
