2150 4022
189 242 274 341 ⁷0

484 279 594 343 xo.
641 261 1200 340 CORNELIUS
1257 275 1684 366 'rAcl‘P-Us

194 411 530 490 Hercynius
575 410 952 486 prosequitur
998 409 1176 475 simul
1210 401 1423 485 afflue«
1453 409 1716 487 depopit.
1798 410 2058 467 duriora

195 498 357 572 genti
381 516 656 571 corpora,
695 495 879 552 stricti
901 506 1088 565 artuS‚
1129 494 1329 550 minax
1351 494 1552 551 vultus
1577 490 1634 550 et
1655 487 1846 551 maior
1868 495 2056 552 animi

199 583 387 656 vigor.
456 582 728 639 ‘multum
764 577 859 658 (ut
891 581 1046 637 inter
1072 576 1434 656 Germanos)
1472 578 1722 635 rationis
1751 595 1818 636 ac
1849 581 2059 637 soller-

199 668 345 724 tiae:
399 686 762 742 praeponere
793 666 1036 734 elect08‚
1088 664 1293 721 audire
1320 664 1712 739 praepositOS,
1763 684 1935 721 nosse
1957 685 2061 722 or-

201 753 401 820 dineS‚
459 751 789 825 intelligere
828 751 1190 819 occasioneS‚
1248 749 1485 805 differre
1523 749 1803 823 impetuS‚
1861 751 2062 826 dispo-

199 857 340 893 nere
366 837 522 893 diem
541 882 557 906 ‚
612 837 832 893 vallare
861 834 1092 892 noctem
1112 879 1128 904 ‚

1180 834 1482 890 fortunam
1504 834 1658 890 inter
1682 826 1891 904 dubffi,
1938 836 2062 891 vir-

198 934 386 997 tutem
426 921 583 978 inter
620 934 774 979 certa
812 939 1153 977 numerare:
1219 919 1902 995 quodque-rarissimum
1951 940 2062 976 nec

199 1007 318 1068 nisi
366 1007 595 1065 ratione
644 1006 990 1082 disciplinae
1037 1024 1408 1074 concessum,
1474 1004 1610 1080 plus
1660 1025 1948 1081 reponere
1991 1005 2062 1061 in

196 1265 239 1302 et
272 1256 372 1301 edd.
395 1256 426 1300 S
459 1257 514 1300 ir.
544 1256 676 1302 Kath.
697 1272 796 1314 sqq.
830 1256 884 1299 ad
914 1254 1095 1300 Rhena-

197 1331 307 1358 num
329 1273 504 1372 (ὧδὲ).
537 1314 633 1359 Sed
655 1314 701 1357 in
725 1314 1095 1371 interpunctione

195 1373 433 1429 perexigua
486 1381 551 1416 est
610 1382 808 1415 veterum
874 1370 1096 1413 librorum

196 1430 466 1481 auctoritas,
507 1438 549 1473 et
582 1444 849 1488 quacunque
882 1430 1098 1486 interpre-

197 1486 365 1530 tatione
388 1498 592 1532 veterum
622 1486 843 1530 librorum
876 1486 1096 1530 rationem

197 1543 408 1596 adiuves,
441 1552 592 1587 manet
611 1544 903 1603 perlanguida
927 1551 967 1585 et
991 1542 1098 1585 con2

195 1608 314 1644 torta
359 1602 581 1645 sententia
628 1609 759 1658 atque
808 1599 1100 1642 incommoda

198 1659 443 1704 verborum
471 1660 624 1703 series.
666 1660 726 1701 At
750 1657 970 1700 obiiciunt
988 1655 1099 1699 Rhe-

171 1731 319 1759 ›nano
368 1716 622 1760 inusitatam
671 1716 913 1774 particulae
963 1716 1100 1769 st'qui·

198 1777 305 1816 dem
353 1775 726 1824 collocationem,
778 1772 944 1831 quippe
988 1787 1102 1829 quae

197 1830 342 1874 soleat
363 1833 470 1889 poni
495 1833 547 1876 ab
573 1832 701 1874 initio
726 1830 983 1874 sententiae.
1041 1829 1100 1879 cs.

201 1887 383 1932 sueton.
424 1889 504 1933 lul.
538 1906 576 1933 c.
601 1890 646 1931 9.
671 1897 712 1931 et
736 1889 805 1932 88.
866 1886 970 1930 Oct.
997 1902 1036 1929 c.
1059 1886 1102 1935 2,

199 1944 269 1989 33.
305 1954 347 1989 et
383 1948 453 1990 99.
517 1947 619 1989 Tib.
662 1962 701 1988 c.
727 1948 770 1988 2.
832 1944 927 1987 Cal.
962 1961 1008 2015 cK
1030 1944 1100 1988 49.

198 2002 304 2046 Ner.
333 2021 374 2047 c.
399 2007 440 2048 5.
468 2014 510 2047 et
531 2005 603 2054 26.
665 2002 835 2044 Verum
862 2004 1100 2044 innumera

198 2070 303 2104 sunt
330 2062 448 2117 apud
476 2062 693 2104 Nostrum
728 2061 924 2103 eiusdem
962 2069 1102 2102 trans-

198 2118 436 2175 positionis
460 2120 658 2177 exempla
675 2150 686 2166 ‚
718 2134 911 2176 quorum
938 2133 1101 2159 cumu-

199 2177 298 2220 lum
342 2177 563 2235 congessit
595 2174 863 2221 Werniclze
908 2175 962 2216 de
999 2173 1102 2215 Elo-

202 2234 461 2279 cut02Tacit.
492 2251 534 2292 p.
554 2235 620 2277 14.
682 2233 981 2288 praeponitur
1009 2235 1102 2272 du-

198 2299 336 2341 rant,
381 2292 485 2350 quia
515 2291 754 2348 praecipua
788 2291 825 2332 ei
857 2289 1000 2334 verbo
1033 2288 1103 2330 in-

200 2356 266 2391 est
290 2350 372 2393 vis.
435 2348 574 2404 Quod
605 2349 867 2405 interpretes
889 2344 1102 2389 nonnulli

201 2414 388 2450 censent
433 2407 676 2450 dictionem
734 2407 872 2447 colles
900 2403 1102 2446 'durare

199 2479 297 2506 non
331 2481 423 2507 esse
456 2464 664 2512 latinam,
706 2462 954 2507 falluntur:
995 2476 1100 2504 nam

199 2523 236 2564 si
262 2522 378 2566 Catti
404 2522 592 2568 durant,
630 2522 672 2565 h.
699 2537 738 2563 e.
766 2520 1003 2563 Cattorum
1028 2534 1100 2561 se-

200 2579 304 2631 des,
332 2589 523 2637 possunt
548 2588 592 2622 et
618 2579 754 2624 colles
775 2578 955 2622 durare.

258 2681 402 2722 simul
430 2687 586 2737 atque.
648 2678 750 2726 MS.
775 2678 939 2736 Stuttg.
967 2675 1104 2720 omit-

203 2737 257 2781 tit
281 2745 437 2795 atque.

259 2839 463 2892 deponit.
536 2837 786 2881 Sententia:
830 2836 965 2879 saltus
996 2834 1105 2876 Iler-

205 2895 363 2953 cynius
387 2895 672 2953 prosequitur
687 2895 839 2940 Cattos
862 2909 980 2943 suos,
1007 2891 1032 2933 h
1066 2906 1104 2935 e.

202 2952 486 3010 longitudine
521 2960 596 2996 sua
630 2954 874 3009 porrigitur
898 2966 978 3007 per
1005 2948 1104 2992 Cat·

204 3017 274 3053 tos
297 3027 442 3068 neque
470 3013 523 3053 ab
548 3010 600 3052 iis
630 3011 821 3053 recedit:
864 3007 940 3051 sed
963 3010 1105 3060 depo-

202 3070 272 3110 nit
294 3069 434 3123 etiam,
450 3065 604 3111 Cattos
629 3083 758 3118 suos,
792 3068 834 3110 h.
862 3082 901 3109 e.
923 3063 1108 3108 comita·

203 3134 277 3169 tur
301 3140 377 3168 eos
400 3126 444 3174 in
474 3125 750 3169 latitudinem
787 3133 830 3166 et
866 3124 964 3165 loca
998 3120 1108 3163 infe-

205 3183 326 3235 riora
366 3181 505 3225 colles
551 3182 764 3239 paulatim
812 3177 1111 3238 deprimendo

205 3256 291 3285 nec
311 3239 458 3283 subito
487 3239 822 3296 abrumpendo,
859 3246 906 3279 ut
934 3238 992 3279 ita
1026 3232 1108 3278 sal·

206 3306 278 3344 tus
312 3297 567 3355 Hercynius
599 3295 752 3340 Cattos
788 3310 890 3338 suos
927 3294 972 3338 in
1010 3292 1108 3335 loca

205 3354 427 3399 inferiora
453 3355 650 3398 videatur
682 3351 940 3397 transserxe.

264 3457 421 3499 stricti
461 3462 613 3496 artus.
697 3449 893 3496 Juvenal.
933 3450 1025 3495 Sat.
1070 3447 1111 3499 6,

208 3513 310 3557 401.
335 3513 511 3556 strictis
537 3511 777 3554 mmmllis.

263 3614 429 3663 animi.
487 3612 587 3656 MS.
618 3609 847 3658 Hummel.
870 3608 1060 3651 animis.

1808 1255 1893 1300 Ed.
1921 1256 2064 1301 Paris.

1225 1262 1274 1296 ut
1306 1254 1430 1297 inter
1459 1253 1738 1298 Germanos

1169 1312 1283 1355 male
1311 1312 1476 1355 omittit
1501 1319 1566 1355 ut.

1225 1409 1360 1437 nosse
1386 1395 1600 1438 ordines.
1659 1393 1906 1439 Msestuu
1939 1427 1952 1441 .
1975 1412 2061 1440 no-

1167 1467 1292 1495 scere
1315 1457 1519 1495 ordines.
1582 1452 1645 1496 cf.
1669 1451 1783 1497 Hist.
1806 1453 1848 1497 2.
1871 1454 1901 1497 9
1930 1485 1944 1498 .
1974 1470 2068 1498 non

1164 1511 1392 1565 principia
1423 1524 1628 1552 noscere.
1689 1509 1805 1554 Hist.
1826 1509 1873 1567 3,
1888 1511 1962 1560 25.
1993 1515 2072 1562 lca-

1168 1571 1279 1610 xati
1296 1570 1487 1611 ordines
1507 1570 1870 1624 abrumpamur.

1231 1642 1512 1682 occasiones.
1571 1638 1658 1682 Ed.
1681 1639 1893 1688 Nouimb.
1911 1627 2070 1688 neces-

1173 1698 1353 1740 sitates.
1413 1696 1500 1739 Sed
1532 1695 1591 1740 cf.
1623 1696 1713 1741 An.
1739 1696 1808 1755 16,
1833 1695 1904 1743 14.
1934 1716 2069 1744 occa-

1172 1757 1364 1797 sionum
1388 1757 1519 1797 haud
1539 1755 1714 1809 segnis.

1229 1829 1475 1879 disponere
1498 1827 1638 1871 diem.
1702 1827 1759 1872 cf.-
1772 1828 1959 1874 Sueton.
1970 1830 2071 1876 Tib.

1177 1902 1215 1930 c.
1258 1889 1321 1927 11.
1361 1886 1510 1928 Forte
1548 1889 1788 1940 quondam
1821 1889 1870 1929 ἰή
1910 1889 2070 1944 dispo-

1173 1946 1326 1984 nendo
1350 1945 1422 1984 die
1444 1957 1584 1984 mane
1599 1947 1923 1997 praedixerat,
1946 1950 2072 2003 quid·

1175 2004 1284 2057 quid
1326 2014 1582 2054 aegrorum
1623 2001 1898 2050 incivitate
1952 2019 2071 2062 esse,
2103 2022 2106 2026 ·

1175 2059 1368 2101 visitare
1391 2073 1439 2100 se
1463 2060 1597 2099 velle.
2036 2068 2038 2073 ’
2078 2069 2080 2074 ’

1232 2133 1430 2172 vallare.
1487 2128 1570 2173 Ed.
1585 2127 1716 2172 Kath.
1739 2131 1937 2182 vellere,
1962 2131 2073 2179 vitio

1175 2187 1514 2246 typographica
1556 2215 1559 2218 -

1229 2261 1356 2301 inter
1398 2265 1542 2300 certa.

1172 2324 1374 2359 caetera.
1592 2338 1611 2360 x

1230 2403 1312 2430 nec
1333 2387 1429 2429 nisi
1446 2387 1628 2428 ratione
1651 2385 1937 2440 disciplinae.
1999 2390 2076 2435 Sic,

1173 2444 1304 2491 MSS.
1327 2444 1440 2487 Tur.
1464 2443 1631 2501 Stuttg.
1669 2443 1773 2490 edd.
1796 2442 1916 2502 Spir.
1938 2446 2074 2492 Kath.

1172 2504 1278 2546 Put.
1333 2501 1401 2544 Μ.
1446 2509 1488 2543 et
1529 2500 1583 2542 V.
1627 2500 1835 2543 Nox-imb.
1889 2502 2075 2550 Monac.

1174 2560 1338 2603 Vienn.
1374 2559 1510 2603 Rom.
1547 2556 1758 2600 Beroald.
1793 2556 1896 2601 Alc.
1929 2559 2073 2605 Rhen.

1175 2618 1281 2661 Ald.
1309 2633 1407 2674 sqq.
1468 2618 1538 2658 De
1570 2614 1708 2657 MSS.
1739 2613 1911 2659 Vaticc.
1944 2617 2076 2662 silen-

1176 2676 1290 2720 tium
1315 2683 1403 2725 est,
1445 2681 1493 2714 ut
1518 2674 1577 2716 ita
1606 2671 1838 2715 videantur
1860 2675 2076 2721 cumillis

1179 2732 1305 2777 libris
1326 2730 1600 2774 consentire.
1643 2748 1701 2761 --
1761 2743 1844 2770 nec
1866 2733 2076 2777 nde-:1130-

1178 2804 1352 2833 manae
1405 2789 1678 2842 disciplinae
1730 2786 1873 2833 MSS.
1914 2789 2077 2840 Bamb.

1177 2845 1353 2891 Arund.
1374 2845 1694 2900 Hummel.(?)
1715 2844 1787 2887 ed.
1803 2845 1945 2891 Paris.
1994 2849 2077 2892 Va-

1174 2906 1306 2947 rietas
1340 2903 1560 2960 originem
1597 2901 1726 2946 traxit
1756 2916 1778 2943 e
1804 2906 2076 2962 compendio

1176 2988 1316 3022 rone,
1358 2972 1478 3030 quod
1518 2980 1653 3015 exstat
1686 2971 1732 3015 in
1765 2971 1836 3015 ed.
1863 2972 2004 3032 Rhag.
2036 2985 2078 3020 et

1178 3040 1371 3087 utroque
1410 3030 1544 3072 modo
1577 3029 1663 3086 legi
1692 3036 1847 3083 potest.
1912 3032 2080 3076 Passo-

1180 3091 1276 3131 vius
1303 3087 1500 3131 defendit
1523 3088 1730 3143 ratione.
1792 3118 1818 3138 „
1837 3087 1949 3131 Nam
1984 3106 2079 3135 non

1181 3155 1302 3190 tantu
1313 3162 1354 3187 m
1372 3142 1641 3195 R01nanae‘',
1659 3142 1733 3196 ait,
1751 3146 1855 3194 „sed
1873 3149 2077 3192 omnium

1183 3204 1382 3262 gentium
1442 3200 1704 3259 disciplinae
1757 3201 1940 3245 militari
1991 3206 2080 3250 hoc

1182 3269 1276 3304 erat
1309 3258 1605 3317 proprium.'’
1678 3257 1878 3303 Orellius
1913 3273 2081 3319 pugnat

1184 3333 1266 3376 pro
1323 3319 1604 3364 Romanae,
1674 3315 2080 3378 animadvertitque

1183 3382 1342 3420 contra
1376 3373 1662 3424 Passovium‚
1711 3382 1821 3418 tunc
1852 3379 2084 3434 temporis,
2123 3422 2125 3425 ,

1627 2255 1711 2301 Ed.
1736 2234 1900 2316 fParis'.
1949 2259 2075 2304 inter

1184 3448 1286 3477 cum
1341 3430 1560 3474 Romanis
1607 3433 1924 3481 tantummodo
1976 3449 2082 3478 cum
2146 3447 2150 3450 “

1184 3491 1386 3534 barbaris
1426 3488 1531 3531 artis
1570 3487 1788 3550 militaris·
1815 3488 2082 3550 plerumque

1185 3547 1350 3605 ignaris
1388 3545 1502 3588 bella
1538 3553 1683 3589 essent
1724 3547 1942 3601 gerenda,
1995 3549 2083 3593 hoc

1186 3605 1346 3649 merito
1385 3613 1597 3660 tanquam
1633 3601 1943 3653 Romanorum
1982 3622 2086 3664 prn-
