2150 4022
586 312 1118 375 DIALOGUS.
1205 313 1400 373 CAP.
1439 317 1495 375 1.

1840 313 1967 370 223

118 472 281 520 mus,
331 450 430 505 vix
472 444 712 504 hercule
745 445 1055 512 auderem,
1110 441 1159 497 si
1186 438 1336 498 mihi
1355 462 1484 498 mea
1510 442 1796 498 sententia
1826 462 1970 516 pro—

118 537 364 602 ferenda*
387 555 452 590 ac
481 553 607 589 non
635 529 1156 587 disertissimorum
1175 572 1192 596 ‚
1245 538 1312 584 ut
1340 526 1558 584 nostris
1587 527 1972 602 temporib11S‚

120 621 431 679 hominum
474 637 665 674 sermo
706 614 1059 690 repetendus
1099 623 1279 680 esset,
1346 632 1492 688 quos
1536 612 1782 668 eandem
1818 607 1972 668 hanc

119 705 521 784 quaestionem
586 711 1007 777 pertractantes
1068 697 1300 754 iuvenis
1362 698 1687 753 admodum
1749 696 1971 757 audivi.

118 897 295 941 Pithoe.
323 895 540 938 omittunt
564 895 646 945 sit,
688 892 809 951 quod
842 890 1010 951 proba-

119 963 227 998 runt
251 952 590 998 Schurzsseisch.
615 960 658 995 et
680 952 859 994 Broter.
875 980 888 998 ‚
927 959 1010 990 ne-

121 1028 209 1071 que
242 1020 393 1054 tamen
425 1010 500 1053 hic
530 1009 576 1052 in
609 1017 777 1052 textum
811 1005 1014 1063 recipere

120 1085 253 1113 ausus
293 1077 374 1111 est.
454 1068 505 1110 ln
541 1083 590 1109 ea
641 1074 742 1110 vett.
789 1063 1012 1106 librorum

118 1126 341 1184 scriptura
367 1125 516 1168 deesse
538 1123 707 1181 aliquid
734 1136 875 1180 quum
906 1135 1014 1178 per-

120 1183 311 1240 spiceret
345 1182 566 1248 Lipsius,
600 1197 624 1224 e
656 1182 844 1223 Fames.
893 1176 1012 1243 cod„

122 1242 187 1286 sic
221 1241 353 1289 dicit,
402 1240 670 1297 interposuit
703 1238 788 1291 sit,
842 1250 929 1293 qua
963 1249 1012 1277 1n

122 1298 433 1342 emendatione
452 1295 773 1354 acquieverunt
795 1293 894 1336 edd.
915 1306 1013 1350 sqq.

120 1356 220 1399 fere
266 1370 451 1402 omnes,
505 1352 775 1398 novissimae
830 1363 1015 1407 quoque

121 1414 298 1456 Broter.
359 1410 538 1454 Ernest.
596 1408 775 1453 schulz.
829 1406 1013 1464 Bipont.

122 1469 285 1514 Oberl.
300 1467 479 1512 Dronk.
493 1466 710 1511 Orellius.
742 1464 1015 1522 Neutiquam

123 1545 176 1572 eo
240 1527 423 1569 nomine
482 1523 838 1583 reprehendendi
898 1529 1016 1572 sunt,

123 1596 264 1644 quum·
294 1591 479 1641 propter
508 1599 576 1640 sq.
607 1583 650 1625 si
677 1580 819 1624 tacitis
848 1579 904 1622 sit
937 1594 1014 1621 ca-

124 1642 230 1686 lami
250 1641 423 1698 lapsus,
453 1649 496 1684 et
519 1639 656 1682 totius
679 1637 769 1681 loci
792 1653 842 1680 ea
862 1637 917 1679 sit
940 1651 1016 1678 na·

125 1711 240 1750 tura,
270 1706 318 1740 ut
341 1698 478 1743 verba
503 1712 597 1739 11011
622 1695 760 1738 solius
785 1692 1016 1751 scriptoris

125 1754 343 1801 iudicium
384 1755 669 1801 contineant,
719 1752 797 1795 sed
841 1749 1017 1793 univer·

126 1830 218 1859 sam
239 1812 520 1856 sententiam.
555 1811 711 1866 Quare
733 1808 876 1851 nolim
895 1822 1019 1867 prae·

126 1871 260 1922 ferri,
312 1868 432 1927 quod
479 1886 503 1912 e
540 1868 643 1912 eod.
682 1866 889 1909 Romano
930 1864 1020 1907 sive

160 1929 277 1972 otius
337 1925 444 1969 edit.
501 1927 694 1968 Roman.
754 1922 844 1979 (cf.
901 1921 1019 1963 Pro-

128 1947 394 2044 iiegomena)
459 1984 506 2026 in
569 1982 766 2025 medium
830 1979 1020 2038 protulit

127 2045 249 2089 idem
266 2042 464 2099 Lipsius:
492 2042 622 2082 male
645 2039 1019 2081 existimandum

127 2103 359 2153 habeam,
423 2100 468 2140 si
505 2109 617 2148 etc.,
681 2112 794 2154 quae
835 2093 1019 2152 quidem

127 2159 350 2215 scriptura
383 2171 478 2198 11011
516 2155 665 2198 solum
694 2151 902 2197 Acidalio
927 2149 1019 2192 veri

129 2215 323 2259 similior
359 2215 473 2263 visa,
521 2227 679 2257 verum
721 2210 880 2258 etiam,
921 2207 1021 2251 Ou-

131 2274 303 2316 dendor
341 2303 352 2313 .
387 2271 438 2314 ad
465 2269 675 2313 Frontin.
709 2284 755 2324 p.
785 2268 855 2310 51.
891 2273 933 2309 et
967 2265 1017 2307 F.

132 2332 189 2372 A.
236 2288 427 2372 Vffolfio
478 2327 506 2369 1.
552 2326 580 2369 Ι.
629 2323 911 2373 auctoribus,
974 2323 1022 2363 in

133 2386 305 2431 Osanni
328 2393 370 2426 et
393 2384 474 2427 Im.
492 2382 679 2425 Bekkeri
702 2380 1022 2438 exemplaribus

133 2445 278 2501 posita
303 2451 378 2485 est.
439 2439 632 2483 Dicendi
656 2454 793 2497 genus
822 2453 914 2479 non
939 2436 1022 2477 im·

133 2502 304 2558 probe,
347 2515 449 2541 nam
475 2513 568 2540 11011
592 2498 738 2539 solum
751 2495 909 2537 Tacito
934 2496 1020 2557 ha·-

133 2562 242 2601 bere
278 2558 463 2598 verbum
502 2555 703 2610 iungitur
738 2568 843 2595 cum
889 2560 1023 2608 paru·

134 2616 253 2672 cipio
277 2615 416 2656 futur.
441 2628 583 2670 pass„
616 2610 740 2653 vetut
764 2608 867 2651 dial.
892 2624 931 2652 c.
951 2607 1021 2650 31.

136 2682 177 2716 et
210 2672 282 2715 37.
314 2672 558 2712 dicendum
592 2671 786 2718 habere,
827 2682 926 2722 cap.
954 2664 1023 2707 36.

135 2732 512 2785 respondendum
534 2729 706 2768 habere
731 2731 774 2765 et
798 2723 1024 2770 A11.4,40.

138 2788 204 2838 14,
224 2787 295 2830 44.
311 2818 322 2834 ,
361 2801 472 2842 quos
496 2784 622 2827 locos
642 2781 834 2838 Langius
857 2781 1024 2827 citavit,

136 2854 176 2887 et
200 2843 312 2887 Hist.
338 2846 374 2894 1,
400 2842 465 2885 15.
497 2841 540 2890 4,
563 2841 657 2891 77.,
688 2840 762 2882 sed
788 2837 920 2881 etiam
937 2837 1024 2879 Pli-

139 2902 239 2944 nius
291 2899 545 2958 frequentat
603 2913 698 2940 eam
751 2904 1022 2939 structuram

139 2959 298 3016 aliique
311 2956 528 3014 aequales,
551 2954 832 3012 utPanegyr.
850 2968 890 2995 c.
907 2952 972 3001 15,
982 2952 1025 2994 4.

137 3015 276 3072 Epist.
305 3017 340 3065 1,
359 3014 401 3064 7,
420 3013 463 3055 6.
492 3013 568 3055 ubi
598 3010 870 3068 cf.Gie1·ig.;
898 3008 1027 3061 8,12.

140 3074 184 3117 8.
208 3070 274 3123 13,
293 3071 346 3123 2;
374 3072 415 3122 9,
440 3071 483 3123 9,
508 3070 547 3115 5.

195 3190 243 3229 si
277 3186 397 3228 mihi
436 3200 544 3228 mea
586 3185 819 3228 sententia
864 3184 1027 3240 prose-

139 3247 303 3287 renda.
377 3242 504 3285 Hanc
540 3241 808 3299 scripturam
845 3241 1029 3285 firmant

141 3301 272 3346 codd.
311 3299 449 3366 Neap.
483 3298 654 3341 Vaticc.
697 3308 738 3342 et
774 3299 875 3341 edd.
909 3298 1027 3353 Spir.

142 3358 243 3401 Put.
279 3358 334 3401 V.
366 3357 469 3399 an.
507 3355 715 3399 Beroald.
757 3357 875 3399 lunt.
909 3356 1028 3406 Alc„

145 3430 190 3454 ex
216 3415 373 3470 quibus
399 3414 515 3455 mihi
535 3428 785 3469 pronomen
802 3444 814 3460 .
856 3413 901 3456 in
927 3412 1026 3455 edd.

144 3470 345 3513 Rhenan.
388 3471 488 3513 ΑΜ.
541 3469 656 3526 Lips.
708 3470 878 3512 Pithoe.
929 3484 1025 3525 sqq.

146 3528 390 3577 omissum,
456 3527 746 3570 restituerunt
798 3526 1027 3569 llroterius

146 3599 388 3640 omnesque
422 3584 521 3626 edd.
557 3599 681 3640 sqq.,
724 3599 813 3627 unu
845 3590 1026 3639 excepto

147 3641 368 3683 Schulzio.
431 3641 612 3686 Nescio,
643 3641 749 3698 quid
775 3641 933 3684 melius
956 3640 1027 3680 iu-

1084 887 1141 932 sit
1174 887 1323 934 verbis
1346 903 1370 930 a
1394 887 1738 933 Schurzfleisch.
1764 893 1971 947 transpo-

1083 945 1176 991 sitis
1199 948 1246 989 si
1262 960 1374 988 mea
1392 946 1513 988 mihi
1533 953 1649 989 sent.
1666 946 1793 1002 pros.

1141 1045 1198 1072 aa
1208 1044 1302 1071 non
1313 1029 1749 1081 disertissimorum,
1764 1036 1815 1071 ut
1826 1036 1977 1074 nostr.

1084 1089 1386 1142 temporibus,
1421 1088 1678 1129 hominum.
1739 1095 1812 1137 ut,
1844 1088 1977 1131 omis·

1084 1161 1185 1188 sum
1220 1143 1269 1187 in
1303 1143 1406 1186 edd.
1443 1142 1640 1201 antiquis
1675 1144 1912 1196 omnibus,
1953 1160 1978 1187 e

1085 1201 1189 1246 cod.
1243 1201 1428 1245 Fames.
1486 1201 1773 1244 inserendum
1840 1217 1976 1246 cura-

1085 1261 1152 1305 vit
1181 1258 1380 1318 Lipsius,
1433 1274 1567 1316 quem
1599 1274 1645 1300 se
1681 1267 1849 1302 uuntur
1864 1258 1977 1316 ‘ple-

1085 1317 1217 1374 rique
1264 1323 1442 1374 praeter
1479 1274 1822 1360 Schurzffleisch.
1856 1315 1978 1374 Tyr-

1087 1375 1228 1419 whitt.
1246 1373 1425 1417 Dronk.
1444 1373 1682 1416 Osannum
1705 1380 1746 1416 et
1769 1373 1981 1423 Seehod„

1087 1433 1162 1490 qui
1199 1432 1329 1475 uncis
1365 1430 1564 1476 inclusit.
1621 1430 1710 1473 Sed
1743 1446 1838 1473 non
1866 1432 1982 1475 bene

1085 1490 1189 1540 illi,
1269 1487 1373 1546 quia
1438 1487 1530 1531 eius
1588 1487 1835 1546 particulae
1904 1488 1980 1532 ad·

1086 1547 1220 1591 iectio
1245 1561 1523 1602 magnopere,
1543 1546 1888 1588 commendatur
1910 1555 1984 1589 to-

1086 1606 1174 1648 tius
1211 1602 1374 1660 dialogi
1412 1611 1695 1660 argumento.
1764 1601 1983 1661 Repetam

1088 1663 1221 1711 enim,
1243 1660 1364 1710 dicit,
1384 1659 1621 1703 hominum
1637 1675 1794 1702 eorum
1812 1675 1984 1703 sermo·

1089 1735 1184 1769 nes,
1215 1717 1290 1775 qui
1313 1717 1506 1774 antiquis
1529 1716 1823 1774 temporibus,
1846 1717 1913 1760 vel
1934 1726 1985 1762 ut
2051 1739 2056 1755 1

1092 1775 1340 1830 Ciceronis,
1367 1775 1770 1818 disertissimorum
1795 1775 1983 1818 nomine

1091 1833 1166 1880 vix
1196 1832 1318 1888 digni
1355 1831 1434 1875 visi
1467 1839 1643 1880 essent,
1696 1841 1740 1874 at
1780 1847 1887 1874 vero
1916 1832 1986 1876 his

1090 1889 1395 1948 temporibuS,
1427 1888 1500 1932 ubi
1528 1888 1784 1947 eloquentia
1805 1905 1986 1948 pessum

1091 1949 1190 1991 data
1215 1955 1302 2000 est,
1345 1945 1421 1990 tali
1454 1946 1642 1989 nomine
1669 1945 1789 1988 haud
1821 1946 1987 1990 iniuste

1088 2003 1412 2062 insigniuntur.
1475 2002 1671 2062 Dicendi
1702 2019 1832 2047 usum
1868 2020 1987 2047 eun-

1092 2063 1193 2106 dem
1231 2061 1363 2105 habes
1396 2061 1554 2104 Germ.
1589 2077 1628 2104 c.
1656 2060 1729 2104 30.
1769 2063 1988 2111 multum,

1091 2127 1143 2162 ut
1185 2120 1307 2161 inter
1351 2119 1641 2170 Germanos,
1691 2120 1891 2162 rationis
1932 2136 1988 2162 ac

1090 2179 1356 2226 sollertiae,
1397 2176 1644 2233 similisque
1667 2175 1875 2219 limitatio
1897 2177 1988 2220 sive

1091 2233 1319 2278 restrictio
1345 2243 1411 2278 est
1433 2234 1551 2291 apud
1567 2234 1714 2277 Cicer.
1739 2233 1793 2276 de
1816 2242 1986 2278 senect-

1093 2308 1133 2336 ο.
1161 2291 1203 2343 4,
1234 2292 1300 2334 12.
1338 2293 1393 2335 de
1424 2300 1538 2334 orat.
1561 2292 1604 2339 2,
1632 2293 1669 2342 1,
1692 2291 1737 2334 2.
1771 2290 1897 2348 epist.
1930 2291 1988 2334 ad

1095 2349 1187 2392 div.
1214 2349 1280 2399 19,
1302 2349 1347 2392 2.
1404 2348 1568 2405 Nepot.
1589 2346 1796 2405 Epamin.
1819 2363 1862 2392 0.
1887 2348 1928 2398 5,
1940 2348 1987 2392 2..

1095 2406 1213 2448 Plin.
1237 2405 1380 2463 Epist.
1408 2406 1449 2453 9,
1472 2406 1539 2448 12.
1600 2403 1670 2448 Cf.
1702 2404 1896 2463 Interpr.
1929 2404 1988 2450 ad

1092 2463 1189 2507 Liv.
1216 2464 1283 2513 10,
1305 2462 1376 2513 43,
1397 2463 1468 2506 15.
1531 2461 1661 2517 Quae
1688 2469 1847 2507 contra
1877 2461 1989 2506 haec

1094 2519 1204 2563 dicit
1226 2518 1405 2562 Dronk.
1422 2553 1433 2571 ,
1471 2534 1520 2562 ea
1543 2518 1674 2562 nihili
1696 2528 1826 2570 sunt3
1865 2535 1988 2568 nam.

1094 2577 1133 2619 si
1158 2592 1317 2619 verum
1343 2586 1434 2626 est,
1483 2577 1606 2634 quod
1642 2575 1899 2629 contendit,
1935 2585 1988 2620 ut

1095 2642 1182 2684 est,
1234 2633 1316 2677 hac
1356 2649 1470 2678 voce
1513 2641 1823 2692 contemptum
1864 2633 1988 2688 addi,

1095 2698 1308 2748 tanquam
1345 2690 1549 2735 homines
1591 2706 1675 2749 pro
1711 2707 1791 2734 sua
1829 2690 1987 2735 condi-

1096 2748 1219 2790 tione
1246 2748 1405 2791 melius
1429 2763 1558 2806 agere
1584 2756 1678 2791 non
1702 2749 1898 2807 possint,
1939 2748 1988 2792 id

1096 2805 1241 2863 ipsum
1268 2805 1388 2848 cadit
1419 2806 1465 2848 in
1486 2805 1649 2849 horum
1672 2806 1988 2850 conditionem

1097 2871 1261 2921 aperte.
1302 2863 1371 2905 Ac
1393 2861 1989 2914 (10101111153013111011111311-

1097 2936 1207 2970 nus,
1268 2920 1344 2962 sed
1386 2919 1488 2965 vide
1533 2919 1675 2964 Hand.
1715 2919 1910 2966 Turseli.
1949 2921 1991 2966 I.

1098 2995 1142 3036 p.
1166 2975 1267 3021 474.
1302 3005 1359 3013 -—
1426 2976 1518 3020 Pro
1541 2981 1821 3031 repetendus
1844 2978 1889 3021 in
1912 2978 1984 3021 ed.

1100 3036 1218 3094 Spir.
1246 3051 1500 3092 expressum
1526 3043 1592 3079 est
1616 3036 1930 3091 repetz'enduS.

1157 3121 1330 3162 iuvenis
1353 3122 1625 3162 admodum.
1684 3118 1735 3162 Si
1758 3118 1992 3169 sumimus,

1099 3177 1242 3221 Taciti
1264 3192 1430 3219 annum
1455 3176 1644 3220 natalem
1665 3191 1750 3220 nec
1770 3175 1886 3218 ultra
1912 3192 1990 3218 an-

1100 3251 1212 3278 num
1243 3235 1296 3276 ab
1326 3232 1387 3282 U.
1412 3233 1462 3278 C.
1491 3233 1715 3278 DCCCV.
1747 3232 1872 3276 reiici
1906 3249 1992 3277 nec

1101 3294 1215 3336 ultra
1265 3307 1435 3335 annum
1476 3290 1746 3335 DCCCVll.
1794 3288 1990 3347 proferri

1132 3365 1231 3392 osse
1258 3347 1336 3403 (cf.
1390 3348 1502 3392 raes.
1524 3347 1657 3391 Tom.
1683 3346 1715 3390 l.
1748 3363 1792 3405 p.
1818 3345 1897 3389 Vl.
1919 3362 1988 3404 sq.

1169 3405 1294 3451 aleb.
1328 3422 1350 3448 a
1414 3406 1452 3450 A
1487 3404 1565 3449 rie.
1601 3422 1640 3448 c.
1664 3404 1705 3446 3.
1772 3435 1783 3447 .
1809 3403 1909 3446 129.
1945 3412 1990 3447 et

1102 3465 1248 3507 Pabst.
1274 3462 1429 3522 Eclog.
1480 3463 1596 3506 *acin
1624 3478 1667 3519 p.
1691 3419 1862 3517 XQJL),
1897 3460 1988 3517 egit

1101 3523 1158 3571 is,
1190 3530 1328 3578 quum
1351 3520 1551 3578 dialogus
1579 3520 1836 3569 haberetur,
1867 3516 1986 3561 vitae

1098 3593 1266 3622 anuum
1303 3577 1377 3623 vel
1413 3580 1606 3635 primum
1641 3585 1684 3618 et
1719 3573 1986 3619 vicesimum

1102 3637 1170 3683 vel
1197 3635 1377 3679 tertium
1408 3643 1449 3678 et
1486 3633 1766 3680 vicesimum.
1830 3631 1879 3674 ld
1910 3648 1984 3675 ae-
