2150 4022
379 235 620 299 IULII
665 231 987 295 AGRIC.

404 366 712 440 Legimus,
751 382 888 422 cum
915 357 1182 421 Aruleno
1208 361 1455 422 Rustico
1479 362 1695 422 Paetus
1720 360 1919 423 Thra-

222 365 320 441 ,11.

1034 231 1272 293 VITA
1313 231 1511 312 CAIP.
1548 237 1611 298 2.
1796 235 1912 313 1211

74 476 212 527 sea,
251 450 556 510 Herennio
591 448 908 513 Senecioni
932 445 1182 523 ,Priscus
1207 446 1522 508 Helvidius
1556 439 1782 522 laudati
1827 470 1918 508 es-

71 703 356 757 Aen.3,191.
420 700 557 745 ovid.
584 700 843 758 ep.ePont.
868 700 959 753 1,3‚

70 762 185 821 75.),
214 762 276 805 ita
298 759 374 806 ille
395 759 540 805 currit
561 766 780 816 tempora.
835 757 960 814 Qua·

70 836 119 864 re
136 819 249 863 nihil
270 817 409 876 inepti
430 824 495 860 est
517 816 562 859 in
581 816 658 859 tali
684 814 961 873 metaphora,

69 878 204 935 idque
235 875 502 926 sufficit,⁸ut
525 872 680 917 Tacito
718 888 818 916 eam
843 888 960 917 con-

73 936 228 986 cedas,
275 931 362 976 nisi
392 933 509 974 forte
542 929 782 988 displicent
818 946 961 987 quae-

71 1006 252 1049 cunque
291 988 506 1034 sexcentis
545 989 740 1031 aliorum
770 989 960 1046 scripto·

69 1066 173 1095 rum
213 1047 421 1106 exemplis
460 1045 747 1103 comprobari
783 1061 961 1102 neque-

70 1115 160 1152 ant.
246 1103 295 1147 Si
345 1104 452 1162 quid
497 1102 715 1145 locutioni
759 1101 959 1147 inhaeret

70 1163 303 1215 audaciae,
339 1162 387 1205 id
413 1163 560 1220 ipsum
586 1159 760 1217 egregie
784 1175 955 1205 conve-

71 1222 137 1265 nit
170 1221 296 1270 loco,
343 1228 393 1262 ut
434 1221 494 1262 ita
539 1218 782 1260 verborum
826 1218 958 1261 etiam

72 1279 224 1324 colore
257 1276 520 1334 depingatur
551 1274 734 1318 audacia
767 1291 959 1319 cursan-

72 1336 115 1378 di
151 1343 241 1377 tam
275 1349 404 1378 saeva
445 1342 487 1376 et
520 1333 677 1375 infesta
719 1332 957 1376 virtutibus

70 1400 289 1449 tempora.
350 1390 550 1433 Verbum
578 1390 956 1447 frequentativum

69 1448 220 1508 posuit
245 1462 336 1491 non
364 1462 499 1490 caeco
523 1446 957 1504 frequentativorum

68 1521 247 1556 amore,
285 1503 363 1548 sed
384 1504 487 1562 quia
509 1504 737 1560 multiplex
761 1511 825 1546 est
849 1506 956 1549 scri-

66 1564 207 1623 ptoris
231 1577 389 1606 cursus
419 1561 468 1604 in
503 1562 805 1619 temporibus,
843 1578 956 1619 quae

65 1627 229 1664 narrat.
299 1618 362 1662 At
389 1619 586 1685 quaeris,
617 1635 751 1677 quem
782 1629 955 1662 metum

68 1693 198 1722 saeva
221 1675 296 1719 illa
328 1685 372 1720 et
398 1676 558 1718 infesta
583 1676 820 1721 virtutibus
847 1685 957 1719 tem·

67 1751 179 1792 pora
203 1732 389 1776 iniicere
418 1733 645 1790 potuerint
665 1732 849 1784 Tacito,
880 1734 958 1790 qui

68 1791 292 1836 scribebat
322 1789 527 1833 feliciore
555 1798 723 1841 aetate,
752 1790 828 1832 ubi
850 1806 955 1833 sen-

68 1849 155 1893 tire
187 1863 301 1907 quac
335 1846 497 1898 vellet,
549 1855 591 1890 et
626 1863 738 1903 quae
772 1848 956 1891 sentiret

68 1907 220 1950 dicere
254 1904 408 1948 liceret
439 1904 514 1958 (cf.
541 1903 654 1948 Hist.
679 1907 717 1953 1,
743 1909 782 1948 1.
807 1906 954 1961 extr.).

66 1965 183 2008 Sane
217 1977 328 2020 quae
361 1959 567 2005 Aruleno
601 1962 810 2012 Rustico,
844 1978 956 2019 quae

64 2019 296 2064 Herennio
319 2017 554 2062 Senecioni
578 2018 846 2068 acciderant,
873 2018 954 2062 Ta·

68 2078 158 2122 cito
189 2075 373 2119 minime
407 2077 748 2119 metuebantur:
780 2075 957 2120 redibat

65 2145 216 2180 tamen
258 2133 424 2176 horror
467 2133 651 2176 illorum
690 2141 954 2191 temporum

66 2190 296 2237 saevitiam
343 2191 584 2249 reputanti.
670 2191 823 2246 Quare
859 2200 952 2235 tre-

66 2248 173 2310 pido
218 2247 491 2306 q‘uasi'pede
534 2248 705 2292 incedit
751 2250 863 2292 viam
906 2266 954 2294 ea

67 2305 248 2352 saevitia
290 2305 416 2363 prius
467 2305 761 2349 obstructam.
848 2306 953 2351 Cir-

66 2371 343 2420 cumspectat
403 2378 460 2405 an
507 2370 605 2405 tuto
653 2379 777 2405 nunc
816 2364 958 2421 possit

65 2437 228 2467 vocem
269 2419 487 2462 emittere.
569 2419 682 2461 Nam
716 2435 838 2462 nunc
870 2425 954 2462 de-

67 2487 198 2521 mum
223 2478 343 2518 redit
364 2477 556 2518 animus
594 2477 708 2534 (cap.
730 2477 804 2532 3.).
871 2477 955 2520 Ti-

68 2535 188 2579 mide
221 2533 353 2576 etiam
386 2550 508 2576 nunc
531 2533 639 2589 petit
663 2535 864 2585 veniam,
897 2551 954 2577 an

67 2593 197 2636 liceat
241 2590 453 2635 virtutem
501 2590 706 2643 laudare,
752 2599 953 2634 excusat-

65 2666 150 2708 que
173 2650 427 2705 inceptum,
457 2663 546 2706 quo
573 2653 799 2705 rumpitur
822 2650 953 2692 silen-

64 2711 195 2750 tium.
227 2729 284 2738 —
342 2703 621 2764 Scripturam
657 2707 952 2750 monsacutus

63 2765 257 2819 (omisso
291 2764 368 2818 ni)
413 2771 563 2805 tuetur
601 2762 663 2804 vir
708 2764 867 2807 doctus
905 2764 951 2806 in

64 2821 250 2878 Ephem.
285 2819 346 2863 lit.
375 2819 554 2862 Halens.
588 2820 712 2862 1828.
750 2838 818 2863 nr.
846 2822 949 2864 240.

66 2895 111 2936 p.
133 2877 259 2928 230„
301 2876 376 2934 qui
409 2884 559 2920 censet
593 2878 726 2921 verba
761 2880 950 2921 incusa-

66 2945 200 2977 turus
224 2965 259 2976 ..
275 2965 285 2976 .
308 2942 522 2987 tempora
548 2943 748 2991 spectare
781 2937 835 2978 ad
850 2937 950 2981 ,An-

66 2992 234 3035 nalium‘
257 2990 640 3049 Historiarumque
664 2991 803 3035 libros
830 2994 948 3038 scri-

64 3049 246 3091 bendos.
306 3047 582 3113 Sententiam
602 3048 834 3092 constituit
856 3067 951 3094 non

64 3105 166 3149 satis
203 3105 436 3148 idoneam:
497 3107 633 3148 Nicht
673 3111 835 3149 wilrde
877 3109 951 3151 ich

64 3179 143 3205 um
205 3163 451 3206 Nachsicht
516 3167 710 3216 gebeten
777 3167 948 3220 haben,

64 3222 218 3263 wollte
268 3222 336 3262 ich
393 3222 468 3261 als
515 3221 764 3273 Anklc'z‘ger
815 3221 953 3274 jener

64 3277 221 3320 Zez'ten
247 3278 295 3318 in
320 3277 451 3319 einer
477 3277 737 3320 Gesclu‘chte
766 3282 952 3322 der-sel-

17 3359 21 3363 ·
64 3337 149 3377 ben
168 3334 423 3389 austreten.
485 3334 668 3378 Scilicet
701 3351 825 3380 nunc
853 3353 947 3380 eam

64 3390 241 3434 veniam
274 3391 405 3448 petit,
448 3394 548 3448 quia
581 3392 821 3449 Agricolae
859 3395 949 3439 vita

64 3447 206 3505 posita
228 3457 291 3490 est
315 3448 362 3490 in
384 3448 581 3492 consiliis
607 3449 789 3506 privatis
815 3461 948 3509 atque

64 3512 179 3546 aetas
198 3519 382 3547 suorum
408 3505 632 3549 incuriosa
653 3506 767 3551 haud
798 3509 946 3565 magni

62 3561 193 3605 faciet
226 3560 359 3609 vitam
402 3562 522 3605 illam
562 3563 760 3608 defuncti
797 3564 963 3619 homi-A

1030 698 1115 744 nis.
1177 697 1361 743 Rectius
1394 701 1651 758 putabimus
1684 699 1920 745 ιἠοιιεαίιι·

1028 771 1112 814 rus
1133 755 1240 800 vitio
1274 756 1430 800 deberi
1460 759 1564 803 satis
1584 756 1723 803 facili.
1753 783 1811 791 —-
1869 759 1925 801 ni

1029 815 1333 858 incusaturus
1363 815 1582 858 retinetur
1602 824 1733 873 atque
1756 816 1917 861 defen·-

1031 871 1153 914 ditur
1195 871 1250 915 ab
1283 870 1485 915 Hertelio
1524 871 1571 916 in
1618 874 1841 924 editione,
1889 889 1916 917 a

1029 926 1231 972 Beckero
1255 927 1302 971 in
1324 927 1525 972 editione
1547 938 1590 973 et
1611 929 1658 972 in
1679 931 1798 975 Bibl.
1817 930 1917 976 crit.

1032 986 1159 1030 1829.
1200 1002 1270 1030 nr.
1291 987 1365 1029 42.
1395 997 1497 1046 sqq.
1528 995 1574 1030 et
1602 1003 1627 1030 a
1657 987 1918 1042 Bottichero

1029 1043 1079 1086 in
1130 1043 1447 1095 adnotatione,
1504 1060 1638 1101 quam
1679 1045 1922 1102 Agricolae

1030 1101 1144 1144 vitae
1193 1100 1449 1158 germanice
1492 1098 1637 1144 editae
1673 1103 1917 1150 subiunxit.

1016 1157 1204 1215 ‚Lipsius
1225 1158 1514 1202 coniecturae
1537 1158 1632 1202 eius
1658 1168 1817 1202 auctor
1843 1175 1918 1203 ex·

1029 1214 1319 1275 plicationem
1368 1232 1464 1259 non
1513 1215 1768 1260 addiderat=
1827 1232 1918 1316 Ἓο

1030 1272 1182 1316 officio
1205 1273 1322 1315 inter
1342 1274 1517 1330 priores
1543 1272 1690 1318 functi
1721 1282 1826 1317 sunt
1887 1274 1921 1317 i·

1030 1330 1194 1380 ebena,
1223 1330 1456 1374 Acidalius
1490 1329 1670 1389 aliique.
1741 1331 1829 1376 Sed
1859 1332 1921 1375 ita

1030 1387 1320 1445 opinionibus
1353 1387 1553 1440 variant,
1598 1396 1645 1431 ut
1674 1388 1805 1432 huius
1829 1388 1922 1433 loci

1027 1444 1221 1502 spatium
1254 1460 1351 1488 non
1385 1446 1530 1503 capiat
1563 1444 1921 1490 multitudinem.

1027 1502 1122 1548 Alii
1155 1502 1437 1546 constituunt
1469 1504 1760 1547 sententiamz
1795 1507 1922 1560 quod

1026 1575 1148 1603 nuno
1172 1563 1363 1601 dentum
1384 1561 1635 1614 Agricolae
1660 1562 1811 1604 vitam
1832 1564 1924 1609 eda

1026 1633 1109 1660 nec
1150 1619 1279 1671 prius
1318 1619 1466 1672 edidi,
1518 1620 1776 1663 incusanda
1812 1625 1923 1662 sunt

1027 1690 1170 1718 saeva
1191 1708 1201 1719 .
1217 1705 1228 1716 .
1247 1705 1258 1717 .
1282 1681 1520 1728 tempora,·
1559 1675 1633 1719 alii
1667 1675 1920 1719 incusatio-

1028 1748 1131 1774 nem
1163 1740 1420 1789 temporum
1447 1731 1653 1775 referunt
1676 1732 1731 1776 ad
1753 1733 1918 1776 incon-

1029 1788 1166 1832 ditam
1203 1805 1255 1833 ac
1286 1789 1447 1832 rudem
1477 1790 1707 1847 scriptoris
1735 1805 1926 1845 vocem;

1004 1844 1104 1889 *alii
1157 1845 1241 1889 alia
1293 1845 1545 1889 admiscent
1585 1849 1639 1890 ab
1681 1845 1773 1892 hoc
1813 1848 1920 1892 loco

1026 1902 1182 1947 aliena.
1308 1902 1371 1946 At
1425 1902 1654 1948 enimvero
1699 1904 1810 1949 haec
1855 1913 1922 1949 est

1027 1961 1263 2017 praecipua
1290 1959 1546 2018 interpretis
1571 1978 1705 2012 cura,
1735 1969 1786 2005 ut
1810 1979 1918 2006 sen-

1026 2017 1208 2060 tentiam
1244 2018 1492 2063 verborum
1532 2019 1655 2063 sistat
1690 2021 1920 2065 contextui

1028 2084 1396 2119 consentaneam.
1435 2099 1493 2109 —
1559 2078 1920 2124 ni.incursatu-

1025 2146 1132 2187 rus,
1166 2132 1371 2177 Rhenani
1393 2134 1778 2186 emendationem,
1810 2152 1918 2194 pro-

1025 2197 1176 2246 pterea
1210 2206 1303 2233 non
1342 2190 1464 2243 fero,
1506 2192 1608 2249 quia
1640 2192 1757 2236 inest
1787 2193 1927 2237 notio-

1653 2249 1715 2295 cf.
1739 2251 1827 2294 An.
1853 2251 1920 2304 13,

1026 2246 1277 2291 hostilitatis
1298 2247 1405 2292 hinc
1435 2249 1593 2294 aliena.

1016 2303 1097 2348 2927.
1162 2305 1276 2349 Hist.
1304 2305 1346 2357 3,
1373 2306 1443 2350 18.

1087 2419 1254 2464 ΟΑΡ.2.
1288 2420 1528 2475 Legimus.
1567 2419 1714 2477 Quis?
1734 2422 1919 2468 Tacitu‘s

1026 2476 1317 2534 eiusdemque
1368 2479 1518 2521 aetatis
1567 2477 1774 2524 homines
1824 2482 1915 2525 alii.

1026 2533 1118 2577 Ubi
1131 2535 1151 2576 ’ἓ
1163 2534 1209 2576 in
1225 2533 1331 2577 actis
1347 2534 1530 2578 diurnis.
1546 2534 1604 2580 cs.
1617 2536 1731 2595 Lips.
1745 2553 1918 2583 excurs.

1024 2592 1145 2635 A.ad
1156 2591 1243 2634 An.
1257 2591 1424 2633 librum
1439 2592 1665 2649 quintum.
1679 2594 1918 2640 DeDomi·

1024 2649 1145 2690 tiano
1170 2650 1285 2706 apud
1308 2648 1504 2692 Dionem
1538 2650 1607 2701 67,
1633 2653 1699 2695 11.
1725 2652 1917 2711 legimus

1023 2705 1156 2748 haeoe
1188 2702 1306 2748 οὕτω
1331 2705 1421 2765 γὰρ
1439 2705 1511 2763 ,δὴ
1542 2711 1619 2750 καὶ
1640 2708 1779 2760 αὐτὸς
1801 2713 1916 2757 ἑαυ-

1024 2764 1106 2806 τοῦ
1141 2764 1215 2807 ἐπὶ
1249 2766 1396 2820 τούτῳ
1427 2767 1660 2822 κατέγνω,
1705 2766 1809 2818 139⁶?
1835 2772 1915 2813 ἵνα

1021 2821 1229 2878 μηδεμία
1253 2818 1412 2880 μνήμη
1434 2825 1529 2866 τῶν
1550 2828 1917 2886 θανατουμένων

1023 2875 1318 2939 ὑπολειφθῇ,
1387 2877 1584 2926 ἐκώλυσε
1619 2887 1746 2941 σφᾶς
1779 2886 1824 2934 ἐς
1858 2885 1914 2930 τὰ

1024 2934 1338 2996 ὑπομνήματα
1390 2939 1688 2999 ἒςγραφῆναι.
1778 2944 1916 2988 Unde

1025 2996 1342 3051 cognoscimus
1365 2997 1466 3040 talia
1490 2999 1597 3042 actis
1629 3001 1818 3057 publicis
1847 3002 1913 3044 in·

1024 3068 1172 3095 serere
1202 3053 1411 3096 usitatum
1445 3053 1602 3099 fuisse.
1662 3056 1733 3101 De
1759 3057 1912 3102 lectio-

1024 3126 1080 3151 ne
1112 3119 1315 3152 actorum
1345 3110 1614 3155 diurnorum
1649 3113 1707 3157 cf.
1729 3116 1820 3159 An.
1847 3117 1914 3166 16,

1022 3167 1092 3208 22.
1135 3167 1326 3209 Dz'urna
1368 3170 1534 3224 populi
1573 3171 1790 3215 Romani
1823 3188 1912 3228 per

1018 3225 1313 3277 prouincias,
1339 3241 1429 3279 per
1454 3229 1686 3271 exercitus
1707 3234 1912 3275 curatius

1021 3283 1245 3334 leguntur
1260 3315 1271 3335 ,
1305 3290 1356 3325 ut
1377 3294 1600 3327 noscatur
1623 3290 1732 3341 quid
1752 3288 1798 3329 T
1793 3289 1908 3330 lara-

1021 3353 1104 3380 sea
1128 3339 1412 3394 mmfecerit.
1474 3341 1679 3386 Coniicio
1702 3344 1910 3388 Tacitum

1022 3396 1211 3439 verbum
1255 3400 1451 3452 legimus
1489 3408 1727 3456 propterea
1772 3418 1906 3446 usur-

1020 3467 1145 3518 passe
1181 3455 1304 3511 quod
1337 3472 1390 3498 eo
1420 3456 1517 3513 ipso
1550 3465 1778 3514 tempore,
1817 3477 1908 3516 quo

1018 3508 1094 3551 illa
1112 3508 1280 3554 Romae
1304 3512 1422 3555 facta
1444 3522 1571 3564 sunt,
1603 3515 1762 3559 absens
1786 3527 1907 3562 erat:

1017 3582 1119 3609 nam
1148 3583 1217 3611 res
1239 3570 1356 3614 cadit
1381 3571 1428 3613 in
1453 3586 1622 3615 annum
1656 3573 1779 3617 urbis
1809 3576 1906 3620 848⁴
