2150 4022
171 211 320 274 260:

615 252 617 254 .
678 201 802 268 DE
856 204 1062 268 ORA
1077 205 1518 270 T-O'Rlss-US

172 356 459 402 terrarum
490 336 928 416 quam-Capuae
954 351 1055 397 aut
1081 338 1400 410 Vercellis,
1427 339 1542 398 ,ubi
1570 339 1698 398 nati
1722 331 2048 402 dicante&

173 450 280 487 nec
305 493 308 496 Α
334 425 446 483 hoc
498 425 618 480 illis
671 418 911 481 alterius
966 435 1056 481 ter
1112 425 1328 480 millies
1383 425 1712 483 sestertium
1769 437 2059 500 praestan

173 516 558 593 (quamquam
586 510 658 564 ad
688 505 793 564 has
816 509 972 583 ipsas
1000 529 1140 584 opes
1163 520 1411 583 possunt
1437 511 1629 566 videri
1655 511 2040 586 eloquentia&

170 597 454 656 beneficio
485 593 768 673 venisse),
822 597 922 650 sed
950 595 1073 669 ipsa
1103 594 1467 670 eloquentia,
1510 596 1676 652 cuius
1709 615 1932 651 numen
1968 606 2027 652 et

171 682 433 742 coelestis
483 680 572 735 vis
621 679 806 736 multa
850 680 1099 756 quidem
1148 679 1428 736 omnibus
1471 681 1716 737 saeculis
1760 680 2026 756 exempla

168 894 301 938 noris
332 908 432 937 esse
495 891 670 935 lausum
702 891 803 935 tulit
826 890 1065 949 Rutgersii,

173 909 516 998 Seburzfleisc‘li.
541 959 584 992 et
609 949 679 992 ed.
703 949 883 1007 Bipont.

225 1025 308 1052 nec
338 1012 420 1051 hoc
453 1009 547 1050 illis
571 1009 769 1050 alterius
799 1016 871 1049 ter
894 1008 1064 1049 millies

170 1069 435 1111 sestertium
497 1073 731 1119 praestat.
819 1063 940 1106 Talis
999 1072 1064 1107 est

168 1125 391 1183 scriptura
416 1123 517 1166 MS.
542 1121 678 1180 Neap.
707 1120 1064 1179 edd.Spir.Put.

172 1184 240 1237 (in
274 1198 362 1240 qua
395 1182 543 1223 milies
574 1187 726 1223 exstat.
776 1177 838 1223 cf.
874 1187 969 1222 not.
1004 1180 1061 1221 ad

171 1242 264 1285 An.
301 1243 368 1289 11,
403 1239 464 1292 5.)
497 1238 601 1284 Riv.
636 1237 741 1280 Ber.
773 1236 877 1280 Alc.
910 1237 1056 1279 Rhen.

170 1299 278 1341 Ald.
333 1298 552 1352 Bernegg.
606 1294 814 1338 Gronov.
835 1326 848 1345 ,
925 1310 1060 1352 quam

167 1356 347 1400 schulz.
361 1354 518 1408 [Bekk.
532 1352 751 1394 Boettich.
765 1361 807 1394 et
820 1350 956 1409 Rup.]
970 1367 1061 1394 ser-

170 1421 346 1456 varunt.
426 1409 654 1454 Sententia
689 1416 782 1452 est:
827 1409 1060 1452 Summam

167 1470 356 1529 gloriam
386 1477 427 1514 et
451 1467 650 1510 nominis
674 1466 722 1509 in
749 1466 961 1509 omnibus
986 1481 1061 1508 re·-

168 1527 379 1586 gionibus
426 1525 675 1569 claritatem
722 1531 924 1566 oratores
967 1537 1063 1566 non

170 1585 336 1628 debent
362 1583 532 1630 divitiis
562 1582 677 1630 suis,
718 1584 830 1632 hoc,
873 1582 906 1624 i.
931 1597 969 1624 e.
1000 1580 1064 1622 fa-

170 1658 307 1692 mam,
329 1645 430 1693 illis,
453 1640 530 1698 qui
552 1639 804 1696 eloquentia
823 1637 1064 1686 excellunt,

167 1715 264 1743 mm
285 1706 503 1754 praestat
525 1699 719 1739 alterius
751 1697 796 1739 h.
818 1712 856 1739 e.
881 1706 957 1740 aut
981 1694 1065 1739 Vi·-

169 1757 232 1802 bii
255 1752 403 1815 Crispi
431 1764 507 1800 aut
528 1754 653 1813 Eprii
677 1754 911 1802 Marcelli,
946 1769 1065 1811 quo-

167 1832 270 1859 rum
296 1816 483 1858 alterum
512 1828 606 1856 non
631 1812 727 1856 sine
746 1811 787 1854 vi
809 1812 956 1869 aliqua
977 1811 1065 1854 sin-

171 1874 311 1931 gulari
347 1871 618 1915 ditissimum
650 1870 786 1912 fuisse
828 1871 1066 1919 indicatur,

171 1939 246 1974 ter
284 1930 461 1972 rm‘llies
494 1927 595 1971 HS.
669 1927 926 1970 vernaculo
968 1942 1064 1968 ser-

169 2003 335 2032 monez
369 1986 483 2028 [lad
502 1983 622 2041 diqfis
644 1985 900 2037 gemtilzren
925 1986 1066 2026 ιἸιηεη

167 2047 295 2090 nicht
348 2046 423 2087 dle
473 2045 784 2086 dreilmndert
825 2042 1066 2084 Millionen

169 2106 387 2150 Sesterze
417 2104 501 2144 des
532 2101 681 2142 Einen
709 2106 794 2142 etc.
854 2098 942 2142 Sed
975 2097 1066 2141 hoc

170 2176 268 2204 non
289 2159 538 2203 sufficiebat
562 2155 752 2207 criticis,
782 2156 858 2213 qui
883 2156 1068 2198 mutila-

169 2227 267 2262 tum
301 2232 397 2261 esse
422 2217 543 2260 hunc
570 2216 723 2258 locum
750 2213 961 2257 audacter
981 2213 1064 2256 ad-

169 2276 393 2320 serebant.
425 2271 1066 2329 SicLipsiusorationismem·

170 2335 332 2388 brum,
359 2347 451 2389 quo
474 2330 654 2374 alterius
679 2344 862 2386 quoque
883 2327 1066 2372 divitiae

171 2391 513 2448 designarentur
527 2420 538 2439 ,
566 2386 821 2430 desiderans
841 2386 956 2430 hanc
975 2385 1068 2428 for-

171 2449 310 2493 mavit
360 2447 598 2506 periodum
638 2444 686 2486 in
730 2443 804 2486 ed.
849 2443 1066 2500 Antverp.

170 2524 211 2551 a.
228 2507 389 2550 '1574.=
425 2519 507 2547 nec
527 2505 610 2545 hoc
637 2502 751 2551 illis,
781 2503 973 2544 alterius
996 2507 1070 2543 ter

170 2565 343 2608 millies
353 2560 637 2609 sestertz'zirn,
661 2560 852 2615 ulterius
864 2557 1067 2612 **prae·

170 2629 296 2676 stat,
341 2620 465 2679 quod
489 2618 799 2675 adprobarunt
822 2616 998 2660 Acidal.
1024 2623 1068 2658 et

169 2679 427 2723 Heumann.
484 2677 571 2720 Sed
599 2675 647 2717 in
671 2673 773 2716 edd.
795 2672 1062 2732 posteriori-

170 2738 257 2781 bus
295 2735 615 2779 asteriscorum
661 2732 764 2774 loco
807 2731 958 2789 posuit
1000 2733 1067 2774 bis

171 2795 343 2838 millies
376 2792 477 2836 HS.
550 2791 734 2833 Inverso
767 2788 926 2831 ordine
965 2804 1065 2831 ean-

171 2852 276 2896 dem
312 2849 579 2892 sententiam
618 2847 830 2905 expressit
861 2844 1066 2897 Piehen„

170 2926 199 2954 a
240 2923 332 2964 quo
375 2906 600 2963 scriptum
642 2913 731 2947 estz
789 2917 840 2945 n.
883 2905 930 2945 Ῑι.
970 2905 1065 2946 illis

171 2967 374 3010 alterius
395 2965 485 3015 bis,
514 2962 710 3004 alterius
729 2968 802 3003 ter
824 2961 945 3003 mill.
965 2975 1004 3003 s.
1014 2977 1064 3015 ρ.

174 3027 397 3083 [quocum
418 3037 467 3064 ex
488 3028 614 3077 parte
636 3018 790 3062 saltem
814 3017 920 3060 facit
934 3017 1064 3060 Boet-

171 3082 355 3129 ficher..
398 3077 475 3136 qui
494 3092 577 3119 nec
598 3078 682 3118 hoc
704 3076 833 3118 illius
855 3077 947 3126 bis,
985 3077 1064 3117 ol·-

174 3141 316 3183 tarius
363 3144 503 3180 tvm.
546 3147 588 3175 s.
628 3147 705 3187 ρι’.
749 3131 885 3176 scribi
930 3133 1064 3188 vultJ.

169 3198 227 3241 Id
286 3195 428 3252 liquet
491 3205 596 3235 sane
618 3221 631 3238 ‚
719 3190 830 3234 certi
892 3188 1064 3247 aliquid

171 3251 368 3313 proferri
425 3265 519 3293 non
575 3262 704 3305 posse
724 3279 736 3298 ,
812 3262 953 3303 quum
1006 3247 1062 3290 de

171 3311 409 3368 utriusque
435 3304 595 3349 divitiis
618 3320 710 3346 non
744 3313 941 3354 constet3
982 3304 1068 3347 cir-

172 3366 536 3424 cumvagantium
570 3362 707 3419 igitur
737 3369 847 3403 erat.
905 3361 977 3404 Ad
1008 3362 1067 3405 la-

172 3414 657 3471 cunam‘indieandam
682 3418 755 3461 alii
785 3433 966 3475 quoque
1001 3418 1067 3461 in.

173 3491 313 3539 terpr.
354 3477 575 3523 asteriscis
616 3476 685 3519 usi
726 3482 855 3525 sunt,
904 3484 954 3518 ut
994 3477 1067 3518 Pi-

171 3539 358 3591 thoeus,
395 3534 473 3596 qui
505 3534 622 3589 inter
648 3533 739 3578 iuis
763 3533 956 3578 alterius
988 3548 1067 3579 eos

1134 893 1307 952 posuit,
1340 901 1384 936 et
1406 893 1606 939 Orellius
1621 925 1635 944 ,
1664 895 1712 938 in
1736 894 1864 940 cuius
1884 911 2026 938 exem·

1133 952 1247 1009 plari
1270 952 1387 1009 typis
1409 952 1681 1011 descriptum
1707 960 1798 996 est:
1836 968 1916 995 nec
1938 955 2029 996 hoc

1133 1010 1225 1052 illis
1276 1010 1476 1051 alterius
1527 1017 1598 1052 ter
1650 1011 1769 1053 mitt.
1817 1020 1928 1054 sest.
1954 1010 2027 1042 **

1128 1074 1362 1123 praestat.
1431 1065 1523 1109 Alii
1552 1067 1606 1123 ad
1643 1067 1926 1111 coniecturas
1958 1083 2027 1110 re-

1135 1139 1320 1168 currere
1353 1123 1592 1167 malebant.
1661 1124 1779 1168 Rud.
1818 1125 2051 1184 Agricola·

1131 1181 1252 1238 apud
1287 1181 1488 1237 Lipsium
1531 1181 1810 1239 corrigebam
1857 1197 1939 1225 nec
1976 1183 2051 1225 h.·

1132 1240 1226 1282 iuis
1258 1242 1495 1294 utriusque
1528 1247 1561 1281 t.
1595 1256 1662 1283 m.
1694 1240 1789 1284 HS.
1816 1247 2030 1296 praest.;

1129 1295 1283 1339 Barth.
1301 1295 1487 1339 Advers.
1507 1295 1708 1340 LXLlV.
1733 1313 1772 1341 c.
1789 1299 1832 1343 8.
1854 1298 2027 1357 praefe-

1131 1355 1280 1397 rebat:
1314 1369 1362 1394 n.
1380 1356 1426 1395 h.
1446 1355 1543 1396 illis
1561 1355 1758 1397 alterive
1781 1362 1815 1398 t.
1833 1372 1898 1399 m.
1915 1364 2027 1399 sest.

1128 1426 1232 1466 pru,
1277 1411 1399 1468 quod
1433 1411 1599 1468 placuit
1633 1412 1922 1456 vehementer
1946 1413 2027 1455 Er·

1137 1477 1252 1511 nest.
1303 1469 1559 1524 (alce-risve
1612 1485 1793 1526 quoque
1885 1487 2051 1531 ropo-·

1137 1525 1307 1582 nenti),
1357 1525 1548 1568 Seebod.
1591 1527 1681 1580 (ed.
1752 1529 1812 1584 r.)
1897 1527 2051 1576 τοιιΙι.Δ

1138 1582 1314 1626 Osann.
1340 1591 1382 1626 et
1402 1583 1623 1626 stenhero
1647 1585 1695 1627 in
1741 1586 1843 1627 alm.
1866 1585 2037 1631 Annah'

1137 1640 1243 1698 phil.
1278 1647 1320 1682 et
1355 1641 1540 1698 paedag.
1577 1658 1616 1684 a.
1654 1641 1782 1686 1830.
1820 1642 1876 1686 Τ.
1906 1637 2055 1687 X1V.··

1134 1699 1246 1741 fasc.
1272 1697 1315 1740 3.
1347 1714 1392 1755 p.
1414 1698 1514 1741 259.
1576 1699 1683 1755 Qua
1704 1699 1752 1743 in
1774 1700 1966 1744 lectione
1994 1701 2032 1743 is

1136 1755 1374 1799 solvendus
1403 1763 1467 1798 est
1493 1756 1668 1805 nodus,
1715 1758 1815 1816 quis
1848 1758 2031 1810 tandem

1136 1813 1193 1856 sit
1224 1816 1347 1855 alter
1377 1811 1480 1861 ille,
1521 1829 1656 1871 quem
1677 1830 1780 1858 cum
1804 1816 1900 1859 illis
1930 1814 1962 1858 i.
1988 1830 2031 1860 e.

1135 1869 1274 1927 Eprio
1299 1879 1340 1912 et
1361 1869 1496 1913 Vibio
1518 1872 1801 1916 coniunxerit
1819 1873 2030 1931 scriptor.
2055 1892 2057 1894 ·

1135 1927 1254 1969 Duri
1315 1927 1486 1986 aliquid
1556 1927 1670 1971 inest
1743 1937 1787 1972 et
1865 1930 2058 1975 coacti.·

1135 1984 1309 2027 Eodem
1334 1986 1438 2027 vitio
1463 1985 1671 2029 laborant
1694 1987 1891 2045 reliquae
1922 2002 2030 2031 cor-

1136 2043 1383 2093 rectiones,
1425 2057 1538 2100 quae
1571 2060 1627 2086 ne
1660 2044 1821 2088 latinae
1848 2045 2030 2102 quidem

1137 2108 1242 2142 sunt
1267 2099 1398 2147 satis,
1430 2098 1554 2143 velut
1580 2100 1796 2145 Hoetiana
1825 2119 1849 2144 a
1875 2101 2032 2146 Brote-

1136 2157 1208 2199 rio
1252 2158 1457 2213 adoptata
1495 2157 1569 2199 illa·
1602 2161 1822 2212 alterive,
1871 2160 2035 2204 Schul-

1135 2215 1331 2272 tingiana
1375 2216 1446 2256 illi
1484 2223 1570 2257 aut
1608 2217 1778 2272 atteri,
1830 2217 2029 2274 Rutger·

1135 2272 1258 2315 siana
1288 2272 1383 2314 illis
1418 2274 1723 2325 alterutrius,
1775 2282 1845 2329 et,
1896 2279 2045 2332 quam*

1137 2329 1193 2371 de
1215 2328 1259 2371 la
1273 2329 1511 2387 Monnoye
1534 2330 1824 2387 excogitavit,
1850 2335 1954 2378 mh.
1977 2334 2018 2378 il

1138 2388 1198 2429 Iis
1262 2389 1473 2429 ulterius.
1579 2386 1769 2432 Temere
1829 2389 2020 2436 omisisse

1139 2443 1476 2486 Freinshemius
1541 2447 1736 2489 alterius
1838 2450 2017 2493 utandts

1139 2509 1218 2544 est.
1298 2501 1433 2546 Novo
1473 2502 1668 2558 quodam
1708 2505 1790 2548 arti
1825 2505 1897 2551 cio
1933 2522 2018 2551 sex-

1136 2559 1322 2603 tentiam
1379 2558 1651 2602 extricarunt
1700 2562 1801 2606 edd.
1846 2562 2019 2622 Bipmt.

1138 2631 1303 2675 eosque
1343 2624 1557 2673 sequutus
1592 2617 1863 2668 Oberlinus‚
1913 2635 2013 2680 qtae

1135 2674 1349 2718 universo
1374 2673 1481 2716 huic
1507 2674 1609 2718 loco
1632 2676 1896 2735 neutiquam
1921 2693 2014 2722 cun·

1136 2731 1296 2775 venit:
1368 2745 1450 2773 nec
1499 2733 1581 2774 hoc
1631 2734 1725 2778 iltis
1780 2735 1936 2794 (Eprio
1969 2742 2016 2779 et

1137 2787 1320 2846 Crispo)
1370 2790 1541 2830 saltem
1588 2797 1661 2831 ter
1705 2793 1873 2836 milltes
1921 2801 2016 2838 est.

1133 2852 1351 2902 praestat
1388 2845 1451 2900 (h.
1473 2860 1512 2888 e.
1546 2846 1695 2904 potius
1723 2852 1807 2908 est)
1835 2849 2015 2904 ...ipsa

1140 2906 1256 2959 eloq.
1290 2902 1354 2956 (h.
1379 2919 1421 2946 e.
1444 2918 1578 2959 quam
1614 2904 1709 2961 ipsa
1733 2906 2011 2966 eloquentia).

1136 2959 1394 3002 Verborum
1420 2959 1756 3006 distinctionem
1789 2966 2012 3008 melin-em

1134 3018 1426 3061 instituerunt
1463 3017 1639 3076 Lipsius
1680 3036 1786 3064 cum
1825 3022 2012 3073 Pinoeo,

1136 3090 1274 3132 quum
1290 3075 1336 3116 in
1351 3075 1451 3118 edd.
1464 3076 1651 3121 vetustis
1667 3076 1823 3123 fuisset
1836 3096 1849 3123 ε
1869 3094 1933 3123 κο
1949 3112 1960 3122 .
1973 3111 1984 3124 .
1997 3112 2012 3126 .

1131 3139 1379 3187 praestat:
1408 3159 1467 3167 —-
1509 3137 1703 3179 venisse.
1758 3138 1864 3191 ipsa
1887 3138 2007 3193 eloq.

1133 3189 1273 3232 Iidem
1302 3189 1383 3231 viri
1403 3189 1650 3235 doctissimi
1680 3197 1764 3235 sed
1792 3203 1875 3238 ane
1909 3194 2012 3248 ipsa

1132 3246 1423 3289 inserendum
1444 3263 1537 3291 esse
1560 3252 1824 3300 necessario,
1845 3266 2011 3308 verspe-

1138 3312 1322 3351 xerunt,
1410 3305 1500 3347 uod
1545 3306 1707 3350 deinde
1752 3307 2009 3356 Frenshem.

1138 3360 1313 3404 Ernest.
1333 3321 1511 3406 Sc‘lmlz.
1535 3364 1726 3407 Seehod.
1748 3365 1898 3408 Osann.
1923 3365 2008 3412 Or.

1138 3418 1304 3521 gtekk.
1338 3427 1382 3461 et
1405 3419 1574 3475 Boett]
1610 3429 1883 3489 receperint,
1926 3425 2005 3469 sed

1185 3477 1282 3519 rell.
1297 3477 1360 3525 [et
1371 3477 1671 3533 Bekk.]·uncis
1683 3481 2008 3537 circunpositis.
2028 3486 2033 3490 ’

1193 3534 1410 3579 ommibus
1442 3538 1655 3584 εαεσιιὶιζς.
1722 3535 1835 3584 Mffi.
1866 3537 2009 3598 Neap.
