2150 4022
240 268 360 337 112·
532 269 780 334 IULII
825 266 1154 349 AGRIC.
1203 270 1442 334 VITA
1489 273 1687 345 CAP.
1724 283 1786 342 2.

235 418 393 477 sent,
445 403 694 480 capi-tale
719 401 938 476 fuisse:
1006 409 1200 482 neque
1268 404 1335 461 in
1383 405 1542 482 ipsos
1581 409 1763 485 modo
1816 398 2098 483 auctores,

236 495 336 550 sed
364 493 429 548 in
465 491 653 546 libros
693 487 933 566 quoque
969 495 1174 547 eorum
1217 490 1506 549 saevitum
1520 536 1539 562 ‚
1578 493 1842 568 delegato
1879 495 2094 554 triunf—

231 579 377 635 viris
409 574 735 632 ministerio
755 619 770 643 ‚
815 586 882 631 ut
916 575 1282 632 monimenta
1322 575 1783 635 clarissimorum
1824 580 2096 654 ingenio<-

232 684 368 721 rum
396 662 461 716 in
487 659 728 717 comitio
755 679 820 716 ac
843 660 975 716 foro
1012 671 1342 717 urerentur.
1430 660 1668 720 Scilicet
1693 664 1798 721 illo
1826 665 1962 739 igne
1986 687 2096 723 vo—

233 768 362 806 cem
400 744 611 822 populi
644 741 909 820 Romani
947 755 1004 810 et
1041 744 1375 822 libertatem
1415 758 1653 804 senatus
1691 759 1748 806 et
1789 751 2095 808 conscien-

229 835 374 891 tiam
407 830 635 906 generis
666 825 917 888 humani
938 830 1167 887 aboleri
1191 830 1664 903 arbitrabantur,
1708 834 1965 911 expulsis
1999 836 2097 892 in-

230 938 407 994 super
434 914 754 994 sapientiae
789 914 1238 992 professoribus
1259 917 1433 993 atque
1473 919 1639 995 omni
1676 919 1835 977 bona
1871 932 1994 978 arte
2009 919 2095 977 ''in

233 1004 477 1061 exilium
533 1013 687 1072 aeta,
751 1021 828 1058 ne
884 1001 1030 1078 quid
1078 1021 1330 1078 usquam
1378 999 1695 1061 honestum
1744 1018 2093 1066 occurreret.

228 1087 519 1167 Dedimus
565 1089 827 1164 profecto
878 1082 1100 1161 graffde
1147 1087 1468 1162 patientiae
1519 1089 1970 1149 documentum:
2040 1102 2095 1149 et

231 1177 382 1240 sicut
407 1186 575 1233 vetus
601 1184 759 1230 aetas
793 1172 975 1241 vidit,
1021 1173 1165 1248 quid
1201 1173 1483 1231 ultimum
1527 1174 1592 1230 in
1626 1174 1897 1235 libertate
1929 1188 2095 1246 esset,

229 1417 482 1478 efixiphil.
510 1419 579 1470 67,
605 1419 675 1464 18.
732 1416 1124 1463 Sueton.Domi·t.
1196 1417 1244 1459 in
1294 1417 1447 1461 libello
1501 1418 1556 1460 de
1604 1420 1877 1478 synonymis
1932 1432 1980 1479 p.
2016 1420 2090 1465 48.

229 1495 267 1522 c.
294 1478 364 1519 10.
425 1475 548 1520 Plin.
574 1491 673 1535 epp.
702 1478 740 1528 1,
761 1476 803 1518 5.
833 1474 875 1525 3,
894 1479 962 1519 11.
994 1475 1036 1524 7,
1057 1474 1124 1517 19.
1195 1473 1314 1518 113εο
1336 1475 1466 1518 babet
1496 1474 1617 1519 inter
1651 1476 1766 1521 dicta
1796 1491 1879 1537 per
1901 1477 2092 1536 figuram

226 1533 404 1593 Lipsius
452 1534 590 1591 igitur
635 1549 720 1591 pro
765 1534 963 1589 legimus
1007 1530 1124 1574 male
1196 1531 1246 1576 ἓν
1279 1530 1358 1575 διὰ
1389 1533 1549 1588 δυοῖν,
1603 1533 1726 1592 quod
1766 1550 1862 1579 non
1901 1536 2092 1579 omnino

225 1591 522 1638 substituebat
551 1592 777 1635 vidimus:
829 1605 916 1634 nec
953 1590 1125 1632 memi-
1197 1604 1362 1636 verum
1385 1606 1481 1634 esse
1502 1597 1631 1648 putu.

184 1677 187 1679 <
225 1651 407 1704 nimus,
461 1648 588 1707 quod
627 1647 968 1706 Peerlkampius
1012 1663 1126 1705 pro-

226 1707 405 1767 posuit,
435 1707 724 1750 tolerandum
750 1715 830 1751 est.
1253 1687 1414 1715 ”mem
1449 1674 1632 1728 ΡΟΡαῙῖ·
1720 1672 1780 1718 cf·
1812 1674 1906 1720 An.
1943 1674 1986 1727 3,
2020 1679 2089 1722 11.

1190 1733 1394 1784 populus
1420 1733 1532 1786 plus
1562 1732 1651 1774 sibi
1666 1732 1714 1774 in
1733 1732 1989 1787 prinoipem
2010 1751 2091 1780 oc-

1195 1790 1348 1831 cultae
1373 1790 1494 1831 vocis
1510 1790 1744 1844 permisit.

834 1789 937 1834 MS.
976 1786 1122 1833 Vatic.

838 1847 899 1892 cf.
933 1855 1030 1891 not.
1065 1846 1121 1890 ad

207 1794 209 1796 ’
270 1784 457 1836 'Paetus
502 1789 735 1834 Thrasea.

224 1850 353 1896 5429.
390 1848 537 1906 Pelas
566 1847 764 1892 Trasea.

225 1908 318 1954 An.
346 1906 414 1959 13,
434 1902 508 1950 49.

283 1991 538 2039 Senecioni.
588 1990 666 2035 Sic
686 1989 1004 2034 edd.Rhenan.
1023 2006 1043 2033 s
1080 2005 1122 2045 q.

225 2051 286 2096 cf.
312 2051 400 2093 An.
421 2050 489 2099 15,
513 2048 582 2092 50.
611 2075 671 2085 -·
729 2049 994 2092 &evectioni
1015 2005 1120 2091 836.

221 2109 327 2152 Put.
359 2123 425 2165 pr.
463 2106 530 2149 M.
566 2113 608 2149 et
641 2105 696 2151 V.
729 2104 901 2150 Alciat.
994 2105 1120 2148 Infra

223 2183 267 2210 c:
290 2164 361 2209 45.
395 2162 495 2207 edd.
519 2163 624 2207 Put.
647 2179 716 2221 pr.
739 2172 783 2206 et
806 2163 876 2207 M.
908 2161 1117 2217 Senetio,

221 2221 400 2280 vulgari
421 2220 653 2267 varietate.

279 2314 590 2358 monimenta.
637 2311 714 2356 Sic
728 2308 978 2356 MS.Vatic.
990 2307 1119 2353 4498.

1251 1873 1519 1915 libertatem
1547 1879 1755 1919 senatus.
1811 1875 1876 1922 cf.
1899 1876 1989 1924 An.
2013 1877 2092 1933 13,

1192 1928 1265 1973 49.
1290 1931 1485 1973 libertas
1508 1933 1762 1976 senator-ia.
1897 1962 1900 1966 -

1247 2014 1624 2059 arbitrabantur.
1670 2013 1918 2063 Barcla'ius
1935 2035 2088 2064 emen·

1194 2070 1325 2114 dabat
1362 2070 1708 2128 arbitrabatur,
1742 2034 1889 2120 inteil.
1920 2076 2090 2121 Domi-

1190 2129 1356 2172 tianus.
1446 2127 1537 2172 Sed
1577 2129 1762 2187 tyranni
1801 2148 1897 2177 non
1947 2134 2085 2179 desti-

1190 2194 1385 2228 tuuntur
1408 2195 1541 2230 coetu
1564 2186 1848 2233 nebulonum
1871 2191 1968 2250 pari
1992 2208 2088 2237 cae-

1191 2242 1322 2343 cittate
1355 2243 1679 2302 praeditorum.
1739 2246 1801 2291 ef.
1834 2247 1925 2293 An.
1950 2248 1994 2300 4,
2013 2249 2086 2296 35.

1191 2315 1241 2343 ex
1263 2317 1301 2343 r.

223 2382 267 2418 et
286 2372 356 2415 ed.
380 2371 558 2414 Broter.
618 2368 705 2412 Vul
741 2384 767 2410 ο
791 2373 1117 2410 monumenta.

222 2431 282 2477 cf.
302 2437 401 2473 not.
426 2426 484 2489 ad
506 2427 598 2471 An.
624 2425 671 2476 3,·
686 2427 716 2469 2
748 2456 759 2469 .
777 2425 851 2470 72.
880 2426 923 2474 4,
943 2425 986 2469 7.

202 2494 236 2530 ἰ
276 2519 323 2559 in
351 2513 538 2557 comitio
567 2525 626 2554 ac
641 2511 775 2566 soro.
834 2507 1004 2551 Eadem
1038 2522 1118 2553 vo-

219 2572 378 2618 cabula
400 2568 742 2626 coniunguntur
767 2567 884 2625 apud
911 2565 1007 2609 Cic.
1037 2581 1118 2623 pro

219 2632 341 2675 Sext.
396 2645 435 2672 e.
466 2627 537 2672 35.
574 2627 784 2680 Forum,
850 2624 1110 2677 comitium,

218 2689 396 2733 curiam
442 2684 652 2729 armatis
700 2682 968 2726 hominibus
1017 2681 1112 2723 im-

212 2745 476 2803 plevissent.
563 2741 754 2786 Sueton.
787 2738 910 2783 Caes.
967 2754 1005 2781 c.
1043 2741 1110 2782 10.

215 2810 409 2860 praeter
435 2802 677 2843 comitium
699 2798 948 2853 ausorum.
999 2796 1111 2838 Nam

219 2874 477 2920 quanquam
524 2856 763 2901 comitium
804 2861 869 2896 est
918 2854 966 2896 in
1005 2853 1109 2896 foro

218 2918 304 2976 (cf.
350 2919 520 2960 Ascon.
573 2914 628 2957 ad
670 2911 768 2957 Cic.
814 2927 899 2969 pro
943 2910 1112 2953 Milon.

219 2994 261 3022 c.
286 2973 376 3027 5.),
406 2982 455 3016 ut
493 2973 576 3020 ita,
606 2986 719 3029 quae
748 2969 866 3012 fiunt
891 2968 936 3011 in
962 2966 1113 3012 eomi-

218 3035 307 3082 ti0,
337 3030 473 3076 simul
501 3030 608 3072 fiant
643 3028 691 3070 in
724 3027 854 3075 foro,
894 3025 1112 3069 diversam

218 3101 368 3137 tamen
413 3085 637 3133 vocabula
675 3083 841 3127 habent
875 3083 1112 3126 notionem

220 3149 495 3194 adiunctam.
585 3141 830 3185 Comitium
876 3140 943 3184 illi
980 3155 1110 3184 com-

219 3203 421 3252 bustioni
470 3200 592 3247 addit
634 3198 929 3254 ignominiam
991 3199 1114 3252 (nam

218 3265 267 3309 in
300 3261 490 3308 comitio
524 3255 675 3316 puniri
703 3255 909 3299 solebant
938 3271 1115 3298 nocen-

220 3331 302 3365 tes.
362 3320 422 3364 cf.
445 3317 565 3361 Plin.
593 3329 692 3371 epp.
723 3312 764 3364 4,
789 3315 855 3355 11.
926 3314 1114 3356 Sueton.

221 3377 474 3423 Domitian.
503 3390 543 3419 c.
576 3372 670 3428 8.);
711 3370 864 3413 forum
904 3371 1117 3413 admonet

223 3434 584 3483 combustionem
638 3429 801 3472 factam
849 3427 1030 3486 publice
1075 3436 1118 3471 et

226 3509 381 3539 coram
441 3489 645 3533 omnium
703 3484 846 3529 oculis
906 3495 1117 3542 tanquam

225 3550 544 3608 spectaculum.
630 3543 688 3587 cf.
730 3550 824 3585 not.
860 3543 915 3586 ad
952 3543 1040 3586 An.
1074 3542 1116 3591 2,

226 3609 295 3652 34.
313 3607 394 3651 sub
408 3622 472 3649 vxv.
495 3607 542 3648 in
552 3601 669 3658 foro
695 3609 738 3643 et
762 3601 934 3643 iudicio.
984 3599 1117 3643 Roth.

1248 2385 1458 2438 expulsis·
1501 2385 1694 2439 insuper
1727 2394 1815 2432 etc.
1901 2389 2087 2437 Tacitus

1191 2457 1273 2499 per
1311 2441 1532 2486 ablativos
1565 2442 1796 2488 absolutos
1826 2448 2086 2505 saepissime

1194 2497 1373 2542 admisit
1407 2499 1702 2551 sententiam,
1740 2501 1812 2546 cui
1842 2519 1938 2548 non
1968 2505 2085 2551 inest

1191 2555 1307 2599 ratio
1358 2557 1641 2612 sequentium
1689 2567 1766 2602 aut
1806 2565 2082 2618 praeceden-

1185 2613 1317 2656 tium.
1379 2614 1437 2657 cf.
1473 2614 1587 2657 Hist.
1617 2615 1660 2663 2,
1686 2615 1754 2658 51.
1789 2624 2084 2665 concedenti-

1185 2673 1267 2713 bus
1290 2673 1356 2713 ad
1378 2673 1598 2713 victorem
1624 2680 1708 2716 etc.
1769 2673 1875 2720 vid.
1903 2678 1965 2722 ibi
1988 2689 2085 2724 not.

1184 2727 1298 2772 Hist.
1331 2727 1373 2779 3,
1396 2728 1467 2771 79.
1502 2737 1612 2773 extr.
1649 2744 1744 2772 non
1775 2735 1907 2778 ultra
1938 2736 2080 2781 Fide-

1184 2800 1275 2828 ηας
1301 2787 1467 2828 seculis
1492 2786 1748 2832 m‘ctoribus.

1243 2875 1519 2912 occurreret.
1593 2869 1828 2917 Dronkius
1862 2873 1986 2919 iubet
2015 2878 2080 2921 in·

1185 2924 1320 2983 telligi
1357 2927 1580 2982 principi,
1636 2928 1715 2972 sed
1752 2929 1888 2976 male.
1964 2933 2079 2979 Nam

1184 2997 1429 3026 occurrere
1462 2985 1665 3029 absolute
1692 2986 1932 3043 dicuntur,
1967 3006 2079 3050 quae

1184 3041 1460 3099 proveniunt
1483 3050 1601 3086 etse
1624 3041 1887 3090 ostendunt.

1243 3147 1287 3182 et
1318 3141 1454 3184 sicut.

1186 3204 1231 3240 et
1265 3197 1365 3240 edd.
1394 3198 1515 3257 Lips.
1548 3216 1567 3243 s
1634 3231 1647 3245 .

1186 3255 1349 3312 legitur
1381 3256 1428 3299 in
1463 3256 1568 3302 MS.
1637 3258 1739 3302 atie.
1761 3259 1891 3305 4498.
1963 3261 2079 3309 Nam

1188 3312 1421 3356 Broterius
1454 3322 1574 3359 tacet
1610 3315 1665 3359 de
1699 3323 1913 3375 utroque,
1986 3323 2078 3367 uod

1188 3377 1334 3470 potest
1365 3371 1509 3430 accipi
1541 3388 1625 3430 pro
1658 3388 1897 3419 consensu.
1986 3378 2078 3424 'dd.

1536 3141 1612 3187 sie
1641 3141 1746 3188 MS.
1771 3145 1914 3190 vatic.
1949 3147 2078 3196 3429.
2149 3123 2150 3173 3

1726 3200 1853 3246 Idem
1887 3203 2078 3251 fortasse
2147 3191 2150 3229 3

2142 3241 2150 3426 θ

1230 3427 1367 3470 uteol.
1391 3444 1411 3470 s
1447 3444 1490 3486 q.
1511 3437 1611 3473 ante
1633 3429 1832 3489 Lipsium
1866 3440 1920 3476 ut
1943 3434 2074 3493 sicut,
2142 3440 2150 3477 t

1189 3485 1312 3543 quod
1358 3485 1412 3528 de
1433 3486 1616 3530 enditur
1651 3486 1700 3530 in
1731 3487 1884 3533 Jahnii
1915 3490 2078 3540 Jahrb.

1190 3549 1275 3585 etc.
1312 3542 1436 3587 1828.
1472 3543 1667 3600 11.Bd.,
1698 3545 1895 3605 allo-fe,
1920 3565 1964 3610 p.
1980 3552 2076 3597 161.

1191 3615 1288 3658 sqq·

2140 3479 2144 3492 l

2135 3650 2141 3668 ἐ

2134 3715 2136 3722 ι

2134 3739 2137 3750 ι

2132 3769 2136 3778 ι
