2150 4022
393 227 519 292 DE
559 213 1094 308 GERMANJA
1149 176 1485 290 CAR-23.
1524 229 1624 292 24.

89 359 510 442 blandimentis
559 358 860 433 expellunt
904 358 1150 416 famem..

90 445 288 510 eadem
312 443 714 520 temperantia.

1792 278 1798 283 .
1853 229 1937 294 57

1254 354 1556 416 Adversus
1603 360 1762 416 sitim
1809 376 1937 419 non

802 443 851 499 si
879 442 1195 498 indulseris
1227 443 1525 515 ebrietati,
1569 449 1933 519 suggerendo

89 523 375 609 qnantum
412 528 863 609 concupiscunt,
905 523 1066 584 haud
1102 527 1301 583 minus
1332 529 1716 601 facilevitiiS,
1759 552 1938 608 quam

89 615 265 674 armis
289 616 619 673 vincentur.

255 697 479 758 XXIV.
579 695 785 754 Genus
856 697 1319 771 spectaculorum
1383 718 1572 754 unum
1630 695 1804 777 atque
1869 700 1936 758 in

88 786 252 844 omni
293 796 466 841 coetu
496 783 668 841 idem.

772 782 923 838 nudi
961 782 1234 851 iuvene-S,
1282 782 1506 858 'quibus
1542 784 1610 840 id·
1640 785 1942 844 ludicrum

90 882 204 939 est,
264 870 438 945 ⁴inter
504 869 729 942 gladios
792 886 852 923 se
917 877 1091 943 atque
1160 868 1400 923 infestas
1466 867 1717 941 frameas
1782 872 1941 932 saltu-

90 956 338 1024 iaciunt.

454 953 787 1010 exercitatio
861 963 1046 1031 artem
1107 952 1376 1027 paravit,
1461 972 1556 1008 ars
1636 950 1942 1027 decorem,

89 1061 214 1096 non
256 1040 321 1095 in
363 1050 668 1114 quaestum
714 1050 910 1094 tamen
951 1048 1054 1093 aut
1096 1039 1457 1105 mercedem,
1523 1040 1792 1114 quamvis
1831 1063 1940 1099 au-

90 1125 248 1182 dacis
315 1124 583 1179 lasciviae
621 1123 904 1197 'pretium
975 1133 1095 1191 est,

234 1333 243 1346 .

123 1377 219 1413 rett.
251 1369 304 1415 ad
335 1367 490 1412 Horat.
516 1369 605 1414 Sat.
636 1368 675 1421 2,
699 1370 738 1420 8,
762 1369 805 1411 6.
885 1367 975 1412 Sed

89 1385 368 1484 iz'omponius
408 1427 525 1469 Mela
557 1425 597 1477 3,
632 1425 675 1470 3.
720 1428 773 1468 de
817 1425 974 1469 iisdem

91 1484 350 1527 Germanis:
385 1485 502 1526 victu
522 1485 589 1525 ita
608 1486 771 1538 asperi
792 1486 973 1526 inculti-

92 1557 178 1597 que
192 1575 203 1592 ,
235 1549 283 1583 ut
303 1545 444 1585 cruda
463 1544 603 1582 etiam
626 1557 766 1583 carne
791 1556 974 1583 vescan-

92 1606 168 1640 tur
203 1607 285 1640 out
320 1599 511 1649 recenti,
562 1606 646 1640 aut
679 1615 780 1640 cum
813 1600 975 1651 rigen-

93 1663 187 1698 tem
213 1657 259 1696 in
285 1657 392 1709 ipsis
411 1661 639 1709 pecudum
661 1657 978 1711 ferarumque

93 1712 227 1755 coriis
249 1717 463 1755 monibus
479 1714 763 1770 pedibusque
774 1715 980 1766 sub-‘gen-

93 1773 154 1812 do
176 1779 478 1813 renovarunt.

149 1844 375 1881 aduersus
407 1840 552 1882 sitim.

91 1900 324 1939 aduersus
346 1899 487 1938 sitim.

151 1954 283 1995 υἰίιϊε.
352 1952 452 1996 MS.
490 1954 646 1996 Bamb.
680 1956 804 2005 virm,
854 1955 975 2012 quod

94 2011 339 2069 probabant
386 2011 572 2054 colen-us
613 2020 656 2052 et
689 2011 975 2068 Conringius.

94 2071 152 2112 At
191 2068 324 2110 ceteri
360 2069 461 2111 libri
493 2084 650 2111 omnes
688 2071 978 2113 consentiunt

92 2127 140 2169 in
177 2126 314 2169 vitiis.
400 2126 628 2169 Sententia
661 2127 750 2170 loci
790 2137 880 2172 est:
940 2128 975 2171 si

93 2182 327 2239 indulseris
398 2184 598 2228 ebrietati
672 2186 979 2242 suggerendo,

91 2240 309 2298 quantum
353 2242 703 2299 concupiscunt,
762 2252 858 2286 tum
904 2245 975 2286 fa-

94 2298 176 2340 ‹ile
213 2297 469 2349 vincentur,
522 2307 565 2340 et
604 2299 662 2342 ita
703 2300 883 2356 quidem
929 2309 978 2343 ut

92 2370 184 2398 non
209 2356 353 2396 minus
379 2356 558 2398 illorum
586 2358 691 2400 vitia
719 2374 854 2414 quam
888 2375 976 2400 no-

92 2418 181 2455 stra
217 2428 347 2455 «arma
397 2413 634 2458 victoriam
677 2415 976 2472 suppeditent.

95 2469 247 2524 Quare
269 2485 362 2511 non
386 2485 497 2527 opus
521 2478 608 2522 est,
640 2481 687 2514 ut
711 2487 816 2514 cum
839 2472 977 2515 Riek-

93 2527 220 2570 lessio
248 2535 289 2568 et
312 2526 409 2569 viro
433 2527 568 2570 docto
591 2529 637 2570 in
655 2529 842 2571 Seebod.
862 2528 980 2572 Bibl.

94 2585 201 2630 erit*
227 2583 349 2629 1825.
389 2601 431 2642 p.
464 2585 561 2628 207.
595 2595 695 2642 post
726 2602 868 2641 quam
902 2587 980 2628 in-

93 2641 260 2698 telligas
283 2641 497 2699 difficile,
537 2644 599 2685 vel
621 2643 770 2698 facile
790 2645 978 2702 explices

95 2700 322 2742 vielleioht.
399 2698 603 2757 Uterque
642 2701 803 2744 modus
836 2701 980 2745 inter-

14 2767 19 2772 “
95 2756 294 2813 pretendi
317 2773 373 2798 ne
403 2757 581 2799 tolerari
610 2759 788 2816 quidem
819 2767 977 2816 potest.

95 2811 261 2856 Similis
285 2811 465 2871 prorsu‘s
494 2815 620 2858 locus
642 2825 773 2871 exstat
801 2817 913 2860 flist.
942 2820 980 2869 1,

93 2870 167 2913 69.
193 2875 320 2925 opud
343 2886 454 2926 quos
480 2872 641 2915 virtute
671 2890 812 2928 (luam
835 2890 979 2928 pecu-

94 2930 174 2969 nia
193 2929 498 2975 resliomana
521 2931 683 2974 melius
704 2935 841 2982 stetit,
871 2932 913 2974 h.
937 2950 977 2975 e.

97 2984 222 3042 apud*
249 3001 361 3042 quos
392 3002 460 3029 res
486 2986 688 3033 Romana
717 2991 874 3032 melius
895 3000 978 3032 ste-

96 3044 171 3092 tit,
205 3048 246 3084 et
268 3041 327 3085 ita
357 3043 534 3100 quidem
572 3052 620 3086 ut
655 3062 748 3088 non
782 3049 984 3104 pecunia,

97 3099 171 3142 sed
216 3099 357 3153 virtus
399 3101 634 3159 meliorem
674 3111 838 3148 statum
881 3104 981 3148 essi-

102 3164 232 3199 ceret.

156 3238 267 3283 Cn».
288 3238 355 3283 24.
405 3243 646 3287 ludicrum.
696 3243 795 3289 MS.
817 3244 980 3303 Stuttg.

98 3297 334 3353 Iudicium.

147 3370 305 3409 ortem
331 3370 536 3421 paravit.
602 3370 678 3415 Sic
707 3372 810 3416 cod.
838 3372 979 3415 Hum-

104 3421 207 3486 inel.
248 3425 387 3477 (teste
433 3425 678 3483 Sellingio)
731 3429 836 3474 edd.
880 3431 981 3472 No-

101 3479 232 3524 rnmb.
271 3481 402 3525 Rom.
434 3480 635 3527 Rhenan.
660 3484 842 3543 (1533.)
875 3488 980 3530 Ald.

103 3550 198 3593 sqq.
264 3547 304 3584 et
355 3554 496 3598 nuper
546 3541 733 3587 Bekker.
758 3571 762 3577 ν
784 3542 982 3591 Walch.

619 1839 718 1883 MS.
742 1838 906 1898 S-tu‘trg.
935 1848 980 1884 et
1021 1872 1034 1886 .

1121 1158 1151 1179 1-
1187 1123 1458 1197 voluptas
1526 1126 1934 1198 spectantium.

1048 1368 1136 1411 alii.
1167 1396 1225 1405 —-
1292 1375 1448 1410 artem
1475 1376 1621 1422 parat
1653 1369 1790 1414 MSS.
1825 1371 1936 1415 Tur.

1047 1427 1213 1484 stuttg.
1247 1425 1348 1468 edd.
1373 1425 1490 1482 Spir.
1515 1427 1649 1470 Kath.
1672 1428 1779 1471 Pur.
1807 1431 1871 1473 M.
1897 1438 1939 1473 et

1048 1493 1091 1525 et
1120 1485 1173 1526 V.
1197 1485 1382 1526 Monac.
1406 1482 1568 1526 Vienn.
1602 1484 1805 1530 Beroald.
1833 1487 1936 1531 Alc.

1046 1540 1247 1583 Rhenan.
1287 1539 1469 1596 (1519.)
1505 1539 1687 1584 Viteber
1719 1575 1730 1585 .
1775 1553 1817 1586 et
1864 1544 1937 1586 in-

1047 1608 1114 1639 ter
1158 1598 1431 1639 recentiores
1471 1596 1655 1642 Passov.
1734 1617 1818 1645 ess.
1849 1601 1940 1646 alii.

1052 1653 1227 1710 Quodsi
1261 1655 1516 1697 consideras
1551 1664 1755 1700 veterum
1792 1659 1936 1701 libro-

1049 1728 1148 1754 rum
1176 1712 1511 1760 auctoritatem,
1562 1722 1711 1766 parat
1747 1730 1938 1772 praeva-

1050 1768 1184 1811 lebit:
1241 1768 1310 1810 sin
1373 1768 1597 1826 sequeris,
1652 1772 1776 1828 quod
1834 1773 1939 1817 loco

1049 1825 1193 1882 aptius
1231 1824 1308 1875 sit,
1341 1834 1528 1883 praestat
1553 1831 1763 1881 paravit.
1823 1829 1941 1875 Nam

1051 1883 1159 1926 dicit
1182 1883 1376 1938 scriptor
1398 1884 1450 1925 de
1465 1893 1556 1927 arte
1570 1894 1612 1927 et
1627 1886 1806 1941 decore,
1826 1904 1940 1946 quae

1048 1940 1137 1982 iam
1162 1941 1339 1982 adsunt.
1403 1941 1542 1997 Igitur
1566 1943 1672 1998 (lum
1704 1945 1818 1989 inter
1846 1948 1941 2004 gla-

1050 1997 1147 2040 dios
1178 2013 1223 2039 se
1333 2031 1342 2039 .
1366 1997 1560 2050 iaciunt,
1599 2003 1842 2047 ostendunt
1871 2021 1940 2048 ar·

1049 2063 1163 2106 tem,
1194 2070 1329 2111 quam
1362 2057 1614 2099 exercitatio
1648 2062 1837 2116 paravit,
1865 2080 1941 2108 ne·

1049 2128 1133 2170 que
1162 2128 1288 2155 nunc
1309 2112 1490 2155 demum
1518 2123 1656 2171 parat,

1105 2173 1334 2211 decorem.
1417 2170 1564 2216 codd.
1606 2173 1790 2229 quidam
1828 2185 1943 2224 teste·

1048 2227 1297 2285 Longolio‚
1351 2227 1506 2270 nescio
1556 2233 1658 2288 qui,
1703 2236 1940 2281 decorum.

1047 2285 1137 2326 Sed
1172 2285 1232 2327 cf.
1258 2284 1370 2327 Hist.
1399 2288 1435 2336 1,
1458 2285 1526 2328 71.
1562 2297 1727 2331 cuncta
1759 2297 1824 2333 ad
1856 2297 1941 2336 de-

1049 2357 1201 2384 corem
1254 2343 1439 2397 imperia·
1487 2346 1754 2400 compositu.
1838 2350 1941 2396 Vid.

1050 2401 1108 2442 ihi
1138 2410 1233 2442 not.

1107 2472 1202 2498 non
1255 2457 1301 2498 in
1357 2465 1602 2512 quaestum
1647 2469 1809 2506 tamen
1858 2475 1942 2511 aut

1051 2518 1330 2555 mercedem.
1391 2513 1449 2556 cf.
1485 2526 1580 2560 not.
1612 2520 1668 2562 ad
1692 2521 1784 2566 An.
1803 2524 1846 2573 4,
1867 2520 1940 2575 62,

1050 2574 1131 2613 sub
1173 2588 1247 2615 vv.
1282 2573 1330 2612 in
1368 2573 1619 2618 sordidam
1661 2586 1940 2631 mercedem.

1050 2627 1121 2670 De
1151 2628 1319 2684 figura,
1351 2643 1463 2685 quae
1497 2638 1563 2672 est
1596 2633 1644 2676 in
1670 2638 1844 2690 verbis,
1878 2640 1940 2688 cf.

1017 2716 1024 2720 ,,
1051 2685 1186 2728 Ruth.
1220 2702 1262 2743 p.
1280 2686 1376 2733 54„
1412 2685 1488 2742 qui
1520 2687 1863 2749 interpretatur:
1892 2699 1940 2746 in

1052 2751 1281 2798 quaestum
1297 2773 1309 2789 ‚
1347 2743 1422 2799 qui
1444 2742 1492 2787 fit
1515 2750 1738 2794 mercedis
1759 2769 1904 2801 causa.

1104 2803 1308 2855 precium
1333 2808 1427 2856 est,
1472 2803 1692 2861 voluptas
1724 2822 1942 2864 spectan-

1053 2857 1187 2900 tium.
1245 2856 1433 2900 Comma·
1454 2872 1555 2916 post
1577 2871 1645 2906 est
1668 2866 1821 2913 ferunt
1843 2874 1944 2921 edd.

1052 2914 1252 2959 Rhenan.
1287 2915 1468 2974 (1533.)
1501 2918 1606 2964 Ald.
1644 2940 1742 2982 sqq.
1819 2929 1941 2977 Bek-.
1976 2932 1980 2935 ¹

1053 2971 1187 3015 kerus
1218 2989 1361 3030 nuper
1383 2976 1559 3020 sustulit
1579 2983 1801 3036 probante
1824 2987 1944 3033 Hes-

1055 3030 1121 3072 sio
1155 3031 1344 3073 inVarr.
1367 3029 1452 3074 LL.
1493 3034 1550 3082 1.,
1581 3052 1624 3094 p.
1645 3040 1717 3083 27.
1777 3045 1943 3103 Aptius

1053 3087 1127 3129 illa
1173 3087 1400 3131 distinctio
1446 3091 1688 3146 retinetur,
1748 3110 1797 3143 ut
1841 3113 1945 3148 ante

1053 3148 1267 3196 voluptas
1311 3161 1360 3187 ex
1403 3162 1484 3190 usu
1527 3149 1669 3196 Taciti
1723 3156 1943 3218 intelligas

1052 3217 1220 3261 nempe
1258 3203 1327 3247 vel
1373 3206 1516 3248 simile
1551 3210 1675 3266 quid.
1758 3215 1872 3258 Nam
1904 3219 1943 3263 si

1051 3259 1233 3303 Tacitus
1288 3261 1552 3318 simpliciter
1613 3267 1793 3313 dixisset
1854 3290 1938 3317 vo-

1051 3317 1263 3373 luptatem
1293 3322 1585 3377 spectantium
1619 3341 1710 3368 esse
1745 3329 1942 3386 pretium

1052 3373 1229 3417 audacis
1254 3374 1482 3429 lasciviae,
1511 3384 1639 3426 more
1663 3401 1744 3427 suo
1771 3389 1943 3431 omisis.

1054 3440 1119 3473 set
1142 3434 1321 3475 verbum
1346 3442 1434 3477 ese.
1510 3437 1601 3480 Pro
1630 3446 1943 3494 spectantium

1052 3488 1098 3532 in
1123 3490 1228 3533 cod.
1252 3489 1479 3558 fluminet.
1505 3497 1721 3554 scriptum
1752 3510 1815 3544 est
1851 3518 1939 3547 ex—

1050 3553 1353 3602 putantium.
