2150 4022
1756 74 1763 84 “
1964 87 1973 94 ·
2127 93 2130 99 ,

215 258 297 316 86
567 257 633 315 c.
677 230 1233 318 CORNELIUS
1290 257 1714 320 TAfflTus

73 378 76 380 ’
130 407 139 430 1
212 386 417 460 ligant.
517 385 815 462 principes
854 396 910 442 et
945 372 1307 446 ornatiorem
1340 385 1583 447 habent.
1667 408 1735 446 ea
1772 407 1912 446 cura
1946 390 2071 447 for-

213 491 375 540 mae,
418 470 519 527 sed
555 470 848 530 innoxiae.
890 506 899 519 ›
931 469 1139 549 Neque
1177 473 1338 529 enim
1371 483 1441 530 nt
1471 484 1672 531 ament
1698 485 2071 531 amenturve:

213 557 283 613 in
341 555 719 613 altitudinem
788 557 1086 632 quandam
1158 569 1215 614 et
1287 569 1573 615 terrorem
1640 557 1861 616 adituri
1915 558 2074 617 bella

217 641 469 717 compti,
511 651 578 697 ut
603 636 867 698 hostium
898 643 1116 713 oculiS‚
1160 654 1468 703 ornantur.

217 887 320 934 edd.
362 887 497 933 Kath.
536 887 641 933 Put.
671 889 742 934 M.
773 898 817 934 et
849 890 906 935 V.
940 888 1106 935 Vienn.

214 946 405 992 Monac.
427 946 639 990 Beroald.
665 946 769 992 Alc.
784 947 986 991 Rhenan.
1004 947 1110 993 Ald.

215 1019 316 1105 {tt
330 1004 1109 1117 Ϋιὲἒεῖρῗέῗὲἕὶὶοῗῗῗὲνῖῑῖἷῗῗ

215 1119 349 1163 2964.
385 1127 429 1163 et
471 1119 541 1164 ed.
574 1119 759 1178 Bipont.
799 1143 859 1153 —
918 1121 967 1164 in
1008 1122 1108 1164 solo

214 1179 386 1220 vertice
415 1175 552 1220 MSS.
579 1176 724 1221 Vatic.
754 1178 877 1222 1862.
914 1177 1107 1236 Longol.

215 1233 317 1278 edd.
344 1233 554 1278 Norimb.
588 1234 724 1278 Rom.
761 1234 971 1279 Oberlin.
1007 1238 1108 1279 See·

214 1291 325 1336 bod.
349 1290 542 1335 Bekker.
567 1291 656 1335 alii.
690 1317 748 1326 -
805 1295 907 1336 solo
933 1296 979 1336 in
1007 1307 1110 1336 ver-

216 1350 304 1392 tice
323 1350 393 1393 ed.
415 1348 557 1393 Paris.
633 1349 718 1393 Uti
740 1350 843 1393 libri
867 1351 927 1394 ita
959 1360 1003 1395 et
1034 1351 1110 1393 in-

214 1414 434 1463 terpretes
457 1406 505 1448 in
528 1407 726 1452 diversas
751 1408 917 1452 abeunt
946 1417 1110 1466 partes.

213 1462 311 1508 Alii
350 1463 615 1507 alterutrum
648 1463 719 1510 vel
760 1466 862 1519 ipso
901 1465 975 1513 vel
1009 1468 1110 1508 solo

213 1520 470 1564 redundare
525 1530 751 1571 censente,
811 1523 884 1566 alii
941 1522 1105 1568 rectius

213 1578 467 1647 pleniorem
519 1578 791 1637 scripturam
845 1580 1106 1632 defendunt,

213 1635 587 1694 interpretatione
655 1652 749 1679 non
813 1637 1106 1681 satisfaciunt.

212 1693 263 1737 Si
296 1692 408 1752 quid
440 1701 562 1736 recte
600 1693 756 1743 video,
803 1697 900 1748 ipse
938 1702 1108 1738 vertex

213 1750 462 1809 opponitur
486 1751 526 1793 ei
548 1751 703 1808 capitis
725 1753 869 1811 parti,
899 1768 1012 1811 quae
1041 1762 1108 1797 est

207 1823 355 1868 prope
391 1807 634 1857 verticem,
673 1809 717 1852 h.
756 1826 793 1852 e.
824 1826 943 1868 pone
975 1810 1108 1854 verti-

215 1882 340 1910 cem:
378 1868 506 1909 solas
538 1874 707 1909 vertex
738 1868 985 1925 opponitur
1021 1867 1107 1910 toti

215 1922 365 1981 capiti.
452 1923 517 1967 Ita
551 1923 698 1968 Tacit.
734 1925 788 1967 de
819 1924 950 1968 Orat.
993 1941 1034 1969 c.
1063 1925 1107 1969 5.

212 1980 367 2036 ipsum
406 1983 563 2024 solum
602 1986 732 2037 apud
771 1996 850 2024 vos
887 1997 1107 2036 arguam.

215 2037 278 2082 cf.
306 2037 404 2082 Cic.
437 2037 485 2081 in
508 2038 638 2084 Verr.
665 2040 768 2082 Act.
805 2042 842 2091 1,
862 2041 906 2083 2.
972 2039 1108 2084 Grae·

216 2094 260 2138 ci
286 2095 448 2140 eodem
469 2096 609 2139 modo
634 2098 940 2155 coniungunt:
972 2096 1110 2147 αὐτὸς

212 2150 373 2213 μόνος.
471 2153 757 2197 Vocabulum
797 2170 939 2209 saepe
986 2157 1110 2199 indi-

216 2220 288 2256 cat
342 2211 535 2254 modum
579 2227 601 2254 a
649 2213 823 2270 vulgari
871 2214 1108 2266 diversum,

215 2277 267 2313 ut
312 2269 396 2318 ita,
448 2285 553 2313 cum
593 2268 729 2328 vulgo
766 2270 911 2313 crines
949 2286 1108 2314 omnes

215 2327 418 2384 undique
459 2342 580 2385 pone
622 2326 841 2371 verticem·
874 2328 1109 2387 obliquare

215 2381 370 2442 ibique
404 2383 526 2427 nodo
561 2384 866 2443 substringere
899 2386 1109 2437 solerent,

217 2443 400 2501 quidam
451 2442 570 2496 (non
618 2441 768 2485 solum
812 2447 964 2496 senes,
1033 2443 1110 2487 sed

219 2499 350 2543 etiam
395 2499 499 2553 alii)
540 2499 777 2557 videantur
811 2500 1023 2559 capillum
1060 2500 1109 2543 in

218 2557 318 2600 solo
352 2557 521 2602 vertice
558 2555 790 2615 collegisse
830 2557 1018 2616 ipsoque
1062 2558 1110 2601 in

208 2613 391 2672 vvertice
434 2614 616 2671 ligasse,
668 2615 808 2658 libere
846 2617 1111 2674 vagantibus

218 2671 404 2729 reliquis
448 2672 646 2715 crinibus
679 2680 893 2730 retroque
927 2674 1111 2716 horren·

218 2728 354 2772 tibus.
414 2729 504 2773 Alii
526 2730 875 2788 solodaccipiunt
899 2747 951 2774 eo
975 2729 1109 2788 signi·

220 2785 381 2835 ficatu,
457 2802 517 2829 uo
555 2795 620 2830 est
655 2790 766 2843 ade,
809 2791 931 2843 leer,
969 2793 1109 2831 witst.

221 2842 285 2887 cf.
303 2843 436 2887 Tibul
461 2876 472 2887 .
503 2844 540 2895 1,
561 2845 692 2892 272.
721 2846 763 2896 4,
787 2846 854 2894 13,
878 2847 948 2890 12.
1009 2846 1112 2887 Vir-

220 2899 298 2958 gil.
326 2899 496 2959 Georg.
525 2903 567 2951 4,
591 2903 691 2955 465.
749 2903 838 2947 Sed
872 2920 955 2947 cur
975 2902 1112 2946 Taci-

219 2967 294 3002 tus
322 2959 382 3002 ita
415 2958 691 3016 ambiguitati
716 2976 899 3018 operam
928 2960 1114 3013 dederit,

222 3024 373 3083 ‘³99¹'
405 3032 500 3059 non
536 3017 692 3060 dixerit
724 3015 881 3070 calbo,
911 3018 979 3062 vix
1004 3034 1112 3077 per-

222 3090 242 3116 s
277 3089 383 3118 icio.

244 3089 444 3186 plz'gant.
506 3130 583 3175 Sic
614 3131 747 3175 MSS.
778 3131 951 3178 Vaticc.
986 3132 1111 3176 1518.

223 3197 266 3232 et
287 3189 414 3233 4498.
439 3187 548 3232 Tur.
584 3189 685 3232 edd.
709 3190 825 3247 Spir.
855 3190 986 3234 Kath.
1009 3189 1112 3233 Put.

223 3245 292 3290 M.
317 3255 358 3290 et
381 3245 439 3289 V.
466 3245 606 3303 Rhag.
626 3246 839 3290 Beroald.
869 3248 972 3292 Ale.
995 3247 1111 3290 Rhe-

225 3319 332 3347 nan.
360 3303 523 3357 (1519.)
550 3313 591 3347 et
617 3320 759 3362 nuper
782 3303 960 3349 Passov.
986 3305 1112 3348 Hess.

225 3359 424 3406 Walch.
458 3360 544 3406 alii.
585 3388 644 3397 —-
712 3362 940 3415 religatur
975 3361 1112 3407 MSS.

225 3417 403 3463 Vatiec.
423 3417 552 3463 2964.
575 3426 619 3462 et
642 3418 766 3462 1862.
793 3418 890 3461 Lon
925 3420 982 3464 ol.
1014 3418 1115 3465 edd.

225 3475 433 3522 Norimb.
445 3476 577 3520 Rom.
593 3503 639 3512 -
650 3477 852 3531 religant
920 3477 965 3520 S.
976 3477 1115 3520 Hum-

226 3531 335 3579 mel.
362 3533 463 3578 edd.
484 3534 627 3578 Paris.
651 3532 756 3578 Alc.
790 3532 854 3588 (in
894 3534 1116 3593 margine)

225 3589 375 3636 Rhen.
391 3590 557 3649 (1553.)
579 3590 682 3637 Ald.
698 3606 797 3650 sqq.
823 3599 865 3635 et
886 3607 1029 3651 nuper
1040 3591 1119 3637 Er-

1179 899 1291 942 nest.
1305 890 1498 950 Longol.
1511 891 1697 950 Bipont.
1709 889 1872 936 Oberl.
1884 891 2072 939 Beklter.

1179 950 1268 995 alii.
1326 949 1689 1018 Parum-refert,
1727 948 1834 1008 quid
1861 949 1966 1017 inde
1997 951 2071 995 eli·

1180 1024 1281 1108 {322
1307 1007 1458 1118 griffi
1470 1007 2071 1124 ³²¹523251‘2232'332‘121PJA

1179 1121 1352 1168 Tibull.
1382 1122 1426 1171 2,
1450 1122 1495 1174 6,
1517 1122 1615 1172 67.,·
1666 1122 1874 1175 religare
1910 1137 2071 1166 comas

1178 1179 1339 1225 Horat.
1378 1179 1469 1223 Od.
1511 1181 1550 1232 1,
1579 1178 1620 1228 5,
1647 1180 1693 1223 4.
1748 1179 1793 1231 2,
1825 1181 1893 1230 11,
1922 1180 1994 1224 24.
2026 1188 2072 1223 et

1180 1236 1304 1282 alibi.
1380 1237 1478 1281 Nec
1506 1236 1682 1295 respuit
1713 1236 1841 1280 locus
1873 1236 2071 1280 formam

1179 1297 1430 1350 religatur.
1489 1293 1732 1353 Sequimur
1767 1292 1934 1345 libros,
1975 1293 2070 1352 qui-

1178 1353 1263 1396 hus
1287 1352 1537 1410 plurimum
1562 1350 1840 1396 auctoritatis
1862 1351 2071 1396 tribuen-

1181 1410 1290 1460 dum
1314 1419 1394 1454 est.
1953 1456 1957 1459 .

1235 1469 1541 1511 ornatiorem.
1600 1465 1687 1510 Ed.
1719 1464 1929 1514 Norimb.
1955 1469 2069 1510 hor-

1177 1529 1428 1568 natiorem.
1517 1523 1848 1582 Freinshemius
1891 1525 2071 1571 volebat

1178 1590 1459 1626 amatorem
1470 1615 1484 1635 ‚
1533 1581 1656 1642 quod
1699 1589 1834 1625 exstat
1866 1581 1915 1625 in
1961 1582 2067 1627 cod.
2131 1624 2137 1630 s

1178 1639 1407 1684 Hummel.

1249 1699 1492 1741 innoxiae.
1594 1696 1672 1741 Sic
1731 1695 1836 1740 libri
1902 1704 2072 1742 veteres

1180 1771 1363 1806 omnes,
1395 1764 1437 1799 et
1457 1769 1604 1813 nuper
1625 1744 1812 1799 Passbv.
1835 1753 1962 1798 Hess.
1984 1754 2074 1799 alii.

1178 1841 1238 1849 --
1268 1813 1471 1864 innoxia
1503 1812 1605 1855 edd.
1641 1811 1826 1870 Bipont.
1861 1811 2073 1857 Oberlin.

1180 1869 1368 1915 Bekker.
1393 1869 1592 1914 Walch.
1624 1868 1699 1911 alii
1749 1883 1772 1911 e
1812 1870 2074 1914 coniectura

1179 1927 1353 1971 Mureti
1375 1935 1418 1971 et
1443 1926 1653 1971 Acidalii.
1713 1925 1775 1970 At
1805 1927 1855 1970 in
1885 1943 2074 1987 sequen·

1180 1986 1298 2030 tibus
1338 2000 1484 2042 neque
1525 1986 1650 2028 enim
1683 1991 1736 2026 ut
1757 1991 1843 2028 etc.
1873 1985 2071 2029 non-in-

1181 2043 1312 2086 noxia
1346 2059 1479 2095 cura,
1511 2042 1588 2085 sed
1613 2041 1795 2085 i'nnoxia
1814 2040 1965 2086 forma
1989 2042 2072 2093 de-

1180 2100 1412 2145 scribitur.
1493 2098 1626 2143 Certe
1671 2114 1771 2145 uon
1814 2099 1931 2143 iusta
1979 2108 2074 2144 erat

1181 2173 1311 2202 causa
1339 2157 1562 2202 mutandi.

1238 2217 1288 2258 in
1309 2217 1610 2259 altitudinem
1632 2216 1875 2271 quandam
1901 2221 1947 2256 et
1974 2221 2074 2258 ter·-

1180 2287 1358 2315 rorem.
1421 2272 1479 2316 cf.
1511 2278 1606 2316 not.
1637 2271 1689 2314 ad
1722 2271 1811 2315 An.
1842 2271 1886 2326 2,
1910 2272 1955 2315 6.
1990 2272 2072 2315 sub

1179 2346 1247 2373 vv,
1276 2331 1572 2385 augebantur
1593 2329 1843 2374 alacritate
1867 2330 2074 2372 militum

1181 2389 1232 2430 in
1255 2388 1454 2442 speciem
1477 2402 1532 2429 ac
1554 2393 1799 2430 terrorem.
1860 2386 1981 2430 Ante
2007 2386 2074 2430 lo·

1182 2461 1311 2488 cum:
1347 2446 1396 2487 in
1416 2445 1714 2488 altitudinem
1731 2450 1830 2498 etc„
1855 2451 1906 2488 ut
1926 2459 2072 2502 saepe,

1183 2502 1407 2546 omittitur
1431 2505 1527 2546 sed.
1553 2525 1610 2534 —
1659 2501 1752 2545 Pro
1775 2508 1820 2544 et
1843 2508 2072 2545 terrorem

2020 2573 2046 2602 e

1182 2616 1231 2660 in
1264 2616 1370 2661 cod.
1401 2615 1629 2660 Hummel.
1665 2614 1887 2675 scriptum
1925 2624 1993 2661 est
2021 2624 2073 2660 ut

1185 2682 1438 2718 terrorem.

1240 2739 1490 2776 ornantur.
1584 2730 1662 2775 Sic
1705 2730 1808 2774 MS.
1852 2730 1966 2776 Tur.
2009 2734 2073 2789 (et

1182 2789 1371 2833 fortasse
1409 2796 1498 2831 tres
1530 2786 1730 2832 Vaticc.=
1775 2803 1884 2833 nam
1914 2789 2071 2836 Brote-

1182 2846 1273 2890 rius
1300 2845 1355 2889 de
1389 2845 1444 2889 iis
1474 2845 1535 2888 ita
1564 2853 1704 2896 tacet,
1754 2853 1805 2888 ut
1833 2846 2072 2897 videantur

1183 2902 1458 2958 consentire)
1504 2902 1604 2946 edd.
1640 2902 1761 2961 Spir.
1795 2903 1927 2949 Kath.
1970 2903 2074 2949 Put.

1187 2960 1392 3005 Beroald.
1416 2976 1514 3018 sqq.
1543 2985 1599 2992 —
1656 2969 1914 3004 armantur
1935 2961 2071 3006 MSS.

1183 3018 1373 3075 Longol.
1413 3018 1561 3062 Vatic.
1599 3017 1723 3062 1862.
1769 3018 1887 3062 Stutt
1920 3049 1932 3062 .
1977 3021 2071 3119 8310-

1183 3075 1350 3134 perscri
1386 3084 1482 3119 tum
1506 3083 1572 3119 est
1592 3078 1841 3135 ornantur)
1860 3034 1966 3121 effd.
2026 3092 2073 3120 o-

1183 3133 1316 3176 rimb.
1393 3133 1496 3177 aris.
1538 3133 1679 3177 Rom.
1707 3160 1767 3170 -
1825 3141 2087 3176 armentur>

1183 3190 1285 3233 MS.
1339 3191 1576 3248 Bamberg.
1635 3191 1854 3248 probante
1901 3190 2068 3249 Lipsio.

1183 3246 1271 3290 Sed
1288 3245 1509 3305 intellige:
1540 3262 1686 3305 neque
1701 3248 1826 3291 enim
1843 3255 1895 3290 ut
1908 3256 2071 3291 ament

1183 3313 1462 3348 amenturve
1493 3307 1757 3362 (ornantur;
1785 3304 1882 3362 sed)
1912 3307 1962 3348 in
1991 3307 2070 3348 al·—

1183 3363 1429 3407 titadinem
1474 3365 1719 3421 quandam
1762 3370 1807 3405 et
1844 3368 2072 3406 terrorem

1184 3420 1364 3464 adituri
1382 3422 1503 3463 bella
1521 3421 1694 3475 compti
1710 3418 1773 3476 (h.
1795 3435 1838 3463 e.
1861 3419 1970 3463 dum
1993 3434 2070 3463 eo·

1185 3485 1388 3521 muntur.
1429 3477 1489 3523 cf.
1512 3477 1783 3521 Ramshorn.
1803 3474 1888 3522 Gr.
1914 3480 1959 3533 §.
1974 3477 2072 3521 171.

1186 3550 1231 3594 p.
1254 3534 1356 3578 455.
1397 3543 1496 3584 not.
1524 3536 1580 3591 1.)
1618 3542 1670 3577 ut
1696 3535 1894 3578 hostium
1925 3535 2073 3578 oeult's

1190 3599 1433 3637 ornantur.
1490 3593 1586 3639 Pro
1609 3593 1782 3649 compti
1798 3590 1834 3636 1.
1856 3592 1896 3638 F
1894 3607 1933 3637 r.
1955 3590 2071 3635 Gro-
