2150 4022
1534 44 1551 76 t

391 221 516 281 DE
568 220 1115 283 GERMANIA
1185 215 1518 294 CAR-²13.
1559 223 1655 286 14.
1868 227 1949 287 57

91 356 264 421 mites
289 352 508 428 aspici:
564 352 780 425 gradus
812 351 956 428 quin
996 350 1170 407 etiam
1208 362 1264 407 et
1289 353 1412 428 ipse
1438 352 1745 421 comitatus
1770 349 1970 418 habet·

91 439 312 507 iudicio
365 439 524 506 eius,
589 439 765 512 quem
813 447 1132 492 sectantur:
1195 456 1522 513 magnaque
1566 449 1622 494 et
1659 438 1941 498 comitum

90 523 403 587 aemulatio
422 568 439 591 ,
492 521 709 598 quibus
743 521 969 596 primus
1004 521 1524 596 apud-principem
1551 542 1723 579 suum
1748 523 1937 593 locus3

91 621 150 667 et
176 608 559 684 principum,
615 605 710 663 cui
749 605 993 681 plurimi
1031 616 1087 660 et
1125 605 1394 661 acerrimi
1432 608 1700 664 comite&
1779 605 1939 664 Haec

89 694 372 768 dignitaS‚
426 688 537 758 hae
572 685 754 747 vires:
810 708 1023 763 magno
1061 709 1289 764 semper
1317 690 1939 756 electorumliuven'um

92 780 266 853 globo
307 776 688 845 circumdari,
743 775 807 830 in
836 795 976 850 pace
1005 776 1210 842 decuS,
1263 775 1327 829 in
1364 775 1519 831 bello
1563 777 1938 850 praesidium.

83 863 205 923 Nec
219 863 408 920 solum
433 862 496 919 in
518 881 622 917 sua
648 871 816 934 gente
843 859 1074 935 cuique,
1097 860 1194 914 sed
1221 861 1377 934 apud
1403 860 1680 917 finitimas
1706 883 1938 938 quoque

87 948 353 1017 civitates*
390 947 452 1003 id
478 966 702 1013 ¹nomen
722 992 738 1015 ‚
795 965 860 1001 ea
889 944 1073 1018 gloria
1104 955 1221 1012 est,
1277 944 1326 999 si
1353 964 1599 1001 numero
1630 966 1693 1002 ac
1722 948 1939 1005 virtute

87 1033 395 1098 comitatus
421 1032 692 1097 emineat.
755 1041 1103 1104 expetuntur
1130 1029 1286 1084 enim
1313 1030 1702 1102 legationibus
1727 1043 1782 1087 et
1803 1050 1938 1099 mu-¹

84 1119 326 1175 neribus
369 1127 657 1173 ornantur
698 1126 754 1171 et
791 1115 913 1188 ipsa
951 1115 1297 1191 plerumque
1340 1115 1496 1170 fama
1540 1115 1694 1170 bella
1733 1118 1939 1190 profli-

86 1216 240 1277 gant,
1482 1247 1484 1249 ·

261 1284 424 1344 XI'V.
470 1281 622 1342 Cum
642 1294 893 1342 ventum
909 1283 971 1338 in
995 1280 1178 1339 aciem
1194 1328 1210 1352 ‚
1253 1294 1422 1359 turpe
1445 1283 1697 1359 principi
1724 1285 1939 1341 virtute

84 1372 244 1430 vinci
260 1418 274 1441 ‚
306 1383 475 1446 turpe
501 1368 807 1427 comitatui
832 1369 1112 1426 virtutem
1136 1368 1422 1444 principis
1446 1388 1570 1425 non
1595 1371 1937 1447 adaequare.

1049 1597 1090 1630 et
1119 1587 1221 1631 huic
1242 1588 1344 1631 loco
1368 1587 1468 1632 satis
1497 1587 1705 1632 convenit
1738 1587 1848 1642 illud
1885 1598 1949 1642 et„

88 1590 196 1650 cipit
216 1607 359 1641 mensu
389 1589 655 1646 transitive,
699 1604 789 1645 quo
816 1587 976 1646 legitur

87 1643 312 1708 scripsisse
332 1649 493 1691 rubori
507 1655 550 1690 et
567 1647 765 1689 ultimam
786 1644 977 1688 litteram

88 1722 114 1750 a
134 1705 339 1765 proximo
364 1705 583 1747 vocabulo
608 1705 904 1759 absumptam.
939 1705 975 1744 A

89 1762 338 1815 mutatione
358 1763 473 1806 bene
486 1759 714 1804 abstinuit.
746 1759 974 1802 cf.not.ad

86 1818 180 1863 An.
205 1818 270 1870 12,
289 1821 361 1863 40
383 1819 465 1865 sub
490 1818 559 1868 v'y.
597 1825 648 1859 ut
682 1819 834 1858 maior
866 1820 975 1858 laus

84 1883 353 1985 5332052552
373 1873 450 1975 ..3
457 1873 629 1974 2¹2¹AE
632 1875 772 1972 2211?
778 1873 974 1986 2333}

73 1991 269 2049 jjaviua.
331 1988 439 2034 lbid.
457 2004 495 2033 V.
512 1988 609 2031 167.
633 1990 727 2031 Nec
749 1991 889 2029 rubor
907 1994 975 2029 est

86 2047 256 2102 emisse
284 2049 467 2101 palam.
533 2044 630 2087 Liv.
661 2045 732 2092 40,
761 2044 834 2089 27.
904 2045 974 2087 De

85 2104 299 2149 comitatu
331 2104 388 2148 cf.
422 2102 545 2153 Caes.
580 2101 632 2144 Β.
665 2099 722 2145 G.
753 2102 797 2155 3,
823 2103 894 2146 22.
933 2102 975 2151 6,

86 2159 154 2206 15.
179 2160 251 2215 23.
280 2163 320 2213 7,
339 2162 408 2205 40.

138 2219 435 2275 quinetiam
475 2224 536 2260 et.
594 2217 687 2262 tSic
731 2215 834 2260 edd.
872 2216 975 2260 Ale.

80 2274 223 2322 Rhen.
245 2273 552 2333 (1533.)A1d.s
589 2291 630 2332 q.
660 2298 718 2308 —-
775 2283 819 2316 et
840 2274 973 2316 omit-

79 2333 191 2376 titur
214 2334 259 2377 in
287 2334 386 2376 edd.
407 2331 521 2390 Spir.
589 2331 674 2375 ath.
700 2331 801 2375 Put.
828 2331 971 2374 Paris.

79 2388 780 2435 Monac.Vienn.Beroatd.Rhen.
795 2389 971 2443 (1519.)‚

82 2461 169 2492 nec
211 2448 315 2492 satis
358 2454 535 2504 apparet
578 2461 665 2502 qua
714 2445 973 2488 necessitate

82 2503 132 2547 ea
165 2505 323 2563 copula
356 2504 482 2547 adsit.
545 2502 669 2546 Infra
701 2518 742 2544 c.
763 2502 829 2545 14.
860 2502 969 2558 legi-

79 2569 154 2607 tux·
183 2564 434 2619 quinimmo
470 2567 536 2615 et,
574 2560 630 2602 ad
658 2574 790 2616 quem
819 2558 972 2602 locum

81 2629 299 2687 provocat
331 2614 535 2661 Hessius:
576 2616 651 2660 sed
686 2615 746 2659 ibi
781 2624 825 2658 et
858 2632 971 2659 con-

79 2677 222 2735 iungit
236 2678 424 2731 pigrum
451 2683 491 2718 et
513 2677 654 2727 iners.

133 2736 405 2790 principum.
479 2732 562 2775 Ed.
597 2730 760 2774 Vienn.
793 2738 834 2771 et
867 2729 973 2772 cod.

79 2791 309 2838 Hummel.
332 2790 395 2846 (in
417 2789 635 2846 margine)
664 2787 965 2842 principium.

80 2848 156 2895 Sic
185 2858 228 2892 et
263 2848 332 2891 ed.
365 2845 503 2890 Paris.
538 2845 622 2889 hac
657 2843 971 2888 distinctione:

1 2898 19 2906 Α
77 2906 368 2961 principium.
431 2902 520 2945 Cui
532 2904 719 2958 primus
742 2910 829 2944 etc.
889 2901 968 2944 Ea-

83 2964 184 3006 dem
219 2958 441 3006 distinctio
474 2968 538 3003 est
571 2961 617 3002 in
652 2959 751 3002 edd.
781 2957 896 3016 Spir.
927 2967 969 3001 et

81 3021 181 3064 Put.
198 3053 210 3071 ‚
240 3018 312 3062 sed
337 3019 551 3075 scriptum
578 3026 642 3059 est
661 3013 939 3070 principum.

133 3091 305 3132 magno
339 3089 522 3126 semper
546 3077 804 3117 electorum.
865 3073 968 3116 MS.

78 3136 232 3185 Arund
239 3135 293 3176 el.
307 3130 410 3185 edd.
422 3131 538 3174 Rom
547 3163 558 3174 .
569 3130 778 3174 Noriml).
794 3146 969 3183 magno

77 3206 274 3248 semper,
300 3198 345 3246 et
383 3192 652 3240 electorum.
702 3188 823 3244 quod
871 3204 964 3231 non

79 3247 244 3307 spernit
283 3245 529 3290 Ernestius.
597 3245 811 3290 Passovio
854 3244 966 3288 illud

79 3304 223 3349 multo
248 3303 439 3347 deterius
466 3302 540 3349 vul
575 3311 646 3345 ato
670 3318 755 3344 nec
786 3318 808 3343 e
841 3317 966 3344 more

79 3361 222 3406 Taciti
269 3361 460 3406 videtur.
587 3375 610 3402 e
654 3374 781 3402 more
820 3359 965 3403 Taciti

83 3419 183 3463 vide
217 3420 301 3463 An.
332 3423 369 3466 1,
391 3418 463 3459 55.
496 3418 624 3459 initio
661 3418 783 3459 veris
811 3425 854 3458 et
886 3433 967 3459 re-

78 3479 265 3530 pentino
308 3478 505 3525 incursu.
576 3473 666 3517 An.
704 3473 746 3523 2,
778 3473 848 3517 39.
885 3490 970 3529 per

1048 1661 1298 1703 verumque
1340 1645 1502 1690 vidisse
1534 1645 1789 1703 Ernestium
1828 1646 1941 1701 arbi·

1047 1711 1167 1753 tror,
1198 1702 1274 1760 q'ui
1298 1703 1548 1760 suspicatur
1572 1703 1707 1745 fuisse
1734 1710 1778 1744 et
1800 1705 1942 1747 lecto-

1046 1774 1171 1801 rum.
1241 1760 1303 1802 cs.
1340 1776 1379 1802 c.
1413 1760 1452 1804 5.
1482 1759 1720 1802 lectissl'mi
1749 1763 1938 1805 colores.

1046 1816 1160 1860 Hist.
1190 1815 1230 1865 3,
1264 1816 1333 1860 47.
1375 1818 1650 1860 lectissimae
1690 1819 1939 1860 liburnica-

1046 1889 1170 1919 rum.
1232 1872 1441 1917 Ceterum
1452 1868 1696 1931 'Sellingius
1716 1875 1742 1922 l.
1761 1874 1790 1917 l.
1815 1891 1857 1932 p.
1874 1879 1939 1925 10.
2013 1888 2015 1890 ’

1049 1931 1199 1975 locum
1233 1930 1291 1974 ita
1325 1931 1687 1988 distinguendum
1723 1934 1951 1984 censeban

1048 1997 1096 2031 ut
1120 1998 1339 2047 puuctum
1364 1998 1465 2046 post
1485 1991 1673 2031 comites
1692 1989 1970 2042 tolleretur„

1048 2055 1091 2088 et
1117 2048 1249 2094 verba
1282 2048 1397 2087 haec
1429 2047 1659 2099 dignitas,
1695 2048 1788 2088 hae
1822 2050 1949 2104 vire-3¹

1047 2119 1148 2147 cum
1163 2103 1528 2161 praecedentibus
1541 2102 1941 2159 coniungerentur.

1101 2161 1279 2217 cuique.
1336 2159 1436 2203 Hoc
1456 2158 1502 2202 in
1523 2159 1623 2203 MS.
1653 2158 1793 2206 Vatic..
1816 2162 1944 2215 2964.

1046 2226 1089 2260 et
1113 2219 1180 2261 ed.
1209 2217 1410 2282 Norin.
1438 2234 1531 2260 non
1558 2217 1731 2274 legitur.

1105 2272 1392 2330 expetuntur
1411 2275 1552 2317 enim.
1617 2274 1746 2321 Unus
1764 2276 1941 2329 Hessius

1046 2332 1182 2388 edidit
1206 2339 1497 2386 expetuntur
1525 2333 1696 2374 etiam:
1731 2326 1935 2388 putabam

1043 2390 1166 2448 lapsu
1197 2388 1464 2447 Operarum3
1505 2390 1579 2431 sed
1616 2389 1662 2430 in
1699 2390 1829 2432 Varr.
1853 2382 1944 2434 LL.

1042 2464 1059 2488 s
1097 2447 1284 2490 ecimine
1300 2446 1447 2504 primo
1464 2446 1569 2489 item
1589 2445 1764 2503 repetiit
1781 2448 1937 2491 etiam.

1044 2464 1251 2547 (ieter-m·
1287 2503 1483 2558 intellige
1514 2503 1739 2560 principes
1773 2521 1943 2561 magno,

1046 2570 1094 2603 et.
1123 2561 1291 2603 decoro
1329 2560 1544 2603 comitatu
1581 2558 1823 2618 gaudentes
1860 2578 1934 2604 ex-

1046 2620 1132 2676 peti
1178 2616 1499 2674 legationibus,
1553 2633 1675 2684 quas*
1701 2618 1839 2674 exteri
1880 2619 1942 2667 ad*

1002 2722 1010 2725 -
1044 2691 1119 2718 eos
1148 2675 1339 2717 mittant.

1101 2730 1295 2776 CAP.14.
1355 2734 1639 2787 adaequare.
1698 2732 1774 2776 Sic
1798 2728 1938 2778 MSS.v

1041 2788 1265 2831 Hummel.
1287 2786 1474 2844 Longol.
1498 2788 1658 2846 stuttg.
1681 2789 1783 2834 edd.
1799 2790 1933 2840 Rom.

1040 2847 1180 2889 Paris.
1195 2844 1354 2888 Vienn.
1371 2845 1578 2889 Norimb.
1605 2846 1706 2890 Ate.
1733 2847 1934 2894 Rhenau.

1041 2903 1204 2959 (1533.)
1235 2901 1335 2946 ΑΜ.
1361 2918 1456 2963 sqq.
1489 2901 1546 2945 cf.
1575 2904 1660 2955 An.
1692 2906 1728 2955 1,
1753 2905 1823 2956 32.
1851 2921 1934 2949 nu-

1040 2959 1222 3004 merum
1256 2962 1591 3016 adaequarent.
1655 2962 1742 3005 An.
1771 2965 1833 3013 15,
1862 2965 1930 3007 19.

1039 3022 1183 3070 longa
1202 3025 1399 3071 patrum
1427 3025 1536 3059 vota
1569 3029 1756 3072 repenle
1793 3015 1930 3064 adrie-

1042 3084 1226 3132 φωνεῖ.
1282 3073 1412 3118 Caes.
1427 3074 1551 3127 B.G.
1566 3076 1654 3126 5‚8‚
1683 3080 1932 3133 longarum

1037 3134 1230 3175 navium
1244 3145 1424 3180 cursum
1439 3129 1792 3189 adaeqtchrunss
1811 3137 1853 3188 6,
1864 3139 1930 3182 ῙΞ.

1038 3203 1149 3246 quos
1174 3191 1298 3244 quod
1319 3192 1589 3245 adaequare
1610 3196 1737 3244 apud
1764 3193 1931 3246 Caesa-

1036 3262 1135 3290 rem
1147 3248 1301 3300 gratia
1311 3248 1939 3305 intelligebatum—aequare·

1037 3303 1136 3348 edd.
1153 3301 1184 3344 S
1219 3302 1273 3346 ir.
1292 3303 1423 3346 Kath.
1449 3305 1549 3346 Put.
1574 3304 1641 3348 M.
1661 3315 1702 3348 et
1715 3305 1772 3348 V.
1792 3307 1930 3366 Pogg.

1038 3361 1132 3403 Rha
1167 3392 1176 3402 .
1189 3317 1374 3403 ¹ll‘Ionac.
1390 3361 1596 3410 Beroald.
1611 3361 1753 3405 Rben.
1770 3364 1931 3423 (1519.)

1041 3418 1099 3463 ef.
1174 3434 1217 3470 η.
1254 3419 1290 3467 1,
1321 3418 1362 3466 9.
1397 3434 1484 3473 quo
1519 3420 1762 3463 Valerium
1798 3424 1930 3469 Coro.

1044 3482 1089 3518 ct,
1127 3476 1175 3518 C.
1210 3473 1415 3522 Mat-ium
1454 3477 1599 3522 simul
1632 3490 1933 3534 aequaverat.

81 3536 264 3577 idoneos
296 3541 339 3575 et
368 3533 531 3579 secreti
561 3533 658 3575 eius
685 3532 847 3576 socios.
909 3532 974 3575 lta
1045 3531 1303 3591 Utrumque
1329 3531 1605 3591 igitur'recte
1628 3534 1713 3580 diei
1736 3546 1897 3595 potest,
