2150 4022
507 229 518 237 ’
542 205 702 277 ΠῘΑ
717 210 847 276 LO
864 219 1060 280 GUS.
1129 217 1267 277 *CA
1281 219 1348 280 P.
1383 215 1488 278 34.

97 348 379 419 dixerim,
408 366 690 423 pugnare
724 347 791 404 in
827 347 1056 422 proelio
1094 349 1359 408 disceret.

1813 218 1938 280 368

1438 347 1690 421 magmis
1730 368 1797 405 ex
1827 346 1942 409 hoc

95 432 270 505 usus,
309 434 565 492 multum
594 433 986 502 constantiae,
1034 433 1359 507 plurimum
1379 430 1591 489 'iudicii
1623 431 1939 492 iuvenibus
2018 428 2024 433 ’

96 521 292 578 stati-m
345 518 721 591 contingebat
775 519 841 573 in
899 518 1092 574 media
1145 518 1275 591 luce
1334 518 1706 574 studentibus
1764 531 1940 596 atque

97 607 255 664 inter
285 606 413 680 ipsa
450 603 822 672 discrimina,
870 603 976 659 ubi
1011 622 1184 658 nemo
1222 603 1465 676 impune
1510 603 1684 659 stulte
1715 604 1942 682 aliquid

95 703 200 749 aut
231 689 522 748 contrarie
547 688 719 757 dicit,
773 708 890 764 quo
931 688 1129 743 minus
1166 698 1220 743 et
1260 687 1434 744 iudex
1471 700 1706 762 respuat
1742 700 1801 747 et
1822 688 1942 749 ad:-

97 776 390 834 versarius
420 775 760 848 exprobret,
809 771 926 847 'ipsi
953 772 1209 848 denique
1235 771 1506 828 advocati
1532 771 1940 847 aspernentur.
1987 771 1995 777 '¹

99 861 287 935 Igitur
310 879 450 917 vera
476 858 668 916 statim
698 869 754 914 et
779 857 1120 931 incorrupta
1148 856 1485 933 eloquentia
1510 857 1940 917 inbuebantur:

99 958 182 1016 et,
236 965 572 1023 quanquam
609 963 795 1000 unum
836 953 1246 1018 sequerentur,
1310 953 1506 997 tamen
1543 962 1744 999 omnes
1787 946 1944 1003 eius-

100 1033 235 1090 dem
286 1029 490 1087 aetatis
536 1040 815 1104 patronos
864 1028 930 1082 in
976 1026 1249 1101 plurimis
1290 1037 1346 1082 et
1386 1026 1572 1082 causis
1611 1038 1667 1083 et
1706 1029 1945 1088 iudiciis

99 1115 551 1190 cognoscebant:
609 1109 1022 1188 habebantque
1056 1113 1241 1187 ipsius
1271 1109 1481 1186 populi
1515 1111 1942 1172 diversissima-

98 1221 232 1259 rum
258 1200 493 1272 aurium
521 1198 748 1274 copiam
764 1243 781 1267 ‚
812 1217 880 1253 ex
904 1217 1019 1273 qua
1044 1197 1212 1253 facile
1235 1190 1772 1271 deprehenderent,
1797 1199 1944 1277 quid

99 1286 166 1342 in
190 1306 426 1362 quoque
448 1284 544 1340 vel
574 1284 924 1358 probaretur
949 1283 1045 1337 vel
1073 1281 1427 1356 displiceret.
1518 1279 1602 1338 Ita
1637 1303 1745 1340 nec
1772 1304 1943 1359 prae-

101 1383 299 1446 ceptor
333 1372 530 1426 deerat
573 1368 829 1442 optimus
873 1367 1112 1443 quidem
1154 1378 1209 1423 et
1250 1366 1668 1438 electissimuS,
1721 1377 1826 1445 qui
1853 1370 1946 1427 fa-

99 1456 249 1512 ciem
288 1453 686 1532 eloquentiae,
754 1472 879 1509 non
919 1452 1233 1525 imaginem
1273 1463 1616 1526 praestaret:
1683 1473 1791 1510 nec
1837 1457 1945 1512 ad·-

98 1540 343 1598 versarii
409 1552 466 1598 et
529 1537 745 1595 aemuli
810 1538 998 1606 ferro,
1076 1556 1201 1593 non
1259 1537 1510 1594 rudibus
1568 1537 1943 1598 dimicantes:

99 1759 215 1804 festo
243 1759 463 1816 pertineat
499 1759 721 1802 dumtaxat
752 1756 806 1799 ad
833 1772 899 1799 vv.
925 1756 989 1798 sic
1057 1757 1205 1800 detur.
1265 1755 1351 1800 Sed
1381 1754 1553 1814 Lipsius
1587 1756 1704 1815 Spir.
1739 1758 1859 1807 libri.
1878 1760 1948 1805 le-

101 1819 321 1868 dixerim,
346 1832 441 1858 non
464 1816 518 1858 ad
545 1817 820 1866 v.diseeret;
850 1824 985 1856 nemo
1058 1814 1256 1857 ctionem
1281 1813 1506 1857 revocavit
1529 1822 1570 1857 et
1593 1829 1750 1861 omnes
1771 1821 1947 1876 sequuti

101 1884 250 1918 autem
276 1874 335 1917 ita
363 1873 603 1916 scriberet:
642 1875 710 1915 ita
745 1880 795 1913 ut
827 1874 986 1913 altere.
1056 1881 1174 1914 sunt.

103 1948 145 1988 q.
191 1934 422 1984 exciperet
470 1938 516 1972 et
565 1933 681 1983 ίαν-ὸν.
733 1929 987 1978 interesset,

93 2003 305 2044 pugnare
327 1990 375 2030 in
389 1990 571 2041 proelio
595 1988 808 2029 disceret.
823 1985 850 2001 ''
904 1985 986 2028 Ce-

101 2050 255 2090 terum'
286 2046 358 2088 ed.
392 2044 511 2102 Spir.
557 2059 638 2101 pro
680 2050 819 2098 utque
858 2041 989 2084 habet

101 2113 262 2165 utquf,
294 2111 336 2146 et
358 2102 517 2145 deinde
541 2117 622 2160 pro
645 2102 841 2143 disceret
863 2099 989 2142 Rhe-

104 2177 208 2203 nan.
233 2168 276 2203 et
295 2159 398 2204 Ald.
432 2159 636 2203 exhibent
665 2158 860 2199 discere.
919 2157 989 2199 De

102 2215 325 2275 vocabulo
362 2231 580 2270 pugnare
620 2215 805 2274 aliisque
846 2215 899 2257 ad
945 2214 987 2256 id

104 2289 244 2333 genus
274 2275 597 2331 pertinentibus
630 2272 737 2315 dixit
764 2271 991 2328 Spalding.

106 2331 159 2374 ad
187 2331 347 2386 Quint.
374 2332 480 2373 lnst.
507 2347 573 2375 or.
600 2331 669 2378 10,
698 2333 736 2377 1,
761 2328 856 2372 121.
879 2328 984 2371 coll.

105 2396 200 2431 not.
225 2389 278 2431 ad
301 2387 340 2439 5,
367 2387 432 2442 13,
460 2388 527 2430 59.

164 2501 368 2541 magnus
423 2503 484 2530 ex
531 2489 614 2528 hoc
664 2500 789 2527 usus.
872 2484 988 2527 Edd.

106 2545 223 2603 Spir.
247 2547 346 2588 Pnt.
369 2544 470 2589 Riv.
494 2545 597 2586 Ber.
619 2544 715 2587 Alc.
739 2557 963 2597 magnos.
979 2572 991 2585 .

107 2618 245 2658 usu-5,
294 2605 405 2657 [non
429 2605 637 2655 magnis,
681 2609 729 2642 ut
753 2601 868 2658 apud
893 2600 991 2641 Ru-

106 2669 218 2718 pert.
242 2663 344 2715 estJ.
407 2660 646 2702 Bhenanus
669 2658 831 2711 edidit,
869 2658 992 2715 quod

107 2734 228 2761 nunc
251 2720 466 2775 vulgatur.

165 2820 467 2860 constantine.
553 2815 887 2864 Constantiam,
938 2814 992 2859 de

110 2889 195 2935 qua
242 2891 346 2918 voce
388 2874 537 2932 Spald.
586 2875 639 2917 ad
681 2873 841 2930 Quint.
885 2872 992 2914 lnst.

111 2948 179 2974 or.
206 2935 242 2974 1.
271 2948 338 2989 pr.
369 2936 395 2986 §
417 2932 487 2974 27.
521 2948 615 2974 non
649 2933 751 2974 satis
788 2929 995 2973 distincte

113 2989 372 3046 disputavit,
407 2988 602 3046 intellige
628 3005 724 3032 eam
752 2987 992 3044 ingenitam

112 3045 235 3104 quasi
268 3046 608 3094 fortitudinem,
647 3061 780 3103 quam
815 3054 988 3086 nostra-

112 3112 176 3148 tes
203 3102 357 3146 dicunt
383 3103 685 3157 Dreistigke'it
704 3135 715 3155 ,
759 3112 806 3144 ut
841 3118 886 3144 ex
919 3101 994 3142 lu-

111 3160 213 3204 stin.
241 3164 276 3208 1,
300 3162 338 3206 5.
375 3160 520 3206 Valer.
546 3161 662 3202 Max.
687 3161 727 3209 3,
755 3165 791 3207 1,
812 3160 854 3201 2.
889 3159 995 3201 Sue-

112 3224 206 3260 ton.
228 3217 334 3260 Ner.
367 3234 403 3260 c.
428 3219 470 3258 7.
499 3218 612 3259 bene
639 3217 793 3261 docuit
815 3217 995 3273 Sarpius

113 3275 316 3320 Analect.
343 3291 386 3332 p.
416 3276 478 3318 12.

171 3373 258 3413 quo
291 3359 445 3400 minus
479 3366 522 3399 et
554 3357 711 3409 iudex.
770 3357 852 3400 Ed.
877 3355 995 3413 Spir-

110 3410 140 3471 (J
162 3418 314 3458 minus
334 3423 377 3457 et
396 3418 565 3466 index,-
592 3412 695 3458 edd.
713 3414 814 3456 Put.
836 3422 879 3456 et
898 3428 994 3470 sqq.

116 3472 170 3514 ad
206 3470 402 3530 Lipsium
439 3477 560 3528 quod
597 3479 640 3513 et
678 3474 846 3526 iudex,
903 3487 995 3513 non

117 3545 204 3586 quo
224 3537 269 3571 et
295 3530 412 3579 iud..
441 3538 491 3573 ut
514 3528 690 3573 Dronk.
716 3529 913 3574 indicare
935 3527 995 3574 vi·

1114 1957 1259 2011 ipsius
1314 1944 1479 2009 μὀριιῖί
1531 1962 1617 1998 etc.
1717 1957 1945 2030 Rudolph.

1061 2011 1275 2075 Agricola
1300 2014 1507 2068 copulam
1535 2012 1702 2056 addidit
1717 2021 1878 2072 populz
1903 2027 1948 2062 et

1059 2073 1150 2113 div.
1174 2085 1278 2113 aur.
1303 2071 1480 2124 copiam
1496 2103 1507 2121 ,
1547 2077 1595 2112 ut
1621 2073 1868 2129 genitivum
1896 2080 1946 2121 ex

1060 2128 1255 2186 genitivo
1297 2129 1563 2184 pendentem
1603 2131 1784 2182 vitaret3
1835 2148 1949 2176 ean-

1061 2186 1163 2227 dem
1197 2185 1253 2226 ob
1283 2201 1459 2226 causam
1486 2185 1658 2243 Lipsius
1682 2186 1820 2231 fuisse
1842 2205 1948 2234 cre·

1062 2243 1126 2285 dit
1159 2243 1322 2296 populi
1359 2242 1389 2282 i.
1437 2244 1560 2294 (nota
1607 2243 1710 2286 satis
1750 2247 1946 2304 vulgaris

1062 2315 1145 2357 pro
1173 2299 1220 2340 id
1244 2301 1329 2351 est)
1354 2299 1443 2342 div.
1468 2314 1570 2342 aur.
1590 2317 1684 2356 cop.
1743 2302 1830 2346 Sed
1854 2321 1948 2350 non

1064 2373 1241 2401 neeesse
1254 2366 1319 2398 est
1332 2357 1540 2413 corrigas,
1553 2359 1671 2414 quod
1686 2358 1794 2402 velo
1829 2358 1948 2407 timis

1064 2413 1357 2470 scriptoribus
1399 2413 1609 2456 excidisse
1652 2424 1778 2458 osten
1815 2430 1949 2465 erunt

1062 2481 1236 2528 praeter
1256 2469 1376 2513 viros
1400 2470 1680 2514 doctissimos
1704 2474 1948 2521 aDronlzio

1063 2528 1264 2570 laudatos
1297 2526 1421 2569 Cori.
1459 2529 1510 2569 ad
1548 2528 1653 2572 Sall.
1689 2528 1782 2575 Cat.
1809 2533 1879 2584 23,
1903 2539 1947 2579 4.
1976 2555 1978 2559 ·

1065 2585 1208 2628 Beier.
1246 2584 1298 2627 ad
1334 2584 1429 2627 Cic.
1464 2584 1551 2628 Off.
1591 2585 1692 2630 Vol.
1718 2588 1777 2631 ll.
1808 2606 1852 2648 p.
1875 2591 1947 2638 47.

1062 2642 1162 2685 406.
1217 2640 1442 2684 Goerenz.
1487 2643 1542 2684 ad
1587 2645 1679 2688 Cic.
1730 2648 1867 2691 Acad.
1902 2651 1946 2696 2.

1066 2716 1107 2755 p,
1146 2699 1243 2742 166.
1291 2699 1343 2740 de
1387 2699 1487 2742 Fin.
1530 2716 1574 2757 p.
1616 2701 1714 2744 192.
1788 2705 1949 2750 Cicero

1064 2765 1209 2798 autem
1237 2756 1582 2808 substantimtii,
1623 2774 1672 2800 ex
1695 2776 1784 2818 quo
1817 2764 1946 2821 geni-

1065 2813 1147 2859 tivi
1170 2814 1394 2871 pendent,
1425 2814 1486 2856 eis
1507 2814 1797 2874 interponere
1817 2821 1947 2867 solet.

1122 2915 1541 2980 deprehenderent.
1573 2915 1649 2960 Sic
1661 2901 1794 2963 MSS.
1809 2920 1946 2981 Neap.

1067 2971 1240 3014 Vatice.
1265 2971 1364 3013 edd.
1386 2971 1563 3016 Broter.
1593 2973 1770 3018 Ernest.
1808 2988 1850 3021 et
1882 2996 1952 3022 re·

1066 3031 1301 3072 centiores.
1333 3037 1389 3060 ‘—
1434 3030 1502 3072 ed.
1535 3030 1655 3089 Spir.
1690 3037 1950 3085 deprehen-

1065 3087 1198 3127 dent*
1233 3108 1288 3117 —
1332 3085 1434 3129 edd.
1461 3087 1564 3132 Put.
1588 3088 1690 3133 Riv.
1713 3091 1814 3133 Ber.
1844 3094 1948 3138 Alc.

1066 3146 1531 3196 depraehendebatur
1569 3169 1624 3178 -
1675 3148 1774 3191 edd.
1807 3149 1950 3196 Rhen-

1068 3208 1111 3241 et
1133 3216 1229 3256 sqq.
1255 3200 1307 3242 ad
1332 3201 1510 3245 Broter.
1535 3219 1674 3257 usque
1695 3208 1951 3258 deprehen·-

1066 3260 1279 3302 debatur.
1374 3257 1475 3300 Non
1529 3261 1664 3316 igitur
1720 3278 1832 3320 opus
1886 3276 1952 3309 est

1068 3314 1240 3358 Osanni
1280 3315 1538 3359 coniectura
1579 3322 1953 3372 deprehendere-

1065 3379 1160 3414 tur.
1216 3395 1271 3404 —
1341 3373 1516 3417 Deinde
1550 3376 1595 3416 in
1631 3375 1700 3419 ed.
1736 3376 1852 3436 Spir.
1886 3391 1952 3426 est

1065 3447 1135 3504 ad
1156 3459 1238 3500 pro
1266 3446 1389 3500 quid.

1114 3526 1276 3586 sere-o,
1320 3542 1414 3572 non
1448 3531 1634 3577 rudibus
1665 3534 1953 3586 dimicantes.
