2150 4022
232 252 239 274 ²
303 275 551 339 mnu
596 272 918 340 Aoum.
961 273 1196 361 vrrA
1239 275 1437 339 CAP.
1469 276 1569 335 234
1603 266 1708 346 2⁴4,

1812 280 1928 339 161
1979 310 1981 313 ·

81 409 260 469 minis
301 406 487 481 gloria
527 416 861 480 pateretur,
919 404 1196 461 inventus
1226 406 1290 461 in
1318 407 1442 481 ipsa
1469 404 1780 472 Britannia
1812 419 1932 464 ter-

80 494 294 551 minus,

377 511 518 549 nam
544 489 712 548 Clota
764 501 820 546 et
845 487 1163 559 Bodotria,
1220 491 1440 547 diversi
1474 493 1653 548 maris
1678 494 1933 551 aestibus

79 598 186 654 per
219 578 556 633 inmensum
593 586 888 643 revectae,
945 585 1194 646 angusto
1235 587 1527 633 terrarum
1566 579 1754 653 spatio
1781 581 1932 636 diri-

77 674 341 721 muntur.

428 662 590 738 quod
617 672 744 718 tum
770 659 1079 735 praesidiis
1112 659 1486 717 firmabatur:
1533 675 1707 739 atque
1737 667 1931 723 omnis
1967 661 1971 665 ’

77 747 324 823 propior
352 746 519 804 sinus
549 746 887 814 tenebatur,
941 745 1247 802 summotis
1275 746 1439 802 velut
1465 747 1530 802 in
1558 750 1733 806 aliam
1765 751 1932 808 insu-

74 833 197 894 lam
220 827 508 892 hostibus.

246 915 472 977 XXIV.
535 915 763 989 Quinto
821 915 1263 990 expeditionum
1321 934 1478 972 anno
1535 937 1684 975 nave
1739 923 1930 995 prima

75 1096 318 1139 gnoscere,
349 1080 583 1133 ordinare,
606 1081 869 1138 disponere,
896 1079 968 1121 alii

77 1139 295 1196 denique,
325 1147 375 1181 ut
390 1138 637 1189 Boxhorn.,
664 1147 811 1181 totum
837 1152 967 1180 suum

73 1195 224 1240 facere
276 1205 320 1241 et
375 1196 564 1239 omnino
613 1197 660 1239 in
705 1203 967 1253 potestatem

75 1269 204 1298 suam
254 1254 460 1310 redigere
481 1287 493 1304 ,
563 1254 820 1295 mirandum
873 1267 967 1293 non

75 1318 198 1361 erat,
250 1311 502 1353 Barclaium
541 1310 830 1353 scribendum
863 1325 966 1351 sua-

62 1367 183 1419 'sisse
209 1370 565 1422 percurrendis,
607 1382 723 1421 quae
760 1368 967 1409 obtinue-

71 1431 167 1477 rat,
195 1427 448 1480 absumpta.
512 1425 731 1468 Obtinere
751 1433 837 1466 este
868 1440 966 1482 per·

73 1497 272 1525 severare
304 1482 353 1525 in
387 1482 608 1533 tenendo,
646 1489 851 1524 nostrum
889 1484 967 1523 be·-

74 1541 308 1595 Izoupten,
369 1541 416 1582 in
471 1542 746 1582 dauernden
798 1539 966 1584 Besitz

73 1599 290 1650 nehmen.
354 1597 413 1641 cf.
439 1597 558 1640 infra
582 1614 622 1640 c.
643 1597 715 1639 24.
744 1596 971 1638 debellari

75 1654 366 1709 obtinerique
387 1654 665 1697 Hiberniam
680 1669 843 1708 posse;
874 1654 964 1696 An.

77 1711 145 1762 15,
168 1712 211 1755 8.
239 1713 501 1767 longinquis
523 1712 760 1753 itineribus
775 1726 968 1765 percur-

78 1773 258 1818 sando,
309 1784 430 1824 quae
460 1770 662 1811 obtineri
685 1770 968 1824 nequibant,-

73 1826 184 1870 ibid.
214 1824 278 1878 13,
300 1826 370 1869 34.
404 1828 531 1868 incer
550 1826 754 1868 Parthos
784 1827 969 1868 Roma-

67 1898 250 1940 nosque
268 1887 326 1926 de
348 1885 595 1930 obtae'nenda
619 1885 849 1926 Armenia
872 1885 969 1924 bel-

73 1944 174 1983 lum
201 1944 374 1984 acriter
398 1942 614 1983 sumitur.
648 1968 707 1976 -
764 1940 966 1982 Percur-

74 2005 237 2050 τεκαὶ.
266 1999 374 2043 cum
421 1997 638 2040 Rhenano
703 1997 806 2041 edd.
865 2012 966 2064 sqq.

80 2071 324 2106 omnesffl-
346 2062 683 2110 praecurrerat
717 2054 816 2097 edd.
853 2063 965 2097 anti·

72 2129 186 2172 quae
231 2123 335 2158 ante
369 2113 512 2156 Rhen.
578 2111 701 2155 Haec
741 2113 965 2170 scriptura

71 2170 318 2228 antiquitus
343 2171 503 2213 tradita
531 2169 711 2214 defendi
739 2185 869 2227 posse
894 2169 966 2214 vi·-

75 2228 228 2279 detur,
273 2228 309 2271 si
349 2240 658 2283 praecurrere
697 2227 869 2275 dictum
903 2235 967 2274 est

73 2301 157 2344 pro
187 2294 595 2340 praetercurrere,
643 2293 692 2327 ut
727 2285 815 2327 An.
849 2285 890 2336 2,
921 2284 965 2326 6.

71 2358 168 2399 qua
199 2343 511 2386 Germaniam
537 2343 856 2398 praeuehitur.
902 2341 963 2384 cf.

73 2407 171 2444 not.
196 2399 251 2444 ad
272 2400 361 2444 An.
384 2401 416 2443 l.
443 2400 473 2442 l.
498 2409 542 2442 et
564 2400 670 2444 add.
695 2399 806 2442 Hist.
833 2402 872 2450 5,
894 2399 964 2442 23.

72 2458 224 2526 Agric.
250 2473 292 2505 c.
311 2457 386 2500 28.
418 2457 571 2500 Horat.
597 2455 748 2499 Carm.
773 2455 815 2504 4,
831 2458 870 2505 3,
886 2459 956 2500 10.

71 2514 298 2562 Nimirum
347 2514 560 2570 Agricola
619 2530 700 2571 per
761 2513 963 2570 priorem

71 2580 279 2615 aestatem
302 2571 452 2621 hostes
474 2571 696 2628 fugientes
719 2586 963 2628 persequu-

69 2637 143 2672 tus
168 2638 450 2685 percurrerat
476 2629 656 2686 quidem
689 2643 843 2673 earum
880 2643 964 2675 na·-

70 2687 247 2730 tionum
275 2685 410 2734 fines,
434 2701 582 2742 neque
607 2694 756 2728 tamen
781 2685 966 2727 creden-

76 2744 187 2786 dum
213 2751 302 2792 est,
336 2755 650 2801 quemcunque
672 2743 888 2799 angulum
910 2743 964 2784 ab

72 2816 127 2844 eo
149 2801 385 2848 subactum
407 2816 526 2849 esse,
556 2803 698 2844 immo
722 2816 826 2843 eum
847 2799 963 2842 haud

72 2874 252 2917 parv-am
303 2867 478 2915 ⁴partem
523 2857 824 2916 praecurrisse
870 2856 963 2899 veri

71 2924 136 2960 est
166 2915 468 2960 simillimum.
526 2917 612 2958 iam
639 2931 744 2957 vero
769 2932 816 2957 ea
840 2930 964 2971 prae·

70 2973 193 3016 sidiis
223 2972 402 3016 firmare
433 2981 472 3016 et
507 2973 554 3015 in
580 2972 836 3030 provinciae
861 2971 962 3014 for-

71 3046 192 3081 mam
216 3030 415 3087 redigere
446 3029 648 3073 debebat.
709 3029 797 3073 Sed
821 3045 961 3087 quum

66 3103 185 3143 prae
222 3095 264 3129 et
297 3102 386 3141 per
422 3087 761 3131 confundantur
793 3088 961 3144 saepis-

72 3145 183 3187 sime
209 3143 284 3198 (cf.
300 3147 385 3188 An.
400 3145 439 3195 4,
453 3145 520 3187 37.
540 3145 606 3194 14,
626 3143 696 3187 54.
727 3146 790 3195 15,
807 3145 873 3188 15.
888 3144 960 3186 64.

71 3201 184 3245 Hist.
211 3206 250 3252 1‘,
272 3202 342 3244 29.
367 3203 437 3245 84.
471 3203 513 3250 2,
535 3202 620 3254 4.),
661 3203 811 3245 malim
836 3202 960 3245 Rhe-

71 3259 187 3357 naxclil
201 3259 771 3359 qorrecgipnenrffnsrsecipepe.
898 3317 939 3358 ld

148 3332 284 3364 Aoo,
353 3334 428 3360 etc
597 3347 609 3358 .
683 3331 894 3359 amc-e(
949 3348 960 3358 .

72 3374 175 3416 Put.
197 3390 266 3430 pr.
279 3373 470 3418 Mediot.
489 3373 667 3415 Ven.-
697 3374 840 3416 Glota
861 3375 963 3416 edd.

73 3430 174 3473 Riv.
204 3430 412 3477 Beroald.
438 3431 539 3474 Alc.
566 3429 708 3472 Rhen.
734 3430 840 3475 Ald.
864 3447 962 3488 sqq.

73 3487 280 3532 Priorem
307 3488 533 3531 scribendi
564 3488 809 3539 rationum,
850 3504 962 3546 quae

75 3545 190 3601 apud
235 3544 542 3588 Ptolemaeum
592 3560 774 3602 quoque
826 3553 963 3589 exstat

74 3597 302 3658 (Κλώτα),
333 3602 525 3646 restituit
546 3602 793 3645 Broterius.
826 3604 828 3606 ’

160 3668 407 3719 ΤΑοιτυε
463 3667 558 3718 IV.

1098 1079 1279 1121 diversi
1318 1082 1470 1122 moris
1512 1085 1716 1126 aestibus
1756 1088 1806 1128 in
1853 1088 1926 1129 in·
1960 1078 1964 1081 ⁵

1042 1150 1257 1178 mensum
1279 1145 1506 1180 revectae.
1567 1142 1742 1184 diversi
1761 1149 1920 1188 maris·

1039 1209 1124 1252 pro
1150 1208 1240 1249 quo
1262 1193 1310 1237 in
1332 1195 1549 1243 MS.,Vat.
1565 1195 1692 1241 3429.
1713 1180 1931 1259 scriptuni

1041 1259 1106 1292 est
1132 1251 1326 1294 diversis
1347 1268 1394 1292 m
1414 1284 1427 1300 ,
1459 1254 1566 1310 quid
1591 1256 1660 1302 sit,
1692 1260 1932 1314 explicavi-

1040 1324 1140 1350 mus
1154 1307 1208 1350 ad
1222 1308 1310 1351 An.
1325 1310 1365 1358 2,
1382 1313 1448 1362 1¹0.
1466 1320 1507 1353 et
1522 1328 1654 1368 supra
1671 1314 1723 1356 ad
1750 1331 1787 1359 c.
1805 1319 1932 1359 11.—

1040 1365 1130 1408 Pro
1162 1368 1394 1418 aestibus,
1444 1368 1566 1423 quod
1600 1369 1829 1417 firmatum
1868 1386 1933 1421 est

1039 1422 1176 1466 MSS.
1202 1431 1246 1464 et
1278 1433 1383 1467 vett.
1416 1425 1517 1472 edd.
1550 1428 1842 1482 testimoniis,
1883 1434 1931 1478 in

1039 1480 1106 1522 ed.
1133 1479 1334 1523 Rhenani
1361 1498 1631 1539 operarum,
1663 1495 1710 1527 ut
1736 1487 1930 1544 videtur,

1037 1538 1149 1589 vitio
1182 1552 1435 1594 expressum
1473 1549 1538 1583 est
1574 1551 1759 1594 aestus,
1809 1551 1930 1604 quod

1038 1594 1231 1638 correxit
1279 1595 1453 1653 Lipsius
1505 1597 1551 1639 in
1603 1611 1752 1645 aestu.
1842 1606 1930 1650 Sed

1037 1660 1157 1695 recte
1179 1660 1378 1695 veterem
1414 1655 1680 1711 scripturam
1713 1663 1950 1718 reposue-'

1038 1717 1147 1752 runt
1169 1707 1348 1753 Broter.
1376 1727 1471 1768 sqq.
1510 1737 1567 1746 —-
1626 1726 1836 1761 revectae
1856 1721 1931 1769 de-

1040 1767 1200 1823 nique,
1231 1768 1351 1865 qllzlod
1379 1778 1514 1811 exstat
1539 1770 1583 1813 in
1603 1771 1738 1816 MSS.
1764 1784 1806 1818 et
1830 1778 1930 1822 edd.

1041 1832 1144 1867 vett.
1170 1823 1225 1867 ad
1292 1823 1516 1868 benanum
1554 1844 1722 1886 usque,
1763 1834 1817 1876 ab
1842 1834 1932 1879 hoe

1042 1888 1297 1924 correctum
1323 1891 1389 1924 est
1411 1883 1458 1925 in
1482 1887 1681 1935 revecti,
1714 1891 1817 1946 quia
1837 1892 1931 1934 ›Bo-

1040 1938 1232 1980 dotriam
1259 1946 1301 1980 et
1323 1937 1499 1982 Clotam
1533 1940 1810 2003 intelligebat
1841 1949 1929 1992 flu-

1039 1996 1138 2044 vios
1177 1995 1345 2052 impetu
1382 1998 1519 2041 maris
1559 2003 1762 2058 repulsos
1802 2007 1929 2063 quasi

1038 2068 1090 2095 ac
1113 2060 1234 2095 retro
1258 2061 1401 2098 actos.
1461 2055 1585 2099 Bene
1610 2076 1713 2103 vero
1746 2065 1922 2106 restitu-

1038 2117 1137 2152 tum
1169 2119 1233 2153 est
1267 2125 1290 2152 a
1318 2110 1530 2156 Broterio
1565 2131 1663 2173 sqq.
1689 2115 1931 2173 rebeccae,-

1038 2183 1140 2210 nam
1176 2169 1390 2211 aestuaria
1424 2169 1498 2212 illa
1530 2186 1668 2231 aquas
1703 2178 1931 2235 accipiunt

1039 2240 1063 2268 e
1102 2234 1221 2268 terra
1267 2226 1565 2281 profluentes3
1628 2234 1763 2275 maris
1796 2244 1929 2279 vaestu

1037 2281 1335 2340 prohibentur
1387 2300 1484 2336 eae,
1540 2303 1630 2343 quo
1679 2290 1831 2335 minus
1881 2295 1927 2336 in

1039 2339 1279 2383 Oceanum
1340 2357 1386 2384 se
1452 2344 1710 2398 effundant,
1782 2349 1927 2393 immo

1036 2396 1319 2464 repelluntur
1352 2407 1393 2440 et
1426 2399 1473 2442 in
1500 2403 1811 2448 continentem
1841 2415 1926 2450 ter·

1037 2471 1132 2505 ram
1155 2469 1202 2496 se
1227 2465 1470 2499 msmuant.

1094 2511 1248 2553 omnis
1298 2515 1491 2566 propior
1537 2516 1679 2559 sinus.
1762 2518 1929 2563 Sinum

1034 2568 1239 2627 plerique
1273 2567 1488 2613 Passovio
1523 2574 1578 2614 ad
1613 2572 1766 2618 Germ.
1810 2593 1848 2621 c.
1885 2582 1926 2623 1.

1037 2634 1222 2669 auctore
1247 2625 1502 2684 intelligunt
1524 2638 1683 2674 terrae
1702 2632 1800 2677 sive
1826 2643 1926 2677 ter-

1037 2697 1220 2725 rarum.
1287 2681 1562 2728 Watchius:
1615 2693 1699 2732 des
1737 2691 1932 2736 Laudes

1036 2742 1218 2781 nither-e
1269 2741 1613 2798 Angrenzung,
1679 2749 1798 2803 quod
1859 2751 1926 2792 vix

1038 2796 1249 2853 cuiquam
1272 2798 1476 2854 placebit.
1529 2801 1788 2848 consultius
1810 2806 1927 2852 duco

1036 2855 1186 2896 sinum
1206 2853 1454 2910 intelligere
1476 2860 1635 2909 maris,
1667 2862 1743 2919 qui
1766 2863 1819 2905 ab
1836 2879 1929 2907 uno

1036 2911 1172 2954 latere
1210 2926 1288 2968 per
1324 2912 1523 2966 Clotam,
1581 2918 1634 2959 ab
1667 2918 1810 2963 altero
1847 2937 1928 2979 per

1033 2969 1296 3012 Bodotriam
1335 2969 1542 3016 efficitur.
1619 2975 1785 3019 Omnis
1809 2994 1925 3032 pro-

1029 3027 1142 3080 pior
1184 3027 1315 3068 sinus
1357 3025 1562 3087 intelligo
1606 3034 1802 3090 positum
1843 3052 1926 3093 pro

1023 3082 1246 3126 vomnibus
1279 3083 1440 3127 isthmo
1478 3089 1768 3146 propioribus
1803 3092 1927 3136 sinus

1033 3141 1259 3199 partibus,
1317 3157 1428 3198 quae
1471 3149 1769 3200 tenebantur,
1833 3166 1926 3192 non

1034 3199 1243 3248 navibus,
1274 3199 1349 3241 sed
1373 3202 1599 3256 praesidiis
1619 3203 1665 3247 in
1693 3220 1771 3247 ora
1803 3198 1923 3264 posi·

1035 3256 1104 3298 tis.
1183 3254 1344 3310 quibus
1403 3267 1585 3302 cautum
1640 3262 1798 3311 ibant,
1868 3280 1926 3306 ne

1033 3312 1247 3356 aestuaria
1301 3311 1413 3357 loeis
1474 3317 1807 3374 augustioribus
1868 3322 1924 3364 ab

1037 3370 1237 3413 hostibus
1258 3383 1595 3427 superarentur.

1095 3428 1210 3469 CAP.
1250 3428 1321 3471 24.
1396 3445 1517 3472 naue
1549 3434 1716 3486 prima
1754 3443 1923 3477 trans-

1033 3498 1236 3540 gressus.
1297 3485 1373 3530 Sic
1401 3487 1501 3529 libri
1527 3504 1700 3533 omnes.
1758 3491 1808 3534 In
1845 3508 1922 3535 ex-

1033 3541 1251 3609 plicandis
1276 3549 1425 3586 tamen
1450 3545 1598 3589 verbis
1624 3546 1782 3590 diversi
1819 3559 1921 3593 sunt

1035 3607 1314 3658 interpretes.
1374 3600 1495 3652 Atii,
1524 3611 1571 3645 ut
1586 3603 1761 3653 Broter.
1777 3605 1923 3650 Ober-

1263 3660 1313 3716 L
