2150 4022
1888 0 1902 19 ⁸
1964 0 2150 87 Ἢ

1931 44 1950 55 s

1985 66 2014 85 ἱ
2125 75 2139 87 x

1996 101 2002 118 Ι

1969 140 1977 160 Ἰ
2137 139 2139 141 ,

173 290 293 349 138
388 286 630 362 luml
675 260 996 348 Aemo.
1041 284 1280 346 vim
1319 238 1659 352 mrsu.
1699 291 1794 349 13.

165 419 371 478 tannia
428 437 642 476 aurum
697 427 755 473 et
804 427 1112 491 argentum
1163 428 1219 474 et
1271 416 1386 474 alia
1428 414 1697 488 metalla,
1762 417 2022 493 pretium

163 505 464 575 victoriae.
577 502 764 577 gignit
807 514 864 560 et
898 499 1175 560 Oceanus
1212 502 1525 575 margarita
1541 548 1558 572 ‚
1618 505 1720 560 sed
1735 505 2023 561 -subfusca

165 610 234 648 ac
273 587 537 647 liventia.
625 587 867 663 quidam
903 600 1089 644 artem
1125 587 1323 643 abesse
1364 587 1692 660 legentibus
1724 589 2022 646 arbitran-

162 686 282 736 tur.
356 672 497 729 nam
537 672 601 728 in
636 673 820 729 rubro
854 674 1008 749 mari
1043 673 1176 728 viva
1215 691 1282 728 ac
1317 671 1601 746 spirantia
1640 673 1792 729 saxis
1828 673 2022 742 avelli‚

161 761 230 818 in
266 758 610 827 Britannia,
650 769 829 833 prout
868 758 1104 833 expulsa
1144 757 1292 826 sint,
1335 757 1550 831 colligi.
1651 757 2023 832 ego'facilius

160 844 546 914 crediderim,
595 855 868 900 naturam
893 842 1225 918 margaritis
1251 842 1447 898 deesse
1472 864 1649 920 quam
1671 843 1848 901 nobis
1881 864 2021 901 ava-

160 930 383 990 ritiam.

333 1038 504 1100 XIII.
590 1036 713 1114 Ipsi
764 1037 1042 1096 Britanni
1093 1041 1383 1098 delectum
1433 1060 1500 1096 ac
1549 1039 1770 1096 tributa
1819 1050 1877 1097 et
1925 1039 2020 1096 in-

160 1128 364 1189 iuncta
387 1125 639 1202 ,imperii
674 1145 921 1181 munera
954 1125 1203 1201 impigre
1241 1128 1491 1195 obeunt,
1533 1125 1584 1181 si
1621 1125 1872 1182 iniuriae
1913 1126 2020 1182 ab-

161 1214 308 1271 sint:
353 1209 460 1270 has
491 1210 972 1284 aegretolerant,
1016 1211 1132 1267 iam
1164 1212 1409 1281 domiti,
1451 1222 1520 1268 ut
1543 1221 1820 1286 pareant,
1861 1230 2019 1266 non-

159 1300 339 1369 dum,
363 1308 449 1354 >ut
476 1296 752 1355 serviant.
839 1293 1026 1368 Igitur
1055 1298 1280 1371 primus
1312 1297 1582 1353 omnium
1604 1293 2017 1353 Romanorum

159 1384 335 1442 divus
371 1381 561 1439 Iulius
579 1401 722 1459 'cum
764 1382 1020 1438 exercitu
1053 1380 1427 1439 Britanniam
1465 1382 1789 1454 ingress11S‚
1827 1400 2018 1456 quan-

159 1490 339 1548 quam
371 1486 650 1543 prospera
690 1484 886 1540 pugna
921 1469 1195 1524 terruerit
1229 1469 1452 1547 incolas
1490 1488 1554 1523 ac
1589 1467 1759 1522 litore
1795 1466 2017 1540 potitus

159 1556 263 1625 sit,
320 1563 512 1631 potest
563 1551 755 1606 videri
799 1553 1121 1608 ostendisse
1163 1554 1442 1627 posteriS‚
1515 1572 1638 1607 non
1690 1551 2014 1607 tradidisse.

155 1639 306 1698 Mox
348 1638 505 1695 bella
542 1635 740 1692 civilia
786 1647 843 1693 et
883 1637 947 1691 in
981 1657 1108 1692 rem
1146 1638 1445 1712 publicam
1479 1657 1644 1693 versa
1677 1635 2018 1710 principum

155 1745 350 1794 arma,
405 1743 470 1780 ac
503 1723 678 1794 longa
707 1721 929 1777 oblivio
953 1720 1298 1779 Britanniae
1328 1723 1504 1779 etiam
1537 1722 1600 1776 in
1630 1741 1790 1796 pace.
1873 1741 2017 1778 con-

144 1810 358 1869 ›silium
383 1808 447 1866 id
474 1808 646 1866 divus
672 1799 973 1881 Augustus
1002 1810 1272 1879 vocabat,
1316 1807 1596 1864 Tiberius
1621 1817 2013 1882 praeceptum.

212 2069 391 2110 aarum
430 2071 477 2107 et
511 2069 779 2118 argentum.
839 2061 1047 2106 Consen-

151 2123 208 2170 tit
239 2123 403 2168 Strabo
437 2121 466 2163 4
509 2120 535 2164 5
579 2122 608 2163 2
635 2138 647 2149 ·
702 2127 818 2164 tacet
866 2120 1050 2164 Caesar·
1120 2074 1332 2131 “inqui-lm
1367 2064 1421 2107 ad
1455 2062 1747 2121 primarium’
1789 2061 1845 2105 'd
1878 2060 2012 2104 histo·

1121 2123 1234 2165 riam
1269 2120 1465 2174 insulae,
1505 2122 1667 2164 redire.
1745 2112 1907 2163 Nullus
1938 2118 2013 2163 bic

151 2198 211 2282 pe
243 2190 286 2225 at
299 2179 460 2225 Cicero
491 2179 546 2223 ad
566 2178 660 2221 Ait.
682 2178 726 2227 4,
751 2178 847 2226 16..
881 2177 938 2219 ad
960 2178 1047 2222 div.

207 2316 450 2353 naturam.
476 2335 487 2362 ,ι
551 2305 755 2363 Intellige
813 2313 1046 2355 naturam,

152 2382 267 2425 quae
307 2365 439 2408 bonis
485 2363 739 2421 margaritis
787 2379 880 2406 esse
915 2363 1049 2407 solet.

151 2424 232 2471 Sic
256 2422 415 2467 Germ.
443 2437 486 2466 c.
507 2420 577 2464 45.
604 2423 830 2464 natm-am
860 2422 1047 2465 succini.

210 2506 325 2552 CAP.
354 2505 420 2550 13.
471 2505 658 2560 imperii
677 2519 896 2550 munera.
950 2504 1046 2550 Ati-

150 2566 198 2613 bi
217 2565 383 2610 Noster
403 2563 672 2621 plerumque
691 2562 846 2606 scribit
869 2564 1046 2606 munia.

150 2624 215 2679 cf.
243 2624 332 2667 An.
367 2623 408 2672 4,
431 2620 502 2664 39.
536 2621 610 2664 41.
647 2622 719 2664 50.
763 2621 804 2671 6,
827 2622 868 2664 8.
954 2621 1043 2665 Ce—

149 2690 304 2735 terum
328 2679 515 2734 imperii
529 2679 696 2720 munia
717 2677 885 2736 duplici
912 2695 1041 2721 sensu

151 2738 369 2784 dicuntur
383 2768 396 2787 ,
446 2743 490 2778 et
522 2737 685 2778 munia
713 2737 1046 2790 imperantium

150 2802 203 2840 ut
244 2796 336 2838 An.
370 2795 413 2842 4,
440 2792 539 2844 4l.‚
576 2801 619 2835 et
658 2793 824 2835 munia
854 2794 1047 2846 imperio

148 2852 484 2901 subiectorum,
525 2849 589 2893 uti
615 2849 660 2895 h.
690 2849 720 2893 Ι.
797 2850 927 2906 Quae
958 2851 1046 2892 sint

149 2907 500 2973 provincialium
556 2907 704 2950 officia
756 2907 1045 2964 intelligenda

152 2968 286 3012 docet
310 2965 541 3008 Boudicea
573 2965 690 3022 apud
718 2965 885 3022 Xiphil.
906 2965 974 3015 62,
997 2964 1040 3007 3.

151 3024 356 3068 Verbum
393 3024 555 3063 obeunt
582 3023 819 3080 praecipue
853 3023 906 3066 ad
937 3036 1042 3064 mu-

150 3096 268 3130 nera
288 3080 480 3135 imperii
497 3086 681 3136 spectat.
743 3079 804 3124 cf.
819 3080 910 3123 An.
935 3080 977 3132 6,
1001 3080 1044 3122 8.

152 3142 196 3190 2,
217 3139 290 3182 26.
350 3137 460 3180 nist.
488 3137 525 3184 1,
549 3136 617 3177 77.
651 3137 693 3184 Ξ,
714 3139 783 3180 92.
854 3137 925 3182 Ad
959 3141 1046 3179 de-

149 3199 325 3240 lectum
360 3210 413 3237 ac
445 3194 623 3237 tributa
654 3194 842 3237 verbum
869 3192 1044 3238 ἀνάλο-

151 3268 241 3312 γον
262 3251 484 3319 intelligas
505 3251 638 3293 veluti
660 3253 784 3304 pati,
819 3255 1044 3296 tolerare.

150 3311 374 3355 Iniuncca
406 3325 435 3353 1.
468 3324 514 3365 q.
550 3308 757 3365 imposita
785 3310 871 3351 An.
903 3311 943 3361 4,
975 3310 1045 3354 39.

151 3368 213 3416 cf.
238 3367 346 3410 infr.
373 3383 411 3410 c.
437 3367 504 3409 15.
526 3366 710 3419 iniungi
730 3367 952 3410 delectus.

211 3438 373 3493 igitur.
440 3435 495 3485 H.
528 3450 569 3477 ε.
603 3438 844 3479 demnach.
911 3438 1042 3482 Errat

142 3493 399 3546 'flerteliu'ffi
443 3492 519 3552 qul
548 3491 604 3535 ad
633 3492 676 3536 h.
708 3492 737 3535 l.
772 3493 927 3536 scribit
961 3513 1042 3552 per

152 3567 310 3598 vocem
340 3550 482 3606 igitur
503 3550 794 3609 scriptorem,
829 3551 1041 3595 absolutis

153 3610 208 3661 iis
250 3625 365 3668 quae
395 3608 452 3654 de
473 3608 559 3655 soli
589 3615 746 3652 natura
777 3610 1042 3662 narraverit.

1121 2188 1186 2223 est
1207 2179 1391 2227 reditus,
1423 2180 1498 2222 sed
1525 2177 1804 2221 continuatio
1829 2186 1873 2220 et
1898 2192 2009 2220 con·

1121 2237 1264 2282 elusio
1291 2253 1314 2279 e
1338 2236 1727 2295 praecedentibus.

1171 2324 1368 2376 primus.
1457 2319 1574 2362 Edd.
1618 2321 1802 2379 Bipont.
1849 2321 2007 2380 Engel.

1114 2381 1337 2434 primum,
1363 2395 1411 2421 ex
1424 2377 1545 2420 malo
1561 2379 1829 2423 emendandi
1846 2379 2010 2426 studio.

1176 2462 1388 2505 Tiberius
1418 2470 1740 2515 praeceptum.
1822 2463 1899 2508 Sic
1930 2465 2010 2509 Li·-

1118 2521 1240 2589 psius
1264 2521 1459 2563 coniecit
1485 2519 1722 2578 legendum
1747 2531 1787 2565 et
1812 2521 2007 2567 Ursinus

1118 2579 1236 2622 idem
1265 2580 1377 2622 vidit
1400 2580 1443 2620 in
1475 2596 1556 2622 suo
1581 2580 1753 2622 codice.
1784 2580 2006 2625 *Piebena

1118 2636 1288 2692 recepit
1319 2636 1365 2678 in
1397 2637 1670 2693 marginem,
1704 2637 1875 2695 Berneg
1907 2655 2007 2681 erus

1118 2710 1215 2751 sqq.
1235 2694 1281 2736 in
1308 2701 1581 2736 contextum.
1644 2693 1827 2738 Veteres
1853 2711 1874 2738 e
1910 2695 2007 2740 itio·

1118 2768 1196 2793 nes
1221 2766 1304 2809 pro
1334 2758 1638 2804 praeceptum
1671 2751 1833 2794 habent
1859 2768 2005 2807 proe-

1116 2810 1274 2862 cipue,
1333 2816 1375 2849 et
1421 2807 1660 2851 Rhenanus
1709 2809 2004 2867 interpunxit:

1119 2866 1328 2908 Tiberius
1358 2867 1628 2918 praecipue.
1671 2868 1890 2921 Agitasse
1919 2877 2003 2912 ete.

1116 2922 1323 2965 Priores:
1376 2922 1587 2966 Tiberius
1613 2927 1863 2979 praecipue
1894 2924 2001 2980 ogi-

1117 2988 1256 3023 tasse.
1296 2979 1610 3022 C.Gaesarmn
1638 2989 1724 3024 etc.
1772 2982 2003 3026 Drouktus

1113 3045 1300 3081 testatur
1339 3047 1642 3092 praeceptum
1683 3054 1776 3082 esse
1817 3040 1863 3082 in
1899 3041 2002 3084 MS.

1117 3095 1263 3139 Vatie.
1301 3093 1430 3137 3429.
1532 3095 1700 3139 Contra
1746 3096 2000 3140 Broterius:

1119 3153 1201 3203 „in
1227 3152 1362 3195 MSS.
1390 3150 1558 3198 Vatiec.
1595 3162 1636 3196 et
1666 3152 1766 3198 edd.
1794 3164 1895 3199 vett.
1917 3155 2001 3197 Ti-

1115 3211 1264 3252 berius
1307 3214 1572 3264 praecipue.
1589 3213 1618 3234 ‘'
1718 3211 1822 3255 Utri
1869 3213 2004 3270 igitur

1108 3267 1425 3310 credendum?
1476 3269 1567 3311 Pro
1584 3277 1760 3327 recepta
1783 3270 2001 3327 scriptura

1115 3324 1286 3367 faciunt
1327 3324 1414 3367 loci
1458 3327 1547 3370 An.
1586 3331 1623 3378 1,
1651 3330 1721 3369 11.
1764 3330 2001 3370 coms-alium

1113 3384 1356 3424 coercendi
1386 3384 1511 3425 intra
1544 3387 1768 3427 terminos
1792 3385 1980 3439 imperii
1987 3402 2002 3435 ;

1114 3442 1152 3490 1,
1186 3440 1257 3487 77.
1292 3455 1437 3495 neque
1478 3442 1567 3496 fas
1611 3443 1792 3486 Tiberio
1832 3443 2000 3498 infrin-

1111 3512 1220 3551 gere
1249 3498 1374 3539 dicta
1400 3499 1524 3550 eins;
1568 3501 1610 3550 4,
1634 3499 1705 3543 37.
1731 3501 1812 3555 qui
1838 3503 2000 3544 omnia

1101 3554 1240 3611 facta
1260 3557 1473 3611 dictaque
1505 3557 1605 3601 eius
1636 3559 1729 3605 vioe
1763 3560 1880 3612 legis
1911 3560 1997 3602 ob-

1113 3626 1311 3658 servem.
