2150 4022
1147 0 1197 13 Π
1401 0 1419 11 “
1455 0 1498 7 “““””
1539 2 1555 14 ’ἔ
1571 0 1631 23 ''Rs‘'
1653 0 1792 22 *⁷‘'*'s'*¹;-W⁷'
1811 0 1845 28 ’ᾖ
1858 14 1864 19 ,,
1928 11 1931 17 .

1488 27 1490 30 >
1842 27 1845 34 x
1911 23 1913 33 Ι

1059 134 1092 150 Ne

215 258 333 318 co
589 257 656 318 c,
706 210 1277 318 conminus
1333 254 1765 323 TACITus

245 388 396 446 sidet
419 387 687 445 sacerdos
708 385 991 443 muliebri
1015 398 1256 466 ornatu:
1300 388 1406 463 sed
1438 388 1582 446 deos
1620 389 2102 466 interpretatione

206 514 213 527 s
241 473 517 534 Romana
542 470 845 529 Castorem
867 469 1290 550 Pollucemque
1325 486 1677 535 memorant.
1734 470 1737 480 ’
1762 494 1828 532 ea
1862 474 1954 532 vis
1985 495 2103 533 nu·-

242 560 420 619 mini:
464 578 686 614 nomen
709 553 889 633 Alcis,
978 559 1145 614 nulla
1181 558 1525 628 simulacra,
1559 559 1804 616 nullum
1839 561 2101 635 peregri-

220 665 354 718 xnae
394 643 827 719 'superstitionis
862 644 1198 717 vestigium.
1281 655 1351 700 ut
1382 644 1591 700 fratres
1627 656 1859 718 tamen,
1899 657 1968 702 ut
2005 646 2102 703 iu-

239 749 417 788 venes
458 740 834 790 venerantur:
888 775 893 779 -
942 727 1219 788 Ceterum
1255 723 1388 785 Arii
1425 750 1600 804 super
1634 731 1819 800 vireS‚
1883 731 2100 808 quibus

243 826 617 872 enumeratos
651 815 830 890 paulo
871 822 1011 872 ante
1033 815 1286 890 populos
1315 817 1699 887 antecedunt,
1740 827 1962 886 truceS,
2003 817 2101 872 in-

240 901 383 959 sitae
402 900 623 959 feritati
649 913 771 958 arte
804 920 869 958 ac
899 912 1164 975 tempore
1197 900 1630 957 lenocinantur.
1714 901 1885 976 nigra
1919 913 2100 972 scuta,

237 987 421 1044 tincta
445 1006 733 1062 corpora..
796 997 950 1042 atras
975 987 1052 1042 ad
1084 985 1309 1061 proelia
1342 998 1542 1043 noctes
1581 986 1812 1060 legunt:
1857 986 2099 1063 ipsaque

237 1072 559 1129 formidine
609 1083 784 1148 atque
826 1072 1042 1128 umbra
1086 1071 1286 1127 feralis
1344 1072 1629 1128 exercitus
1670 1083 1955 1129 terrorem
2003 1073 2102 1127 in-

235 1159 465 1228 ferunt,
507 1156 676 1214 :nullo
704 1153 965 1214 hostium
1003 1157 1330 1214 sustinente
1364 1178 1589 1214 novum
1626 1178 1692 1214 ac
1718 1158 1883 1215 velut
1914 1157 2100 1214 infer-

236 1240 384 1300 num
413 1244 773 1319 adspectum.
858 1263 999 1299 nam
1034 1242 1214 1318 primi
1254 1243 1319 1297 in
1358 1243 1636 1299 omnibus
1668 1243 1912 1317 proeliis
1942 1243 2101 1300 oculi

235 1329 580 1388 vincuntur.
693 1327 890 1384 Trans
946 1327 1166 1405 Lygios
1197 1324 1483 1385 ·Gotones
1539 1339 1864 1402 regnantur
1917 1328 2095 1403 paulo

235 1414 356 1471 iam
382 1413 695 1492 adductius
738 1434 918 1490 quam
950 1425 1171 1470 ceterae
1198 1411 1638 1470 Germanorum
1668 1425 1899 1488 gente5‚
1942 1432 2098 1470 non-

234 1501 378 1557 dum
440 1510 640 1557 tamen
703 1517 878 1574 supra
938 1499 1289 1560 libertatem.
1410 1497 1693 1557 Protinus
1751 1499 1967 1556 deinde
2022 1499 2097 1555 ab

289 1757 528 1800 Romana.
609 1754 728 1799 Edd.
770 1754 875 1798 Alc.
921 1753 1127 1800 Rhenan.
1261 1764 1486 1811 tempore.
1549 1756 1669 1812 Quia
1704 1763 1818 1800 atras
1850 1764 2006 1801 noctes
2041 1756 2095 1800 ad

231 1812 528 1880 (1533.)·Ald.
552 1829 650 1872 sqq.
669 1812 896 1856 Romani.
971 1812 1129 1856 Piche-

230 1888 287 1916 na
310 1870 506 1915 restituit
527 1871 764 1914 Romana.

289 1957 346 1985 ea
381 1943 449 1984 vis
478 1943 665 1984 numini
696 1948 784 1986 etc.
873 1941 950 1985 Sic
989 1940 1128 1985 MSS.

230 1998 463 2044 Hummel.
497 2000 732 2056 stuttgart.
775 1998 878 2043 edd.
918 1999 1128 2044 Norimb.

228 2057 364 2102 Rom.
393 2056 572 2101 Ernest.
596 2072 692 2114 sqq.
724 2082 780 2092 —
841 2058 938 2100 eius
970 2060 1128 2100 numi-

229 2118 303 2159 nis
353 2129 529 2157 nomen
568 2115 697 2157 Alcis
734 2113 832 2158 MS.
868 2115 979 2158 Tur.
1023 2115 1125 2158 edd.

229 2172 349 2231 Spir.
375 2171 506 2216 Kath.
530 2171 633 2215 Put.
658 2171 728 2216 M.
757 2181 800 2216 et
820 2171 879 2215 V.
910 2172 1125 2220 Beroald.

228 2231 332 2275 Alc.
356 2229 500 2274 Rhen.
528 2245 625 2287 sqq.
656 2236 714 2263 --‘
769 2231 817 2272 ei
832 2232 1019 2273 numini
1037 2246 1127 2273 no-

231 2299 340 2332 men
358 2289 488 2332 Alcis
514 2287 588 2331 ed.
608 2285 751 2331 Paris.

256 2348 266 2368 ³
287 2358 436 2402 Alcis.
495 2356 566 2400 De
597 2355 968 2416 interpretatione
997 2375 1127 2403 voca·

226 2416 326 2462 buli
367 2414 471 2462 vide
504 2415 715 2458 Hessium
756 2416 813 2460 ad
857 2415 903 2459 h.
933 2417 963 2459 l.
1001 2425 1045 2463 et
1078 2418 1126 2459 in

228 2473 363 2518 Varr.
387 2473 476 2517 LL.
509 2472 568 2522 L,
631 2471 724 2517 42.
744 2489 813 2531 sq.
874 2474 1028 2517 Anton
1053 2473 1126 2517 de-

229 2532 348 2578 rivat
377 2546 402 2574 a
433 2546 548 2575 voce
617 2529 823 2577 lavoniea
859 2533 988 2574 holcz
1017 2531 1050 2574 i.
1085 2548 1126 2575 e.

229 2606 368 2647 puer,
425 2591 582 2645 holczy
628 2589 785 2646 pueri3
831 2588 905 2632 alii
947 2605 973 2633 a
1016 2604 1126 2633 voce

230 2646 504 2691 Germanica
529 2646 634 2702 EIk,
662 2646 809 2702 Ellen,
837 2646 881 2691 h.
905 2662 944 2691 e.
968 2647 1126 2692 robur.

231 2705 322 2750 Alii
348 2702 592 2761 proferunt
613 2703 710 2750 alia.

286 2761 645 2816 superstitionis.

228 2817 524 2873 suspicionis.

285 2893 406 2938 Arii.
467 2890 606 2936 MSS.
628 2891 742 2934 Tur.
767 2889 1000 2934 Hummel.
1026 2890 1128 2936 edd.

229 2948 491 3012 Spu-‚Rath
505 2948 644 2992 Paris.
657 2949 867 2993 Norimb.
885 2950 982 2992 alii.
1035 2947 1126 2992 Sed

229 3012 276 3055 in
300 3006 502 3065 margine
529 3006 699 3051 codicis
724 3006 834 3051 Tur.
862 3004 1127 3051 emendatur

229 3067 352 3114 Arii.

288 3143 604 3182 enumeratos.
662 3134 747 3178 Ed.
769 3135 912 3180 Paris.
942 3149 1126 3178 enume-

735 2759 840 2804 MS.
886 2759 1125 2819 Stuttgart.

154 3191 157 3199 '
229 3196 366 3244 ratis.

289 3288 458 3324 truces.
529 3276 607 3321 Sic
639 3275 742 3319 edd.
771 3275 982 3320 Beroald.
1019 3275 1124 3320 Alc.

230 3337 432 3383 Rhenan.
462 3353 482 3380 s
517 3351 561 3392 q.
593 3359 651 3367 —
710 3336 854 3377 trucis
887 3335 987 3380 MS.
1012 3332 1126 3377 Tur.

232 3395 330 3440 edd.
351 3351 606 3451 Spinqput.
632 3389 699 3435 M.
725 3399 768 3434 et
784 3391 838 3436 V.
862 3391 1006 3436 Paris.
1033 3390 1122 3434 No-

233 3453 366 3497 rimb.
392 3451 578 3495 Monac.
606 3448 769 3492 Vienn.

278 3536 487 3593 feritati.
566 3532 671 3577 MS.
708 3530 935 3575 Hammel.
980 3532 1124 3574 trucis

234 3595 404 3638 insitae
420 3592 662 3649 feritati-c.

1201 1814 1371 1872 proelia
1396 1814 1615 1872 deligunt.
1675 1811 1871 1857 Hackius
1897 1814 2013 1859 male
2031 1815 2098 1858 in·

1201 1880 1472 1931 terpretatus
1498 1880 1563 1916 est
1585 1874 1733 1915 durch
1756 1869 1926 1929 Musse.

1261 1955 1486 1999 Gotones.
1548 1953 1625 1998 Sic
1647 1953 1749 1999 edd.
1773 1954 1957 2016 Bipont.
1979 1956 2096 2002 Bre-

1201 2012 1304 2057 dov.
1317 2012 1507 2056 Seebod.
1520 2011 1714 2056 Bekker.
1757 2010 1816 2056 cf.
1829 2021 1926 2059 not.
1937 2014 1995 2060 ad
2006 2015 2095 2062 An.

1199 2072 1242 2119 2,
1265 2071 1339 2114 62.
1398 2070 1628 2113 Guttones
1647 2069 1783 2113 Plinii
1806 2068 2008 2127 (N.H.4‚
2027 2073 2096 2117 14.

1199 2129 1270 2181 37,
1289 2128 1349 2178 2.)
1383 2144 1441 2172 an
1466 2127 1557 2171 sint
1578 2127 1740 2180 iidem,
1769 2126 1824 2171 lis
1853 2127 2001 2176 adhuc
2022 2137 2097 2178 sest

1199 2187 1281 2230 sub
1315 2185 1480 2229 indice.
1513 2209 1573 2218 —
1634 2184 1869 2230 Gothones
1899 2186 2093 2244 vulgaris

1200 2252 1265 2288 est
1295 2253 1504 2289 veterum
1542 2252 1586 2287 et
1613 2241 1915 2287 recentiorum
1947 2244 2090 2288 libro·

1199 2318 1303 2344 rum
1327 2301 1572 2358 scriptura,
1601 2316 1685 2358 pro
1708 2315 1795 2358 qua
1814 2299 1922 2345 facit
1941 2299 2092 2346 Ptole-

1199 2375 1354 2402 maeus
1390 2361 1430 2408 5,
1451 2360 1494 2402 5.
1524 2353 1752 2408 Γύθωνες.

1257 2449 1538 2497 regnantur.
1628 2440 1706 2486 Sic
1757 2440 1895 2487 MSS.
1940 2441 2089 2487 vatic.

1197 2501 1327 2543 4498.
1355 2500 1521 2557 stuttg.
1559 2498 1661 2544 edd.
1695 2497 1840 2543 Rhe-n.
1871 2499 1974 2544 ΑΜ.
1995 2516 2046 2559 sq
2081 2532 2094 2545 .

1199 2557 1259 2601 cf.
1293 2566 1390 2601 not.
1425 2557 1481 2599 ad
1516 2556 1628 2600 Hist.
1670 2559 1708 2606 1,
1733 2558 1800 2610 16,
1835 2566 1878 2602 et
1907 2559 1998 2602 An.
2022 2561 2042 2602 1
2076 2589 2091 2607 ‚

1198 2615 1269 2658 54.
1290 2639 1350 2648 —
1396 2623 1600 2668 regnant
1620 2614 1757 2658 MSS.
1772 2613 1947 2659 Venice.
1963 2615 2089 2660 1518.

1201 2673 1326 2717 1862.
1363 2682 1405 2715 et
1418 2672 1547 2714 2964.
1572 2670 1791 2715 Arundel.
1806 2671 1968 2716 Bamb.
1981 2671 2089 2717 Tur.

1195 2730 1426 2775 Hummel.
1448 2728 1548 2772 edd.
1562 2728 1677 2787 Spir.
1690 2728 1822 2772 Kath.
1837 2727 1938 2775 Put.
1953 2729 2022 2775 M.
2049 2738 2093 2774 et

1199 2787 1255 2831 V.
1269 2788 1402 2830 Rom.
1416 2794 1643 2830 et-ceterae
1660 2794 1760 2829 ante
1774 2785 1918 2830 Rhen.
1932 2788 2093 2844 (1533.)

1197 2867 1255 2878 -—-
1283 2843 1517 2887 Ernestius
1538 2843 1732 2888 restituit
1754 2853 1974 2901 regnant,
2009 2861 2091 2890 ne·

1198 2901 1323 2948 mine
1367 2900 1583 2945 imitante.
1673 2901 1876 2946 Varietas
1923 2902 1998 2947 hie
2042 2911 2092 2946 ut

1195 2961 1291 3005 aliis
1326 2958 1436 3002 locis
1471 2959 1679 3026 plurimis
1715 2957 1934 3018 originem
1961 2961 2091 3005 ttaxit

1197 3033 1221 3062 e
1247 3017 1520 3075 compendio
1543 3017 1788 3072 regnans.
1968 3019 1985 3052 Ψ

1266 3100 1527 3145 adductius.
1630 3099 1707 3144 Sic
1756 3107 1933 3144 veteres
1984 3100 2091 3145 libri

1196 3158 1333 3203 MSS.
1387 3166 1430 3202 et
1475 3157 1691 3202 editiones
1739 3166 1841 3202 ante
1881 3156 2086 3202 Rhenan.

1197 3215 1395 3273 (1533.),
1426 3213 1503 3273 qui
1531 3213 1669 3259 edidit
1693 3214 1938 3259 addictius.
2013 3216 2088 3260 Al-

1197 3275 1280 3319 dus
1304 3274 1458 3317 vitiose
1490 3273 1718 3316 addictus.
1787 3271 1984 3316 Pichena
2011 3289 2089 3315 re-

1197 3341 1266 3375 ete
1301 3331 1493 3375 restituit
1536 3330 1800 3378 adductius.
1881 3329 1940 3373 cf.
1972 3328 2084 3374 nist.

1195 3390 1238 3443 3,
1261 3389 1304 3433 7.

1252 3467 1446 3503 ceterae.
1506 3458 1607 3504 MS.
1631 3458 1739 3502 Tur.
1761 3465 1971 3503 exterae.

1247 3533 1479 3585 protinus.
1555 3528 1638 3573 Ed.
1675 3527 1882 3573 Norimb.
1923 3536 2083 3584 prote-

1194 3600 1295 3631 nus.
