2150 4022
232 258 356 320 384
732 253 854 317 DE
915 253 1585 329 ORATOR-Inus

230 392 348 452 tori
386 402 578 446 autem
615 387 869 448 clamore
906 385 1232 462 plausuque
1261 390 1411 463 o¹pus
1435 397 1522 445 est
1548 398 1613 461 et⁷
1633 385 1793 444 velut
1816 388 2078 464 quodam

229 473 490 536 theatro:
559 472 753 548 qualia
794 471 1058 547 quotidie
1089 471 1358 548 “antiquis
1396 473 1728 534 oratoribus
1771 465 2075 545 continge-'-

228 563 400 628 bant,
456 579 588 616 cum
624 568 710 614 tot
745 557 961 631 pariter
995 577 1059 612 ac
1089 568 1206 612 tam
1235 557 1465 612 nobiles
1491 559 1690 615 forum
1718 567 2073 622 contai-ent:

229 666 362 704 cum
399 643 700 707 clientelae
736 662 970 717 quoque
1005 663 1069 697 ac
1105 640 1296 697 tribus
1333 652 1389 699 et
1414 641 2074 718 municipiorum'etiam

232 730 552 804 legationes
581 748 646 784 ac
673 744 808 802 pars
833 725 1030 798 Italiae
1067 726 1532 801 periclitantibus
1561 727 1887 784 adsisteret:
1939 746 2074 783 cum

229 816 295 872 in
317 815 611 891 plerisque
635 811 869 868 iudiciis
895 804 1152 868 crederet
1172 811 1424 886 populus
1437 810 1743 869 Romanus
1764 831 1865 869 sua
1890 810 2075 868 inter-

229 921 384 969 esse,
430 899 574 976 quid
604 898 981 956 iudicaretur.
1069 895 1222 954 Satis
1257 907 1512 964 constat,
1555 895 1621 958 C.
1645 895 1989 969 Cornelium
2017 908 2076 954 et

228 985 317 1046 M.
341 984 630 1043 Scaurum
657 996 712 1041 et
737 981 810 1040 T.
836 981 1129 1037 Milonem
1158 993 1214 1037 et
1237 980 1302 1040 L.
1319 979 1576 1037 Bestiam
1604 993 1661 1038 et
1682 981 1748 1041 P.
1766 980 2073 1040 Vatinium

227 1090 517 1129 concursu
547 1068 726 1127 totius
755 1066 1004 1124 civitatis
1035 1078 1091 1123 et
1117 1067 1420 1123 adcusatos
1453 1078 1507 1123 et
1534 1069 1829 1123 defensos:
1874 1078 1948 1123 ut·
1964 1066 2074 1122 fri-
2108 1132 2111 1135 ,

228 1155 559 1232 gidissimos
601 1173 835 1231 quoque
873 1163 1131 1208 oratores
1170 1151 1294 1226 ipsa
1331 1153 1604 1208 certantis
1639 1151 1846 1227 populi
1883 1141 2080 1225 studia³

229 1241 476 1300 excitare
503 1251 559 1297 et
584 1238 899 1295 incendere
934 1236 1251 1312 potuerint.
1338 1237 1534 1314 itaque
1564 1233 1757 1294 hercle
1787 1236 2074 1293 eiusmodi

181 1360 183 1365 ‚
225 1327 370 1385 libri
408 1333 662 1394 exstant,
721 1334 788 1379 ut
824 1322 937 1398 ipsi
977 1342 1242 1399 quoque,
1291 1323 1409 1407 ‚qui
1446 1334 1718 1397 egerunt,
1781 1342 1906 1380 non
1942 1310 2074 1390 aliis

225 1412 413 1486 magis
440 1409 806 1468 orationibus
837 1419 1199 1466 censeantur.

395 1547 520 1607 XL.
568 1545 694 1604 Iam
721 1567 860 1602 vero
889 1545 1201 1602 conciones
1230 1545 1506 1601 adsiduae
1534 1556 1590 1601 et
1621 1546 1826 1622 datum
1847 1543 1939 1602 ius
1965 1564 2072 1619 po-

226 1634 620 1693 tentissimum
660 1651 949 1710 quemque
980 1630 1234 1687 vexandi
1269 1641 1442 1706 atque
1474 1630 1598 1706 ipsa
1628 1629 2074 1689 inimicitiarum

222 1869 319 1904 tum
344 1866 406 1902 est
431 1857 568 1900 MSS.
594 1855 735 1913 Neap.
759 1855 824 1910 [et
851 1854 1009 1908 Fam]
1041 1869 1116 1895 au-

223 1918 457 1967 ctoritate;
510 1915 566 1957 ita
610 1922 673 1955 est
717 1927 898 1970 quoque
942 1927 1038 1967 cap.
1073 1911 1115 1953 9.

222 1975 308 2021 cfr.
339 1981 433 2018 not.
460 1972 514 2013 ad
540 1987 636 2027 cap.
662 1970 732 2011 21.
762 1987 826 2012 vv.
863 1971 910 2010 in
942 1984 1038 2010 ιιηα
1072 1976 1116 2009 ee

221 2037 389 2076 altera.
450 2029 625 2072 Omnes
653 2027 748 2068 fere
779 2026 877 2069 edd.
901 2026 1116 2082 praebent

219 2107 278 2134 ac
311 2093 459 2142 aller,
503 2085 625 2142 quod
662 2091 846 2141 propter
878 2091 1115 2139 praecepta

218 2147 446 2193 tritissima
480 2145 762 2187 Liinemann.
805 2156 908 2183 curn
943 2139 1115 2182 Ernest-

221 2206 271 2249 in
305 2213 446 2260 atque
480 2203 628 2251 alter,
669 2196 845 2241 Dronk.
872 2197 1044 2240 Osann.
1072 2205 1116 2240 et

220 2263 368 2308 Orell.
392 2262 436 2304 in
458 2267 503 2302 et
526 2259 651 2300 alter·
673 2254 1048 2298 emendaverunt.

278 2350 489 2391 clamore
526 2343 803 2397 plausuque.
883 2337 965 2380 Ed.
1011 2337 1115 2380 Ber.

214 2405 491 2464 paulusque.
596 2397 854 2440 Clamorem
917 2393 1116 2452 intellige

220 2461 530 2524 plaudentium
546 2489 557 2506 ‚
590 2457 643 2498 dc
666 2470 756 2512 quo
779 2454 862 2496 cfr.
887 2451 1116 2518 Spalding.

218 2523 274 2565 ad
302 2519 460 2576 Quint.
491 2515 594 2558 lust.
621 2529 686 2555 or.
710 2516 751 2559 4,
776 2512 818 2559 2,
843 2511 916 2554 37.
980 2510 1115 2552 Perti·

219 2589 298 2623 net
331 2576 386 2619 ad
422 2574 608 2631 figuram
646 2569 695 2613 ἓν
733 2569 810 2611 διὰ
847 2570 1006 2623 δυοῖν,
1060 2567 1114 2610 de

219 2653 307 2697 qua
331 2631 519 2676 Rotbius
548 2631 574 2680 Ι,
601 2628 630 2672 l.
660 2644 703 2685 p.
724 2627 794 2669 22.
824 2627 944 2670 dixit.

275 2733 532 2776 clt'enteloe.
596 2727 676 2770 Ed.
711 2726 830 2783 Spir.
869 2726 1110 2793 inclietelg.

221 2794 273 2836 ln
307 2787 614 2846 superioribus
650 2794 751 2841 post
782 2785 961 2826 nobiles
993 2798 1111 2824 exci-

221 2850 338 2893 disse
371 2845 586 2887 homines
618 2842 818 2886 Orellius
851 2841 1112 2898 suspicatur,

217 2905 342 2967 quod
362 2915 738 2961 supervacaneum
762 2899 932 2941 videtur
955 2914 1067 2941 esse.

276 3020 331 3048 ac
354 3005 498 3047 tribus
524 3009 567 3042 et
589 2997 943 3051 municipiorum
965 2997 1111 3039 etlam

217 3063 475 3118 legationes
507 3074 562 3101 ac
589 3071 705 3112 pars
739 3057 910 3098 Italiae
936 3071 984 3109 ρ.
1019 3057 1114 3096 ad-

217 3124 417 3166 sisteret.
480 3115 528 3158 In
567 3115 633 3158 his
668 3114 817 3158 verbis
846 3113 945 3155 MS.
975 3112 1110 3168 Neap.

219 3185 435 3236 sequutus
457 3188 555 3216 sum
573 3206 583 3222 ‚
629 3173 673 3214 in
695 3186 786 3229 quo
808 3169 871 3213 uti
898 3170 944 3212 in
966 3169 1013 3212 in
1041 3169 1111 3212 ed.

215 3236 337 3294 Spir.
391 3247 447 3274 ac
504 3232 652 3272 tribus
706 3228 867 3285 legitur
888 3260 899 3278 ‚
984 3225 1109 3282 quod

215 3290 393 3338 Dronk.
424 3287 597 3331 Osann.
631 3293 673 3328 et
701 3285 849 3328 Orell.
879 3300 962 3341 pro
995 3282 1108 3325 reli-

215 3365 407 3409 quarum
434 3345 533 3389 edd.
566 3343 758 3388 lectione
785 3350 830 3384 et
857 3344 1002 3383 tribus
1032 3356 1107 3382 re-

218 3413 460 3465 ceperunt;
512 3419 563 3443 ex
603 3400 763 3445 eodem
804 3400 920 3441 libro
954 3397 1108 3440 hausi-

220 3482 319 3509 mus
386 3461 554 3504 munz'c.
618 3459 766 3501 ceiam
834 3457 1110 3509 legationes,

216 3521 338 3582 quod
369 3536 417 3563 ex
442 3516 580 3560 MSS.
605 3514 777 3559 Vaticc.
804 3513 980 3555 Broter.
1010 3511 1109 3554 edi-

216 3582 341 3625 derat
366 3591 470 3621 cum
496 3572 674 3617 Dronk.
698 3569 875 3614 Osann.
902 3577 944 3611 et
963 3567 1109 3613 Orell.

1189 1869 1272 1911 pro
1298 1851 1398 1896 edd.
1423 1861 1533 1897 vett.
1557 1850 1810 1910 corruptela
1838 1861 1888 1895 et
1917 1853 2075 1896 rnunt-
2126 1890 2135 1904 „

1188 1912 1272 1966 εἱρ.
1300 1919 1343 1953 et
1368 1910 1642 1963 legationes.
1707 1909 1767 1953 Ea
1790 1925 1900 1955 vero
1928 1916 1972 1953 ee
1994 1926 2076 1969 per

1189 1969 1457 2011 Rhenanum
1491 1968 1634 2010 deleto
1666 1966 1714 2009 in
1742 1974 1787 2009 et
1809 1969 1978 2011 munic.
2003 1971 2074 2012 le-

1187 2028 1400 2080 gationes
1453 2032 1621 2066 mutata
1666 2032 1732 2066 est
1775 2025 1829 2068 ab
1873 2025 2072 2082 reliquis.

1188 2086 1388 2126 Extrema
1429 2082 1621 2138 denique
1661 2082 1798 2125 verba
1839 2082 2073 2126 emendata

1187 2142 1409 2184 debentur
1433 2138 1574 2181 eidem
1601 2139 1746 2182 codici
1769 2147 1811 2182 et
1834 2137 1966 2183 MSS.
1987 2139 2074 2185 Va·

1185 2200 1314 2246 tice„
1384 2212 1498 2255 quos
1541 2195 1718 2240 Broter.
1764 2203 1808 2238 et
1851 2196 2075 2240 recentis-

1187 2255 1288 2300 simi
1327 2253 1502 2312 sequuti
1545 2263 1665 2298 sunt.
1746 2252 1797 2295 ln
1842 2253 1910 2298 ed.
1951 2252 2073 2312 Spir.

1189 2320 1254 2355 est
1281 2327 1333 2353 oc
1353 2314 1504 2366 partis
1532 2310 1569 2352 I.
1592 2326 1626 2362 ρ
1663 2311 1928 2362 ass-issent,
1968 2311 2073 2358 edd.

1187 2371 1288 2413 Put.
1312 2367 1414 2412 Riv.
1439 2368 1539 2416 Ber.
1570 2366 1672 2410 Alc.
1701 2376 1937 2421 aester-tes
1959 2367 1997 2412 I.
2020 2385 2073 2424 p.

1187 2428 1453 2475 assisteret,
1488 2426 1606 2467 unde
1623 2423 1858 2469 Rhenanus
1879 2424 1929 2469 in
1947 2427 2073 2470 casti-

1187 2493 1291 2543 gatt.
1316 2483 1418 2528 fecit
1443 2482 1742 2536 assisterent,
1784 2481 1830 2524 in
1859 2497 1949 2538 quo
1983 2499 2074 2542 po-

1186 2541 1394 2586 steriores
1435 2538 1772 2599 acquieverunt.
1861 2539 2074 2596 [Bekker.

1186 2609 1228 2643 et
1264 2598 1483 2642 Boetticb.
1519 2613 1542 2640 e
1577 2597 1709 2639 Fam.
1745 2597 1847 2640 cod.
1884 2597 2071 2644 eandem

1183 2657 1452 2714 scripturam
1485 2653 1802 2701 restituerunt,
1842 2670 1975 2713 quam
2003 2672 2074 2699 ex.

1185 2714 1435 2765 hibuimus3
1462 2710 1838 2770 Ruperhvulgata
1849 2711 2069 2771 retinuitfl

1242 2796 1328 2850 ipsi
1346 2811 1452 2850 quot
1471 2810 1548 2849 ne,
1581 2795 1664 2850 qui
1682 2802 1897 2848 egerunt.
1960 2794 2073 2842 Edd.

1185 2853 1303 2910 Spir.
1326 2853 1426 2895 Put.
1445 2811 1545 2895 iziv.
1572 2853 1650 2908 qui
1670 2850 1909 2906 omittunt,
1938 2853 2069 2910 ,quod

1183 2911 1356 2968 primus
1390 2909 1594 2952 Beroald.
1631 2908 1839 2952 exhibuit.
1908 2909 2069 2955 Facitis

1185 2985 1313 3011 error
1379 2976 1476 3010 erat
1546 2975 1731 3024 propter
1801 2967 2069 3012 antecedens

1183 3030 1345 3082 quoqff.
1408 3023 1584 3066 Deinde
1615 3023 1662 3065 in
1693 3022 1765 3067 ed.
1784 3022 1902 3069 Riv.
1933 3032 2071 3070 exstat

1183 3091 1231 3126 ut
1251 3097 1346 3125 non
1375 3111 1388 3125 .
1403 3111 1415 3125 .
1433 3111 1445 3125 .
1468 3086 1756 3126 censeantur.
1979 3083 1983 3090 '
2079 3102 2082 3104 ·

1239 3165 1352 3210 CAP.
1375 3166 1447 3207 40.
1504 3167 1670 3207 datum
1688 3163 1791 3210 ἴω(
1834 3164 1911 3208 Sic
1930 3163 2067 3210 MSS·

1180 3223 1318 3280 Neap.
1342 3229 1386 3265 et
1407 3221 1579 3266 Vatiae.
1603 3219 1702 3265 edd.
1724 3226 1827 3281 post
1846 3221 2069 3266 Broteria·

1180 3295 1282 3324 nam
1311 3294 1492 3330 omne-53
1527 3279 1572 3320 in
1601 3279 1686 3322 edd
1758 3276 1953 3326 rioribus
1974 3283 2067 3323 da-

1181 3346 1280 3380 tum
1306 3338 1381 3379 ius
1402 3352 1581 3392 qnoque
1609 3294 1828 3385 exsugat,
1868 3337 1990 3393 quod
2024 3345 2068 3382 et

1180 3394 1283 3438 libri
1316 3394 1487 3451 antiqui
1523 3393 1746 3438 reiiciunt‘
1765 3401 1808 3437 et
1838 3390 1930 3450 spsa
1961 3397 2070 3438 t'en-

1180 3451 1417 3495 tentiarum
1445 3449 1706 3493 coniunctio
1739 3465 1832 3494 non
1864 3451 2068 3510 requirit.

1181 3509 1213 3551 l.
1239 3509 1315 3552 Fr.
1341 3507 1604 3552 Gronovius
1638 3507 1797 3564 cuique
1819 3508 2068 3552 emendan-

1183 3567 1290 3609 dum
1313 3565 1510 3612 censuit,
1542 3578 1634 3607 non
1657 3563 1789 3608 male.
1819 3586 1894 3619 -5
1924 3565 2066 3612 Paulo
