2150 4022
168 227 291 289 170
335 287 341 304 x

1158 116 1176 140 fi

465 214 708 315 IULII
754 225 1078 288 AGRIC.
1106 227 1349 292 VITA
1391 227 1720 307 CAP.;27.

161 369 285 429 ωε,
345 353 502 414 nihil
546 356 758 415 virtuti
801 377 939 415 suae
975 360 1235 417 invium:
1301 363 1721 434 penetrandam
1763 362 2016 423 Caledo-

160 443 324 500 niam
388 442 932 520 inveniendumque
994 447 1235 502 tandem
1285 429 1633 504 Britanniae
1699 451 2017 508 terminum

162 529 444 586 continuo
473 529 840 602 proeliorum
866 543 1041 587 cursu
1066 531 1413 590 fremebant.

1501 543 1675 610 atque
1711 534 1803 590 illi
1837 537 2015 602 modo

160 613 318 671 cauti
342 634 407 670 ac
435 613 755 686 sapienteS,
799 616 1060 690 prompti
1081 627 1214 690 post
1246 618 1521 682 eventum
1551 639 1618 675 ac
1647 621 2018 698 magniloqui

161 710 346 758 erant.

457 698 826 774 iniquissima
867 696 1010 780 haec
1050 701 1342 757 bellorum
1391 703 1653 760 conditio
1703 717 1813 762 est:
1873 727 2033 781 pro-w

161 802 329 859 spera
384 804 586 839 omnes
623 784 736 841 sibi
780 785 1121 855 vindicant,
1191 788 1434 843 adversa
1477 788 1586 844 uni
1631 788 2017 864 imputantur.

159 867 242 926 At
279 867 559 925 Britanni
594 890 718 927 non
757 871 1006 938 virtute,
1072 871 1173 927 sed
1222 872 1526 929 occasione
1572 884 1629 930 et
1678 886 1800 931 arte
1847 876 2016 933 ducis

158 953 306 1025 rati,
342 950 514 1011 mihil
551 975 619 1013 ex
651 957 995 1030 adrogantia
1032 957 1360 1028 remittere,
1408 979 1526 1035 quo
1565 958 1765 1018 minus
1805 958 2017 1038 ingen.-

159 1147 369 1206 quidem,
405 1155 453 1190 ut
481 1147 698 1191 exercitus
729 1147 903 1193 dicatur
926 1148 1050 1192 ferox

159 1206 406 1249 constantis
433 1205 517 1249 sibi
546 1205 760 1249 victoriae
780 1206 913 1250 fama.
958 1207 1051 1250 Nee

157 1263 272 1320 opus
295 1263 529 1306 admittere
563 1263 800 1306 lectionem
826 1265 928 1309 MS.
948 1265 1033 1306 Vat

154 1319 284 1364 3429.
336 1322 636 1376 conscientia,
705 1322 871 1379 quippe
936 1337 1049 1381 quae

155 1379 429 1422 correctoris
483 1395 668 1421 inanum
714 1383 874 1436 prodat
920 1397 1049 1437 aper-

153 1435 339 1479 tissime.
398 1436 462 1478 Ea
499 1437 733 1492 scriptura,
764 1453 876 1494 quae
899 1437 1047 1495 Lipsio

153 1509 364 1551 quoque,
403 1493 610 1537 Acidalio
646 1502 687 1539 et
713 1493 936 1537 Pichenae
970 1511 1047 1538 ve-

153 1560 280 1594 nex-at
308 1551 355 1594 in
387 1560 610 1602 mentem,
663 1567 809 1607 nuper
843 1551 888 1593 in
931 1561 1049 1595 textu

152 1608 298 1670 posita
352 1617 417 1651 est
476 1608 531 1651 ab
581 1609 811 1660 Ernestio,
868 1608 1047 1652 Dronk.

152 1665 341 1710 Becker.
369 1665 540 1710 Hertel.
603 1666 712 1722 Quo
736 1665 848 1709 nihil
874 1667 1047 1725 langui-

154 1724 279 1775 dius,
311 1724 573 1782 praesertim
599 1725 635 1767 si
670 1726 716 1768 in
750 1725 1046 1782 comparatio·

152 1797 259 1824 nem
292 1782 553 1826 adhibeatur
591 1785 676 1827 An.
711 1783 775 1831 12,
802 1782 873 1826 31.
904 1792 1048 1838 atque

153 1839 226 1882 illi
248 1841 529 1883 conscientia
553 1841 814 1883 rebellionis
839 1864 892 1873 --
918 1844 1048 1883 mul-

153 1904 208 1939 ta
228 1905 273 1939 et
297 1900 427 1940 clara
437 1897 664 1953 facinora
672 1897 850 1953 fecere.
908 1898 943 1940 P
951 1899 1047 1941 iane

153 1954 308 1998 eadem
332 1955 450 1998 inter
481 1962 717 2012 utramque
740 1971 898 1999 vocem
925 1957 1051 1999 dubi-

150 2012 261 2056 tatio
307 2012 484 2056 vexavit
528 2012 715 2070 interpr.
755 2013 876 2058 Ptin.
923 2015 1051 2071 epist.

151 2068 195 2113 3.
231 2068 275 2116 3.
327 2072 445 2112 mihi
487 2071 737 2113 modestior
780 2073 1051 2115 constantia

153 2127 227 2183 (al.
253 2129 547 2184 conscientia)
570 2136 639 2171 est
664 2136 748 2171 etc.

206 2216 573 2268 penetrandam.
633 2213 734 2257 MS.
749 2213 895 2258 Vatic.
920 2214 1050 2259 3429.

152 2276 291 2327 (teste
321 2271 559 2326 Broterio)
604 2279 648 2313 et
682 2277 1045 2328 penetrandam,

151 2330 274 2387 quod
298 2345 402 2373 rece
438 2329 769 2373 eruntBecker.
796 2338 839 2373 et
864 2330 1049 2382 Hertel„

154 2388 270 2431 male
295 2346 456 2430 seduii.

204 2473 524 2526 proeliorum.
605 2472 717 2516 Edd.
763 2481 870 2517 vett.
907 2488 1048 2528 proe-

150 2532 270 2573 lium
293 2545 434 2587 usque
465 2530 521 2572 ad
546 2529 775 2582 Rhenan.‚
806 2530 883 2590 qui
917 2531 1050 2575 tacite

153 2587 350 2632 correxit
365 2590 676 2642 proeliorum.

209 2678 468 2721 vindicant.
527 2678 610 2722 Ed.
637 2678 736 2726 Ale.
766 2680 1023 2721 vendicant.

208 2765 415 2805 adversa
447 2765 531 2805 um·
566 2765 878 2817 imputantur.
958 2762 1050 2815 [De

151 2823 391 2874 imputare
416 2822 640 2870 vocabulo
664 2821 787 2865 conf.
804 2821 1046 2864 Botticber.

151 2879 254 2922 Lex.
279 2876 425 2921 Tacit.
458 2893 503 2935 p.
533 2876 634 2921 2462
665 2878 817 2937 ibique
862 2878 1048 2921 laudatis

150 2935 252 2980 add.
273 2933 516 2978 Ruhnken.
544 2936 696 2979 dictat.
722 2935 927 2979 movid.
940 2935 1048 2978 Her.

151 2995 374 3052 p.44‚]-
409 2995 502 3045 uni,
528 2994 649 3050 quod
674 2995 803 3049 vulgo
827 2994 870 3037 h.
888 2993 919 3035 l.
939 2992 1048 3036 scri·

144 3060 281 3111 ptum
307 3060 394 3100 est,
425 3061 563 3093 exstat
588 3052 632 3094 in
671 3048 770 3094 edd'.
796 3052 901 3095 Riv.
925 3051 1049 3093 Rhe-

151 3127 297 3155 nan.s
333 3126 445 3167 q.—
494 3107 607 3151 Edd.
630 3109 807 3152 Puteol.
835 3127 901 3167 pr.
919 3107 1046 3151 Med,

150 3169 268 3213 Ven-
345 3164 514 3213 eroald.
549 3166 651 3208 Alc.
686 3166 893 3210 exhibent
926 3183 1045 3209 cum.

150 3228 394 3286 Perp'eram
444 3225 636 3267 correxit
679 3225 902 3268 Beckerus
945 3226 1054 3267 daci

151 3289 473 3340 imputantur,
508 3283 612 3338 quia
646 3292 932 3339 opponantur
964 3282 1048 3326 sibi

149 3345 322 3387 milites
357 3349 402 3384 et
423 3343 540 3384 dux.
614 3339 703 3383 Sed
741 3339 865 3382 fuere
899 3340 1047 3387 etiam,

185 3401 227 3443 ui
263 3400 319 3443 de
352 3397 834 3456 vulgatae-scripturae
867 3398 1051 3440 veritate

151 3416 435 3504 dubitarent,
468 3456 572 3512 quia
597 3465 663 3498 sat
699 3455 864 3498 multae
898 3456 1048 3497 adver·

152 3530 226 3558 sae
258 3528 331 3557 res
366 3529 460 3557 nou
497 3515 576 3558 uni
606 3513 913 3568 imputentur,
972 3512 1051 3555 sed

156 3572 336 3626 duobus
362 3570 433 3618 vel
458 3572 599 3618 tribus
627 3571 696 3618 vel
720 3569 943 3628 pluribus,
969 3571 1054 3616 δαὶ-

1121 1149 1227 1194 licet
1269 1165 1363 1193 non
1407 1164 1630 1193 memores
1661 1148 1749 1202 illi,
1793 1166 1913 1195 unus
1941 1167 2016 1194 vo·

1123 1208 1332 1251 (zabulum
1369 1223 1465 1251 non
1497 1206 1609 1249 alios
1640 1207 1898 1260 excludere,
1939 1209 2017 1253 sed

1123 1281 1262 1307 unum
1291 1273 1464 1308 tantum
1496 1280 1666 1321 ponere
1732 1265 2016 1324 raecipuum.

1125 1321 1314 1366 Videant
1363 1323 1563 1366 Schmid.
1617 1323 1674 1367 ad
1758 1339 1826 1366 or.
1871 1323 2016 1383 Epist.

1123 1382 1213 1424 vol.
1238 1382 1271 1424 1.
1305 1398 1345 1438 p.
1378 1381 1474 1424 134.
1830 1400 1838 1406 -

1178 1440 1244 1481 At
1278 1437 1532 1492 Britanni,
1583 1453 1680 1481 non
1721 1439 1896 1482 virtute
1932 1440 2019 1482 sed

1121 1498 1358 1539 occasione
1397 1503 1442 1537 et
1484 1503 1590 1538 arte
1628 1499 1758 1540 dacis
1789 1497 1899 1553 ¹rati
1927 1505 2016 1540 etc.

1120 1553 1197 1596 Sic
1219 1555 1320 1596 edd.
1347 1553 1578 1610 antiquae,
1610 1554 1663 1597 de
1688 1554 1821 1597 MSS.
1840 1552 2014 1598 Vaticc.

1121 1627 1226 1653 vero
1263 1611 1370 1653 nihil
1409 1610 1624 1655 innotuit.
1709 1611 1838 1668 Quae
1872 1626 2015 1668 quum

1123 1668 1278 1711 mutila
1375 1666 1600 1726 plerisque
1701 1669 2017 1726 interpretibus

1121 1727 1406 1774 viderentur,
1474 1727 1836 1770 coniecturarum
1894 1725 2016 1776 nube

1121 1784 1357 1827 obscurata
1410 1791 1514 1826 sunt
1567 1785 1734 1828 omnia.
1835 1783 2015 1827 Rhena-

1119 1858 1206 1884 nus
1247 1850 1350 1882 arte
1393 1843 1523 1885 ducis
1569 1842 1685 1884 irati
1725 1838 2016 1885 scribendum

1123 1899 1405 1955 opinabatur.
1504 1899 1705 1957 Lipsius,
1762 1898 1840 1957 qui
1894 1898 2018 1956 prius

1124 1963 1322 2000 suaserat
1374 1964 1477 1999 arte
1527 1957 1658 1998 dacis
1714 1957 1859 2003 victos
1903 1955 2017 2007 rati,

1156 2014 1365 2056 robatum
1396 2013 1506 2057 illud
1544 2032 1566 2057 a
1596 2013 1812 2056 Lamallio
1849 2023 1891 2056 et
1912 2013 2016 2056 see·

1123 2031 1285 2121 hodio,
1330 2079 1480 2128 postea
1515 2071 1671 2115 maluit
1700 2069 2014 2114 scribere-aie:

1123 2143 1220 2170 non
1247 2137 1297 2169 ut
1332 2131 1524 2181 virtute,
1582 2132 1662 2170 sed
1694 2130 1936 2171 occasione
1970 2134 2017 2170 ec

1122 2193 1226 2228 arte
1250 2187 1378 2232 ducis
1404 2188 1628 2240 superati.
1689 2185 1910 2229 Pichena:
1941 2199 2016 2226 ar·

1123 2251 1167 2285 te
1207 2244 1351 2285 victos
1373 2245 1493 2296 rati,
1546 2244 1716 2288 scilicet
1760 2245 1889 2286 ducis
1932 2247 2049 2285 iro-²

1124 2317 1224 2345 cem
1260 2301 1515 2344 redundare
1548 2300 1849 2352 owinahatum
1896 2300 2016 2347 unde

1123 2360 1340 2415 originem
1388 2375 1514 2402 suam
1565 2359 1786 2401 duxeruut
1821 2358 2016 2402 Broterii

1122 2424 1164 2472 et
1185 2416 1332 2460 Dahlii
1362 2417 1693 2470 (animadverss.
1722 2431 1767 2472 p.
1789 2416 1872 2472 16.)
1910 2431 2013 2459 cor-

1123 2474 1368 2518 rectiones:
1405 2481 1510 2516 arte
1527 2475 1655 2517 ducis
1672 2489 1722 2518 se
1742 2473 1886 2516 victos
1907 2474 2019 2529 rati.

1122 2531 1369 2576 Gruterus:
1407 2540 1459 2574 ut
1482 2547 1576 2575 non
1607 2532 1801 2586 virtute,
1832 2535 1916 2574 sed
1938 2545 2017 2575 oc·-

1124 2591 1309 2633 casione
1352 2597 1397 2633 et
1439 2597 1546 2633 arte
1590 2593 1733 2632 duces
1771 2590 1916 2632 strati
1943 2589 2016 2634 &el

1122 2649 1335 2698 superati
1341 2664 1356 2699 ;
1385 2645 1641 2691 Acidalius:
1659 2646 1804 2690 strati
1823 2646 1894 2690 vet
1906 2645 2016 2704 fta-

1122 2706 1208 2758 cti;
1250 2704 1605 2748 Freinshemius:
1644 2716 1745 2746 non
1779 2704 2011 2757 virtutem,

1120 2767 1205 2806 sed
1254 2761 1544 2804 occasionem
1599 2769 1644 2803 et
1688 2767 1843 2804 artem
1882 2762 2015 2804 ducis

1119 2822 1243 2875 rati,
1279 2834 1391 2874 quae
1416 2818 1852 2874 quidem'correctio
1881 2818 2013 2867 facit-

1123 2878 1228 2921 lima
1262 2885 1327 2918 est
1354 2884 1396 2919 et
1422 2876 1546 2920 vatde
1571 2874 1832 2934 probabilis.
1893 2875 2011 2920 Box-

1121 2933 1308 2978 hornius
1334 2933 1488 2976 eadem
1514 2933 1609 2977 fere
1637 2930 1880 2978 sententiat
1918 2934 2015 2979 nan

1122 2995 1316 3046 virtute,
1362 2994 1445 3033 sed
1469 2994 1708 3035 occasione
1739 2999 1880 3046 atque
1909 2999 2015 3036 arte

1120 3050 1250 3094 ducis
1270 3051 1502 3102 superati,
1535 3051 1656 3107 quod
1680 3057 1820 3103 atque
1842 3057 2015 3093 mutato

1120 3110 1165 3151 in
1205 3115 1248 3150 et
1285 3108 1532 3163 probarunt
1569 3106 1804 3150 Broterius
1839 3115 1882 3150 et
1921 3106 2012 3150 Be-

1121 3165 1295 3210 okerus.
1356 3163 1672 3208 Heumannus:
1708 3166 1945 3209 occasione
1963 3171 2029 3218 ec

1119 3230 1226 3265 arte
1257 3222 1474 3276 superati
1506 3223 1576 3267 vel
1613 3237 1780 3266 casune
1814 3238 1878 3265 an
1909 3229 2017 3278 arte]

1119 3281 1344 3331 superati.
1416 3280 1677 3324 Ernestius:
1720 3286 1824 3324 arte
1853 3279 2014 3322 vicisse

1119 3356 1183 3380 sc.
1211 3338 1439 3379 Romanos
1471 3340 1596 3388 rati5
1626 3335 1882 3394 Bipomini:
1914 3349 2014 3379 non

1121 3398 1315 3448 virtute,
1376 3398 1459 3438 sed
1517 3397 1759 3438 occasione
1806 3400 1853 3436 et
1905 3401 2013 3436 arte

1123 3467 1234 3497 usos
1261 3453 1361 3495 rati
1395 3470 1458 3497 sc.
1489 3454 1744 3502 Romanos,
1785 3451 1906 3508 quod
1939 3467 2010 3496 re-

1124 3520 1304 3569 ceptum
1342 3521 1406 3554 est
1439 3514 1494 3557 ab
1532 3509 1739 3555 oberlin.
1770 3508 2010 3556 Weikert.

1122 3567 1314 3613 Nandet.
1349 3568 1570 3615 Bekkero.
1648 3565 1902 3615 Walehius
1937 3569 2022 3615 de*—
