2150 4022
529 288 1060 386 DI'ALOGUS.
1149 322 1347 388 CAP.
1393 327 1488 385 13.

82 455 178 512 xia
215 445 514 531 oratorum
551 454 689 532 vita.

1799 283 1922 385 275

780 454 914 511 licet
941 453 1075 509 illos
1101 454 1416 512 certamina
1448 466 1504 513 et
1530 454 1788 531 pericula
1821 474 1923 511 sua

82 541 157 597 ad
183 538 520 596 consulatus
554 538 877 595 evexerint:
925 537 1381 605 malowsecurum
1414 553 1468 598 et
1494 541 1757 618 quietum
1786 539 1924 597 Vir-

83 623 211 699 gilii
247 642 566 693 secessum,
620 623 686 679 in
724 645 842 700 quo
883 634 1077 680 tamen
1118 643 1309 700 neque
1351 627 1507 699 apud
1540 624 1761 681 Divum
1795 619 1923 680 Au-

83 719 316 783 gustum
356 708 539 782 gratia
578 710 766 765 caruit
807 728 997 784 neque
1048 709 1207 782 apud
1255 711 1543 783 populum
1580 708 1922 767 Romanum

83 792 310 869 notitia.

397 803 567 850 testes
607 787 860 867 Augusti
906 792 1210 867 epistolae,-
1273 794 1433 849 testis
1482 795 1604 868 ipse
1651 795 1921 868 populus,

85 878 185 955 qui
221 877 437 935 auditis
474 878 534 934 in
574 873 800 935 theatro
840 878 1105 934 versibus
1132 875 1365 950 Virgilii
1404 878 1654 934 surrexit
1679 879 1923 934 univer-

85 983 181 1020 sus
215 973 271 1020 et
311 964 461 1020 sorte
501 974 864 1039 praesentem
901 974 1371 1039 spectantemque
1401 961 1716 1036 Virgilium
1749 983 1926 1019 vene-

83 1177 183 1220 init.
206 1175 412 1230 anxium
435 1189 511 1217 me
535 1182 580 1218 et
604 1175 856 1232 inquietum
877 1175 966 1216 ha-

84 1236 159 1278 bet
174 1234 357 1289 petitio.

141 1318 244 1360 licet
275 1316 379 1360 illos
409 1318 670 1369 certamina
696 1323 738 1358 et
755 1315 966 1370 pericula

83 1389 172 1418 sua
192 1377 260 1416 ad
277 1377 551 1417 consulatus
577 1374 828 1416 evexerint.
890 1372 965 1415 Sic

84 1431 217 1475 MSS.
240 1431 377 1476 Farn.
407 1440 449 1475 et
472 1432 636 1488 Neap.,
664 1430 746 1473 nisi
773 1431 894 1486 quod
920 1429 967 1472 in

84 1489 172 1532 hoc
215 1489 342 1540 [item
386 1489 432 1531 in
464 1490 562 1544 illo]
606 1503 690 1546 pro
735 1491 799 1530 od
840 1499 965 1530 cons.

84 1546 302 1605 scriptum
354 1554 420 1589 est
471 1553 516 1588 et
563 1559 690 1589 conS.
773 1544 969 1587 Meliora

84 1605 257 1662 primus
288 1602 412 1647 dedit
436 1602 635 1669 Lipsius,
682 1602 784 1646 libri
817 1610 968 1646 aucto-

85 1661 263 1704 ritatem
287 1693 298 1713 ‚
382 1669 431 1704 ut
487 1677 581 1718 ipse
636 1659 807 1702 disertis
862 1675 967 1703 ver·

85 1719 155 1762 bis
190 1718 451 1777 profitetur,
489 1727 729 1775 sequutus;
773 1732 970 1774 quapro-

85 1785 186 1835 pter
226 1774 453 1819 immerito
496 1773 669 1818 Dronk.
715 1781 758 1818 et
795 1773 971 1817 Osann.

87 1835 360 1878 dubitarunt.
437 1832 551 1875 Edd.
592 1840 700 1874 vett.
744 1831 973 1874 exhibente

85 1893 191 1935 licet
211 1893 316 1935 illos
337 1890 515 1944 agitent
537 1890 795 1932 certamina
825 1895 868 1931 et
885 1903 969 1944 pe-

86 1950 236 1993 ricula
280 1961 370 1990 sua
411 1954 458 1989 et
497 1947 869 2000 controversiae,
923 1961 973 1987 ex

87 2023 174 2065 qua
196 2004 387 2050 lectione
400 2003 593 2047 Seebod.
616 2003 682 2057 ed.
709 2002 784 2047 alt.
806 2012 851 2046 et
871 2017 972 2045 con-

86 2062 346 2107 troversiae
357 2059 586 2118 Lipsianae
606 2059 851 2118 scripturae
870 2058 973 2103 addi

86 2123 250 2166 debere
287 2117 552 2176 opinabatur
588 2126 687 2175 post
722 2131 823 2169 per.
863 2131 970 2172 sua,

86 2179 164 2224 sed
191 2177 318 2221 uncis
343 2175 479 2220 verba
510 2174 822 2219 circumdedit.
879 2174 971 2217 Lu-

83 2236 194 2281 sisse
246 2233 421 2278 videtur
462 2230 836 2286 Schurzfleisch„
895 2231 974 2290 qui

88 2294 267 2360 antiqua
288 2290 480 2336 lectione
502 2298 669 2332 servata
688 2304 773 2347 pro
794 2290 973 2343 agitent

87 2349 408 2407 corrigendum
428 2347 585 2391 suadet=
604 2349 813 2390 evehant.

93 2457 96 2462 '
147 2463 368 2492 securum
394 2454 438 2490 et
463 2446 679 2502 quietum.
738 2445 813 2489 Sic
835 2445 970 2490 MSS.

90 2506 229 2565 Neap.
265 2514 308 2548 et
331 2503 526 2554 Vatiae„
570 2504 686 2547 unde
721 2502 974 2547 asciverunt

91 2580 189 2608 eam
208 2563 443 2607 lectionem
462 2560 636 2605 Dronk.
652 2560 826 2604 Osann.
843 2557 973 2613 [Bek-

90 2621 220 2676 ker.].
257 2619 335 2664 Sic
355 2634 487 2676 supra
511 2617 680 2663 dictum
706 2624 770 2660 est
793 2632 885 2675 cap.
904 2618 972 2658 10.

91 2679 249 2737 quietis
265 2685 310 2721 et
324 2677 581 2720 securitatis
598 2675 852 2718 excusatio.
891 2672 977 2715 Re-

91 2737 200 2794 liqui
243 2734 344 2779 libri
388 2736 513 2785 [cum
549 2734 695 2781 Farn.
729 2732 828 2776 cod.
867 2738 976 2773 teste

93 2792 254 2849 Bekk.]
277 2798 429 2835 tenent
451 2797 694 2838 secretum,
721 2788 841 2845 quod
866 2786 974 2831 ferri

125 2866 222 2896 osse
242 2851 487 2906 non'nego,
504 2847 580 2890 sed
605 2845 817 2905 praeferri
834 2845 877 2887 id
898 2860 975 2887 no-

93 2869 170 2953 lim
189 2914 373 2967 propter
393 2905 658 2962 praecedens
677 2903 895 2959 inquieto,
927 2908 975 2944 ut

94 2969 183 3010 iam
202 2964 398 3008 Orellius
420 2962 655 3019 perspexit.
682 2985 737 2993 —
788 2960 880 3002 Pro
905 2967 974 3000 tu·

94 3039 203 3068 men
216 3023 260 3065 in
274 3021 374 3065 edd.
388 3027 487 3063 ante
500 3018 702 3062 Rhenan.
714 3027 812 3060 tum
824 3023 975 3060 exstat.

152 3119 352 3177 Augusti
372 3119 609 3174 epistolae.
670 3116 859 3174 Augusti
887 3113 974 3172 epi·

95 3180 228 3226 stolas
250 3178 304 3221 ad
317 3175 553 3234 Virgilium
581 3175 727 3220 laudat
741 3173 973 3219 Claudiani.

97 3238 222 3296 epist.
243 3235 295 3279 ad
311 3233 473 3293 Olybr.
495 3234 654 3290 (n.41.)
676 3231 794 3277 v.23.
815 3232 973 3285 digno-

97 3304 176 3339 tus
196 3291 324 3338 tenui
333 3292 509 3336 Caesar
529 3291 760 3345 scripsisse
771 3285 970 3341 Maroni,

98 3360 140 3396 et
170 3350 338 3410 saepius
370 3345 741 3392 commemoravit
772 3362 844 3388 eas
874 3345 974 3386 no..-

98 3417 227 3452 natus
258 3408 343 3451 vita
374 3404 575 3462 Virgilii,
619 3404 672 3447 ad
704 3402 830 3447 cuius
866 3418 904 3445 c.
932 3399 975 3442 7.

101 3470 128 3525 §
147 3468 218 3511 28.
242 3465 556 3522 cs.Heyniuni.
597 3462 862 3518 Fragmenta
887 3457 974 3515 epi-

101 3527 314 3572 stolarum
340 3523 393 3566 ab
421 3523 687 3579 imperatore
708 3517 792 3560 scri
830 3525 977 3559 tarum

101 3581 281 3639 collegit
299 3580 506 3637 Rutgers.
521 3577 624 3619 Var.
637 3573 790 3619 Lean
818 3605 829 3616 .
853 3587 891 3615 c.
911 3571 976 3613 14.

100 3664 145 3706 p.
174 3644 268 3686 141.
282 3664 334 3673 —
353 3638 447 3680 180.
508 3633 566 3675 es.
596 3633 644 3674 F.
661 3633 716 3675 Α.
735 3628 978 3677 Fabricius,

1039 1171 1152 1230 Imp.
1180 1170 1304 1216 Caes.
1329 1172 1519 1229 Augusti
1554 1178 1808 1230 temporum
1836 1190 1897 1217 no

1037 1230 1171 1278 tatio,
1241 1245 1382 1285 genus
1423 1237 1465 1272 et
1507 1228 1781 1286 scriptorum
1829 1232 1926 1274 sra-

1035 1295 1228 1343 gmenta.
1271 1286 1518 1344 Hamburg.
1549 1287 1671 1331 1727.
1696 1287 1741 1332 4.
1768 1295 1811 1331 et
1838 1288 1923 1332 lac.

1036 1344 1091 1387 de
1104 1343 1284 1393 Rhoer„
1297 1344 1351 1386 de
1373 1344 1530 1387 studiis
1551 1342 1757 1387 literariis
1771 1343 1926 1390 Caesa·

1035 1400 1098 1445 ris
1122 1400 1333 1458 Augusti.
1366 1400 1591 1459 Groning.
1621 1401 1743 1446 1770.

1097 1484 1287 1540 Virgilii
1311 1485 1535 1527 versibus.
1597 1483 1746 1527 Verba
1777 1494 1925 1529 trans-

1038 1543 1167 1601 posui
1206 1558 1230 1584 e
1270 1541 1370 1584 MS.
1403 1541 1570 1598 Neap.,
1609 1557 1723 1587 xnam
1770 1559 1927 1587 omnes

1039 1601 1241 1643 versibus
1263 1599 1448 1652 Virgilii
1470 1598 1721 1642 ediderunt.
1781 1599 1928 1651 [Idem

1039 1658 1208 1701 factum
1238 1663 1303 1698 est
1331 1673 1352 1698 a
1374 1654 1573 1699 Bekkero
1602 1672 1625 1697 e
1649 1656 1780 1699 Farn.
1810 1657 1928 1707 cod„

1042 1730 1176 1771 quem
1193 1713 1357 1771 pariter
1369 1714 1571 1771 sequitur
1584 1712 1929 1766 Boeuicherus.]

1041 1772 1113 1815 De
1137 1787 1187 1814 re
1208 1771 1459 1814 accuratius
1483 1769 1741 1814 dicendum.
1772 1770 1926 1814 Tradi-

1043 1829 1107 1873 dit
1121 1828 1289 1884 Donat.
1305 1827 1513 1884 vit.Virg.
1528 1843 1568 1870 c.
1587 1828 1803 1881 11.§41.:
1827 1829 1926 1871 Bu·

1042 1888 1183 1930 colica
1228 1900 1281 1926 eo
1324 1899 1535 1927 successu
1573 1884 1738 1936 edidit,
1787 1886 1845 1927 ut
1879 1887 1929 1928 in

1042 1958 1180 1987 scena
1207 1957 1387 1997 quoque
1405 1955 1493 1995 per
1522 1948 1738 1985 cantores
1767 1945 1930 1997 crebra

1039 1999 1429 2055 pronuntiatione
1477 1999 1792 2042 recitarentur
1806 2017 1822 2051 ;
1885 2006 1931 2043 et

1045 2059 1098 2103 ab
1121 2056 1274 2101 Servio
1298 2056 1351 2099 ad
1372 2055 1529 2114 Eclog.
1551 2056 1593 2110 6,
1613 2057 1663 2098 11
1708 2063 1930 2110 narratur,

1044 2116 1242 2174 eclogam
1277 2121 1442 2156 sextam
1470 2129 1493 2157 a
1519 2111 1759 2170 Cytheride
1792 2113 1931 2157 mima

1043 2189 1137 2216 esse
1180 2171 1424 2215 recitatam.
1503 2170 1734 2225 Dubitavit
1756 2171 1835 2214 -de
1880 2188 1930 2215 re

1046 2228 1243 2289 Heynius
1278 2227 1331 2269 T.
1369 2229 1404 2271 l.
1443 2243 1490 2285 p.
1520 2226 1663 2271 XCH.
1698 2228 1926 2271 narratio-

1043 2302 1237 2345 nemque
1262 2284 1410 2328 fictam
1435 2300 1528 2327 esse
1552 2300 1601 2326 ex
1619 2284 1774 2341 Eclog.
1795 2286 1835 2336 6,
1853 2285 1927 2329 66.

1044 2345 1289 2402 suspicatus
1314 2352 1407 2397 est,
1450 2341 1552 2399 quia
1578 2341 1858 2385 recitationes
1880 2343 1927 2385 in

1043 2402 1214 2444 theatro
1265 2398 1403 2442 factas
1455 2414 1546 2442 esse
1600 2397 1782 2441 aliunde
1832 2413 1927 2442 non

1044 2465 1239 2501 constet.
1288 2454 1480 2498 Meliora
1504 2454 1928 2513 docuitA.L‘angius

1043 2513 1227 2557 Vindic.
1278 2519 1390 2570 trag.
1431 2511 1563 2557 Rom.
1638 2543 1649 2554 .
1693 2513 1762 2556 27.
1845 2512 1929 2566 [cf.

1047 2573 1078 2614 1.
1147 2570 1205 2613 H.
1267 2569 1398 2612 Voss.
1458 2570 1512 2612 ad
1613 2569 1697 2625 irg.
1766 2569 1925 2614 Bucol-

1043 2628 1098 2672 T.
1143 2628 1197 2670 11.
1252 2643 1296 2685 p.
1337 2626 1409 2669 38.
1454 2625 1524 2668 ed.
1561 2629 1696 2678 -nov.]
1764 2627 1926 2670 Hono·

1042 2702 1135 2728 rem
1159 2700 1267 2727 vero
1295 2690 1511 2741 quantum
1545 2682 1738 2740 populus
1768 2684 1926 2728 adsur-

1042 2743 1186 2800 gendo
1209 2740 1382 2783 dederit
1398 2739 1612 2797 Virgilio,
1639 2740 1925 2783 manifestum

1041 2801 1089 2842 fit
1114 2800 1301 2842 Sueton.
1335 2796 1592 2859 testimonip
1616 2798 1731 2856 Aug.
1764 2814 1804 2846 c.
1829 2798 1926 2842 56.:

1031 2857 1152 2916 filiis
1178 2855 1497 2910 praetextatis
1521 2856 1676 2896 adhuc
1704 2869 1929 2900 assurre-

1044 2923 1172 2958 ctum
1203 2914 1264 2953 ob
1299 2913 1527 2954 universis
1548 2913 1594 2952 in
1616 2914 1804 2954 theatro
1828 2921 1872 2955 et
1897 2929 1930 2956 a

1043 2971 1271 3015 stantibus
1286 2970 1510 3023 plausum
1527 2969 1802 3023 gravissime
1823 2985 1928 3026 que-

1044 3036 1146 3073 stus
1168 3035 1234 3068 est
1248 3060 1259 3080 ,
1293 3035 1334 3069 et
1348 3024 1466 3068 Plin.
1482 3025 1700 3083 Panegyr.
1725 3042 1763 3070 c.
1780 3026 1899 3079 54,2.
1915 3043 1928 3069 z

1044 3086 1155 3141 quin
1182 3085 1324 3126 etiam
1348 3084 1479 3125 tanto
1500 3084 1680 3125 maiore
1704 3098 1928 3127 consensu

1045 3144 1093 3185 in
1123 3141 1469 3184 venerationem
1506 3140 1578 3188 tui
1605 3142 1797 3183 theatra
1829 3143 1928 3196 ipsa

1043 3204 1335 3252 consurgent.
1392 3195 1687 3241 Honosxenim
1709 3197 1783 3240 ille
1806 3198 1927 3256 prin·

1044 3257 1194 3314 cipum
1222 3263 1331 3298 erat.

1104 3338 1363 3390 Virgilium.
1434 3335 1575 3380 Huius
1618 3336 1814 3383 nominis
1851 3354 1927 3380 re-

1047 3395 1307 3454 petitionem
1347 3409 1394 3437 ae
1430 3410 1475 3436 re
1515 3393 1718 3436 ferebant
1749 3394 1925 3438 Ernest.

1048 3462 1090 3496 et
1130 3451 1370 3494 Hofmann.
1447 3450 1689 3506 eerlkamp.
1736 3449 1927 3521 ideoque

1051 3509 1296 3563 Virgilium
1346 3506 1486 3551 deleri
1540 3507 1758 3550 volebant.
1841 3509 1928 3552 bed

1049 3583 1184 3624 quem
1229 3565 1423 3608 offendet
1464 3563 1716 3607 eorundum
1764 3567 1929 3608 verbo-

1050 3639 1149 3665 rum
1195 3621 1430 3679 repetitio,
1496 3635 1635 3676 quum
1684 3624 1746 3663 sat
1794 3624 1931 3667 multa

1222 3683 1341 3739 82
