2150 4022
24 2708 26 2711 ,
92 2675 158 2710 est
202 2667 425 2722 scriptura
472 2663 668 2722 vulgata.

316 265 318 270 ,
356 201 642 281 21151211-
682 197 1002 261 Aemo.

1050 176 1288 259 vrTA
1331 198 1527 262 CAP.
1574 181 1684 258 18:
1828 201 1950 260 149

96 352 280 410 prppe
313 332 585 411 universa
604 342 793 405 gente,
835 350 958 386 non
982 330 1219 403 ignarus
1250 331 1590 387 instandum
1615 330 1823 400 famae,
1866 338 1961 402 ac,-

96 429 271 494 prout
311 417 504 492 prima
549 416 884 486 cessissent,
933 416 1058 471 fore
1091 425 1373 471 terrorem
1409 415 1641 484 ceteriS,
1683 412 1946 472 'Monam

98 503 382 574 insulam,
436 523 470 558 a
503 501 670 560 cuius
706 500 1068 576 possessione
1100 499 1812 558 revocatumPaullinum
1847 521 1941 557 re-

94 588 351 647 bellione
392 586 569 644 totius
588 585 933 643 Britanniae
977 605 1152 659 supra
1191 586 1542 653 memoravi,
1585 585 1848 659 redigere
1877 586 1941 641 in

94 684 435 749 potestatem
460 672 657 728 animo
685 671 957 739 intendit·

1045 669 1188 738 Sed,
1232 670 1389 726 utin
1420 671 1615 728 dubiis
1654 671 1936 739 consiliis,

86 778 275 827 ,naves
303 759 567 818 deerant:
613 758 762 814 ratio
793 770 848 814 et
870 755 1196 817 constantia
1225 755 1389 810 ducis
1414 756 1750 816 transvexit.
1783 830 1785 832 ³
1835 757 1938 813 de-

94 843 298 917 positis
341 842 618 918 omnibus
659 843 932 911 sarciniS,
974 840 1318 897 lectissimos
1356 840 1759 910 auxiliarium,
1801 842 1937 919 qui-

93 929 203 998 bus
238 938 378 993 nota
422 929 573 984 vada
618 939 676 985 et
708 928 936 1004 patrius
972 925 1352 995 nandi⁷'usus,
1395 945 1511 1001 quo
1550 926 1725 982 simul
1765 946 1941 1005 seque

122 1215 123 1218 ,
146 1188 238 1216 non
269 1176 460 1229 ignarus
483 1168 568 1220 etc.
627 1176 701 1218 Ob
727 1173 978 1217 similitudi-

93 1247 197 1274 nem
244 1233 486 1276 sententiae
529 1233 652 1277 conf.
686 1232 797 1275 Hist.
831 1235 873 1283 2,
905 1233 977 1275 ΞΟ.

92 1304 294 1341 gnarus,
343 1298 395 1332 ut
433 1292 568 1333 initia
593 1292 705 1332 belli
736 1292 978 1344 provenis-

91 1355 220 1399 sent,
244 1348 438 1402 samam
462 1348 510 1388 in
535 1356 690 1390 cetera
702 1348 825 1401 sore.
886 1347 977 1391 An.

92 1403 159 1454 12,
185 1403 256 1448 31.
287 1405 365 1447 ille
393 1401 576 1459 gnarus
602 1406 769 1457 primis
799 1405 978 1446 eventi-

89 1462 178 1503 ‘bus
217 1470 406 1506 metum,
446 1470 533 1504 aut
557 1462 788 1517 fiduciam
831 1463 979 1515 gigni.

91 1518 186 1567 An.
208 1518 273 1573 13,
298 1520 342 1563 8.
366 1521 448 1576 qui
466 1526 517 1562 ut
527 1522 698 1577 famae
720 1522 981 1570 inserviret,

91 1590 213 1631 quae
247 1577 296 1618 in
326 1579 454 1620 novis
487 1579 659 1629 coeptis
695 1578 983 1618 validissima

88 1639 171 1676 est.
186 1657 244 1668 ——
281 1634 332 1677 In
346 1634 632 1691 sequentibus
645 1634 745 1677 edd.
758 1641 862 1678 vett.
876 1648 980 1677 cum

92 1690 424 1733 recentioribus
466 1691 655 1734 habent:
716 1707 797 1746 ac,
841 1697 983 1745 prout

87 1748 257 1800 prima
286 1750 553 1801 cessissent,
597 1749 708 1803 fore
748 1748 983 1790 universa.

90 1804 150 1846 At
174 1804 276 1848 MS.
299 1805 435 1848 Vatic.
460 1805 586 1849 3429.
619 1813 726 1848 teste
749 1805 983 1847 Broterio:

91 1865 357 1916 cessissent,
395 1863 634 1904 'terrorem
668 1864 833 1905 ceteris
852 1861 980 1916 fore,

86 1919 253 1977 omissa
281 1927 392 1963 voce
417 1920 667 1971 universa;
703 1927 808 1963 teste
829 1919 983 1961 Dron-

91 1973 192 2018 kio:

92 2047 246 2077 versa.
329 2033 480 2090 Quam
517 2035 765 2092 scripturae
800 2034 983 2078 varieta-

91 2098 183 2134 tem
222 2090 475 2136 Walchius
513 2092 778 2135 contemtim
819 2090 984 2135 refutat

91 2155 141 2190 ut
194 2149 413 2207 glossema
455 2165 478 2190 e
523 2150 723 2208 margine
772 2149 818 2191 in
866 2164 980 2193 con-

91 2214 260 2250 textum
317 2213 562 2264 receptum.
651 2206 876 2251 Beckerus
937 2213 981 2248 et

90 2262 314 2311 Hertelius
357 2263 612 2308 maluerunt
662 2265 818 2314 edere,
871 2278 985 2320 quae

91 2320 324 2364 Broterius
358 2321 556 2379 prodidit
586 2337 608 2363 e
643 2322 799 2374 codice
836 2319 984 2364 Vatic-

92 2377 150 2420 Et
180 2378 215 2421 si
250 2377 355 2422 licet
383 2377 507 2420 hunc
534 2378 685 2421 locum
723 2393 986 2435 comparare

95 2450 197 2477 cum
230 2435 385 2480 similis
417 2437 660 2477 sententiae
699 2435 833 2486 locis,
874 2450 987 2492 quos

93 2493 223 2549 paulo
283 2502 384 2535 ante
438 2492 749 2548 excitavimus,
808 2500 990 2548 apparet

94 2551 305 2595 similiora
338 2548 424 2591 illis
458 2548 575 2592 haud
598 2549 732 2592 dubie
756 2564 849 2592 esse
879 2565 981 2592 ver-

660 2607 806 2649 lmmo
874 2621 983 2648 vana

734 2680 838 2706 nam
881 2663 982 2720 quis

92 2738 292 2781 unquam
351 2720 523 2766 audivit
588 2721 766 2772 solere,
847 2728 985 2778 prout

91 2782 236 2838 prima
300 2778 538 2830 cesserint,
602 2795 696 2822 esse
762 2778 981 2820 universa.

91 2840 191 2882 Hoc
223 2845 394 2878 tantum
435 2836 557 2878 abest
592 2852 616 2879 a
655 2852 784 2884 vero,
848 2842 896 2876 ut
940 2835 985 2876 in

95 2894 331 2956 permultis
394 2892 530 2935 rebus
596 2893 798 2936 universa
854 2891 985 2946 valde

96 2955 351 3009 discrepent
383 2966 407 2991 a
441 2950 588 3006 primo
617 2951 760 2993 initio.
825 2948 985 3005 Quare

96 3009 205 3054 nihil
236 3014 471 3051 cunctatus
505 3023 672 3064 sequor
705 3007 986 3058 duumviros,

94 3067 172 3126 qui
223 3064 371 3109 codici
420 3064 554 3107 MSto
602 3065 982 3121 obtemperarunt.

97 3126 186 3167 lam
247 3120 512 3164 vocabulum
573 3124 792 3164 universa
839 3120 985 3178 potuit

98 3181 186 3225 huc
243 3179 450 3234 inrepere
506 3194 531 3220 e
587 3195 720 3224 versu
779 3177 984 3237 proximo

98 3239 272 3297 priore:
319 3235 463 3294 potuit
499 3251 605 3281 vero
641 3238 769 3279 etiam
803 3236 985 3278 Tacitus

99 3294 320 3340 scribere:
372 3301 606 3337 terrorem
632 3293 751 3349 sore
774 3295 837 3336 'in
881 3294 983 3336 uni-

100 3366 256 3401 versa.
338 3350 454 3394 Nam
506 3351 778 3409 praepositio
816 3353 863 3393 in
906 3365 987 3407 per

94 3408 418 3465 compendium
443 3409 608 3466 scripta
627 3411 647 3450 ἷ
665 3408 918 3466 saepissime
939 3408 986 3449 iu

102 3474 203 3508 vett.
224 3465 346 3508 libris
368 3466 543 3509 excidit.

158 3523 283 3565 cums
307 3524 604 3575 possessione.
666 3521 734 3566 De
766 3523 986 3569 vocabulo

91 2609 145 2652 ba
205 2607 374 2670 eod3ieis
424 2605 559 2648 MSti.

250 1977 484 2019 terrorem
523 1979 718 2020 caeteris
736 1980 848 2033 fore
885 1977 984 2018 uni·
1026 1995 1038 2000 ·

1050 1175 1336 1227 possessione
1387 1173 1446 1217 cf.
1487 1181 1580 1216 not.
1615 1172 1669 1216 ad
1707 1171 1793 1215 An.
1825 1171 1867 1223 2,
1901 1172 1941 1214 5.

1052 1231 1164 1274 Edd.
1180 1231 1359 1287 Bipont.
1374 1229 1532 1288 Engel.
1546 1230 1600 1273 al.
1615 1239 1713 1272 ante
1727 1229 1855 1279 cuius
1870 1229 1943 1270 ad·

1052 1290 1165 1332 dunt
1189 1306 1220 1331 a
1244 1297 1284 1331 et
1310 1296 1468 1331 contra
1489 1297 1692 1333 veterum
1717 1286 1940 1328 librorum

1052 1346 1360 1390 auctoritatem
1390 1354 1432 1387 et
1458 1343 1642 1387 frustra.
1703 1343 1764 1387 cf.
1785 1341 1944 1400 Virgil-

1052 1406 1220 1460 Georg.
1245 1404 1284 1451 4,
1309 1403 1375 1445 88.
1408 1403 1485 1445 ubi
1503 1406 1718 1444 ductores
1740 1403 1836 1442 acie
1861 1415 1940 1441 re-

1055 1461 1298 1504 vocaveris
1330 1463 1482 1502 ambo.
1541 1459 1638 1503 Liv.
1666 1457 1825 1508 36‚25.
1856 1472 1943 1510 op—

1050 1519 1337 1573 pugnatione
1370 1518 1631 1560 absisteret.
1708 1516 1816 1558 Tac.
1854 1515 1942 1560 An.

1054 1574 1096 1629 6,
1122 1575 1194 1618 23.
1228 1583 1496 1617 extractum
1527 1574 1766 1624 custodia;
1808 1573 1846 1627 1,
1870 1572 1942 1617 41.

1049 1635 1417 1690 progrediuntur
1441 1633 1762 1675 contubernias.
1820 1653 1823 1657 s

1110 1718 1216 1769 sed,
1249 1722 1298 1756 ut
1330 1714 1379 1755 in
1412 1715 1563 1757 dubiis
1596 1712 1820 1766 consiliis,
1849 1726 1940 1753 na-

1055 1787 1134 1815 ves
1177 1775 1404 1814 deerant:
1451 1772 1577 1813 ratio
1615 1777 1698 1812 etc.
1787 1770 1946 1812 Dubia

1055 1832 1250 1872 consilia
1289 1836 1417 1877 sunt,
1473 1844 1588 1884 quae
1629 1843 1685 1870 an
1735 1835 1942 1872 eventum

1056 1887 1144 1929 sint
1175 1884 1405 1931 habitura,
1444 1886 1588 1929 adhuc
1609 1885 1835 1927 incertum
1860 1884 1941 1926 est.

1054 1943 1280 1987 Nimirum
1306 1942 1518 1999 Agricola
1550 1958 1654 1989 eum
1679 1949 1834 1984 eontra
1857 1940 1942 1985 Or-

1055 2000 1240 2045 dovicas
1274 1999 1383 2051 iret,
1414 2016 1506 2042 non
1535 2006 1711 2057 poterat
1742 2014 1836 2043 non
1867 1999 1944 2042 du-

1053 2059 1154 2102 bius
1178 2065 1297 2106 esse,
1328 2074 1384 2101 an
1405 2058 1596 2101 Monam
1619 2055 1811 2099 insulam
1842 2071 1945 2098 mox

1055 2115 1400 2173 adgrederetur:
1431 2131 1534 2157 nam
1559 2130 1631 2158 res
1655 2114 1874 2171 pendebat
1897 2127 1946 2155 ex

1054 2173 1159 2216 belli
1186 2181 1343 2215 contra
1357 2171 1611 2216 Ordovicas
1638 2171 1832 2229 suscepti
1863 2169 1946 2225 exi-

1055 2240 1116 2275 tu.
1199 2229 1354 2285 Quare
1393 2237 1440 2272 ut
1479 2229 1526 2272 in
1565 2227 1710 2271 dubiis
1750 2226 1952 2272 consiliis

1058 2304 1188 2332 naves
1223 2302 1316 2329 non
1351 2295 1582 2345 paraverat
1612 2286 1666 2329 ad
1702 2284 1946 2343 expeditio-

1058 2361 1186 2396 nem,
1229 2345 1395 2402 quippe
1432 2343 1671 2392 incertarn3
1722 2343 1839 2385 unde
1878 2341 1950 2383 fa-

1059 2412 1183 2446 ctum
1210 2410 1298 2452 est,
1332 2409 1380 2443 ut
1403 2409 1581 2458 peraeta
1606 2407 1764 2442 eontra
1788 2398 1946 2442 Ordo-

1060 2460 1176 2502 vicas
1212 2459 1513 2517 expeditione,
1553 2473 1656 2499 eum
1691 2455 1948 2500 instandum

1058 2514 1204 2558 famae
1262 2522 1487 2561 censeret,
1549 2528 1680 2559 naves
1731 2513 1948 2559 deessent.

1062 2572 1159 2615 Viri
1221 2572 1341 2615 docti
1402 2571 1538 2630 igitur
1590 2569 1636 2614 in
1701 2571 1947 2620 emendan-

1055 2629 1114 2672 do
1187 2629 1291 2672 loco
1370 2644 1554 2686 operam
1637 2627 1949 2686 perdiderunt.

1056 2685 1285 2730 Acidalius
1325 2701 1452 2729 more
1485 2701 1567 2728 suo
1603 2685 1948 2743 transponebat:

1054 2758 1198 2786 naves
1229 2747 1453 2787 deerant:
1495 2745 1609 2798 sed,
1644 2741 1766 2785 ut‘in
1797 2742 1949 2793 dubiis

1056 2802 1275 2856 consiliis,
1321 2801 1446 2843 ratio
1470 2808 1555 2844 ete.
1629 2798 1695 2842 Io.
1724 2800 1797 2843 Fr.
1825 2798 1948 2843 Gro-

1057 2858 1216 2902 novius
1245 2859 1463 2916 probante
1484 2856 1714 2902 Ernesfio:
1754 2860 1861 2912 sed,
1898 2865 1950 2899 ut

1060 2918 1109 2958 in
1135 2917 1298 2958 subitis
1323 2914 1536 2969 consiliis,
1568 2929 1715 2957 naves
1738 2917 1949 2958 deerant.

1059 2973 1141 3015 Vir
1177 2975 1336 3016 doctus
1369 2971 1415 3014 in
1451 2971 1642 3029 Ephem.
1677 2972 1740 3016 lit.
1777 2973 1870 3016 len.
1906 2989 1948 3015 a.

1061 3030 1187 3074 1816.
1206 3029 1327 3087 p.74.
1341 3033 1437 3077 sed,
1460 3038 1511 3072 ut
1532 3032 1579 3072 in
1592 3031 1743 3072 dubiis
1755 3029 1950 3072 consiliis

1064 3090 1223 3142 (naves
1244 3089 1483 3142 deerant),
1522 3088 1644 3130 ratio
1673 3095 1716 3129 et
1738 3103 1773 3131 c.
1804 3089 1850 3130 d.
1886 3094 1945 3128 tr.

1059 3143 1298 3202 Sellingius
1341 3143 1389 3186 in
1420 3143 1639 3187 Observv.
1676 3160 1772 3203 pag.
1803 3146 1855 3186 14
1877 3160 1943 3201 sq.

1057 3201 1321 3259 particulam
1368 3208 1418 3243 ut
1453 3217 1538 3259 pro
1581 3201 1793 3246 adverbio
1834 3209 1943 3243 tem·

1057 3258 1176 3316 poris
1199 3257 1391 3317 accepit:
1421 3262 1505 3302 Ais
1531 3261 1640 3302 aber
1664 3260 1712 3300 in
1731 3262 1815 3299 der
1833 3258 1947 3299 Ver·-

1057 3318 1279 3370 {egenhen
1310 3317 1444 3359 keine
1467 3316 1635 3370 Schtffe
1672 3319 1735 3358 da
1768 3329 1943 3369 waren,
1997 3353 2001 3358 .

1059 3373 1112 3415 de
1157 3373 1283 3416 cuius
1327 3373 1708 3430 interpretationis
1759 3372 1944 3417 veritate

1059 3430 1226 3473 nemini
1253 3430 1548 3488 persuadebit.

1111 3521 1291 3574 patrius
1338 3521 1486 3564 nandi
1526 3534 1653 3565 usus..
1737 3520 1856 3566 Haec
1891 3522 1947 3564 ad
