2150 4022
7 2256 14 2262 ·
94 2233 331 2278 duxerunt.

459 315 983 379 DIALOGUS.

1070 316 1188 376 CA
1203 311 1269 380 P.
1297 317 1408 376 29.
1444 319 1542 376 30.
1784 316 1922 377 ‘345

80 452 174 508 dis
199 469 309 506 nec
332 448 398 504 in
420 447 743 504 evolvenda
767 447 1116 522 antiquitate
1142 469 1251 504 nec
1278 448 1343 504 in
1370 446 1579 504 notitia
1607 447 1700 502 vel
1719 463 1926 504 rerum

82 535 178 593 vel
203 531 515 592 hominum
542 533 639 588 vel
662 543 993 607 temporum
1025 533 1164 588 satis
1191 538 1404 607 operae
1429 533 1766 592 insumitur.

246 643 438 704 XXX.
521 642 639 700 Sed
695 653 1046 718 expetuntur
1058 688 1075 711 ‚

1169 663 1316 718 quos
1366 639 1632 711 rhetoras
1685 636 1925 701 voeant:

85 750 335 808 quorum
371 728 652 804 professio
682 728 918 804 quando
951 729 1206 803 primum
1239 728 1303 784 in
1326 723 1481 783 hanc
1505 729 1710 784 urbem
1739 728 1930 785 intro-

85 818 259 872 ducta
287 814 360 870 sit
385 833 677 890 quamque
701 813 928 868 nullam
954 811 1385 887 apud-maiores
1411 824 1642 869 nostros
1671 811 1929 885 auctori*-

8 922 15 927 ·
83 898 280 958 tate‘m*
306 895 609 969 habuerit,
675 897 869 954 statim
915 897 1211 966 dicturuS‚
1280 897 1529 953 referam
1555 904 1798 955 ‘necesse
1842 909 1929 955 est

87 1117 280 1162 minibus
316 1117 469 1161 eadem
503 1126 726 1161 structura
758 1122 968 1174 usurpata
1038 1118 1172 1172 prius
1195 1132 1277 1171 ea,
1324 1130 1444 1174 quae
1475 1125 1586 1160 sunt
1611 1117 1712 1159 'mic
1739 1123 1929 1159 eontra-

88 1185 169 1220 est.
211 1176 298 1219 Sed
325 1185 516 1218 veterem
541 1175 782 1218 lectionem
797 1172 971 1216 Dronk-

90 1235 265 1277 Osann.
289 1242 330 1274 et
354 1232 498 1276 Orell.
526 1240 821 1283 revocarunt,
855 1230 972 1288 quia,

88 1298 138 1333 ut
181 1288 357 1333 Dronk.
387 1286 576 1348 'inquit,
641 1289 800 1332 diversi
846 1303 972 1331 casus

89 1349 220 1391 etiam
246 1348 300 1390 ab
323 1347 419 1390 aliis
443 1347 738 1405 scriptoribus
762 1344 973 1403 copulan-

87 1414 180 1448 tur.
242 1404 327 1449 Sed
352 1405 465 1455 loci,
507 1405 559 1447 ad
584 1420 698 1461 quos
723 1403 792 1447 vir
814 1404 975 1446 doetus

89 1461 380 1519 provocavit,
411 1463 465 1516 ad
489 1462 606 1506 aliud
632 1460 810 1504 dicendi
835 1459 976 1516 'genus

89 1521 344 1577 pertinent,
405 1519 479 1562 ubi
523 1519 706 1562 nomina
752 1519 975 1560 diversam

89 1576 344 1620 adsciscunt
392 1585 696 1626 structuram;
757 1583 800 1617 at
847 1588 975 1627 vero,

90 1633 167 1677 ubi
205 1649 330 1677 casus
355 1633 530 1678 -diversi
569 1634 712 1675 eide-m
747 1631 976 1688 praeposi-

90 1689 205 1733 tioni
259 1691 492 1749 eidemque
543 1691 680 1733 verbo
733 1689 976 1732 coniuncta

91 1748 205 1798 sint,
257 1747 364 1792 tales
398 1748 522 1792 locos
558 1764 641 1791 nec
672 1745 858 1805 protulit
895 1760 978 1787 nec

92 1805 315 1863 proferet,
347 1822 506 1864 spero,
538 1821 751 1862 unquam.

150 1878 416 1920 insumitur.
514 1876 650 1920 MSS.
706 1875 846 1932 Neap.
905 1877 978 1927 [et

94 1934 249 1988 Farn.]
277 1936 532 1979 insumere.

152 2005 264 2050 (ΖΜ).
288 2005 356 2050 30.
416 2013 717 2060 expetuntur.

94 2062 230 2120 Neap.
273 2062 373 2105 odd.
418 2063 536 2120 Lips.
582 2071 624 2106 et
672 2077 772 2120 sqq.
820 2075 980 2103 omnes

92 2129 268 2178 praeter
280 2119 457 2162 Dronk.
483 2119 708 2163 etOsann.
728 2152 740 2173 ‚
778 2117 856 2176 qui
880 2116 981 2160 edd.

88 2179 199 2219 ¹vett.
233 2178 533 2235 corruptelam
567 2184 872 2230 expectantur
903 2191 976 2217 re-

403 2235 565 2278 Facitis
607 2242 700 2277 erat
746 2234 979 2288 utriusque

94 2291 298 2334 vocabuli
344 2292 550 2335 confusio
597 2293 641 2334 in
684 2291 812 2333 buius
854 2289 978 2332 verbi

95 2348 314 2405 scriptura
338 2350 459 2406 prius
483 2349 668 2400 usitata,
697 2347 757 2390 cf.
779 2346 980 2388 Draken-

95 2405 255 2449 borch.
277 2406 332 2448 ad
353 2406 450 2450 Liv.
473 2408 539 2456 10,
559 2406 600 2453 7,
621 2406 665 2446 2.
699 2427 756 2436 ——
803 2403 980 2446 Deinde

98 2461 199 2504 edd.
225 2462 343 2520 Spir.
380 2462 481 2506 Put.
515 2463 612 2505 ttiv.
651 2461 754 2506 Ber.
788 2461 888 2503 Ate.
929 2467 980 2501 ut

98 2519 305 2562 exhibent
344 2528 445 2564 ante
488 2534 711 2575 quorum,
761 2517 883 2575 quod
925 2517 978 2559 ab

98 2575 314 2620 Rhenano
331 2576 443 2620 bene
464 2578 685 2620 subtatum
712 2585 790 2618 est.
807 2597 866 2607 --
897 2574 980 2616 De·

98 2633 709 2750 ἓὶίἰῖυθ(όξεωεάᾳω8ιὲἰιιᾳυῖ)ιί·ἓ
716 2632 871 2732 uiguit-n
878 2630 983 2731 Pet?-

98 2777 218 2805 rasse
257 2770 381 2806 certo
421 2763 541 2817 scio)
583 2770 720 2805 exstat
759 2749 836 2821 ,ᾇᾷ
876 2758 908 2802 i.
941 2774 980 2801 e.

99 2835 388 2878 quanquam.

158 2904 201 2945 q.
232 2903 281 2932 η.
316 2921 330 2932 .
351 2919 364 2932 .
400 2891 731 2931 auctoritatem
763 2887 984 2937 habuerit,

101 2947 268 2990 statim
291 2948 500 2990 dicturus
515 2977 529 2996 ,
570 2946 775 3001 reseram
799 2958 984 2987 necesse

103 3010 172 3048 eu
219 3005 445 3046 animum,
539 3004 828 3046 Exhibuimus
877 3002 986 3044 haec

103 3059 259 3108 verba.
301 3067 396 3103 uta
422 3062 454 3105 Ι.
479 3062 553 3104 Fr.
577 3061 776 3104 Gronov.
807 3059 984 3103 Obser-

103 3124 206 3160 vatt.
239 3117 282 3172 8,
317 3120 362 3163 4.
403 3135 447 3175 p.
481 3119 582 3161 462.
625 3122 691 3176 [p.
727 3118 826 3162 228.
868 3117 985 3173 expl.

104 3175 324 3231 Frotsch]
375 3176 605 3220 emendata
656 3184 792 3227 sunt,
853 3173 987 3229 idque

105 3248 160 3274 eo
199 3234 337 3289 magis
377 3233 496 3288 quod
534 3233 580 3275 in
621 3233 828 3276 restituto
871 3247 987 3275 con-

105 3288 309 3333 iunctivo
358 3292 569 3332 habuerit
610 3289 684 3332 ina
735 3287 988 3332 emendatio

107 3346 209 3390 MS.
222 3346 360 3404 Neap.
377 3347 516 3397 [idem
539 3348 591 3389 de
612 3347 714 3390 cod.
730 3348 863 3389 Fax-n.
878 3344 987 3387 Bek-

108 3401 240 3446 kei-us
280 3409 484 3458 testatur]
539 3404 794 3447 testimonio
848 3403 982 3445 stabi·

110 3460 182 3502 lita
245 3461 313 3504 uit.
407 3460 614 3505 Gronov.
672 3471 773 3504 ante
831 3460 989 3502 oculos

108 3517 312 3561 habuisse
373 3521 549 3562 videtur
616 3516 767 3561 locum
834 3517 987 3572 Quiu-

111 3573 176 3617 til.
223 3575 332 3619 lnst.
380 3591 449 3618 or.
495 3576 535 3625 8,
573 3576 614 3623 3,
659 3579 731 3619 41.
783 3585 990 3618 ceterum

110 3637 339 3684 dicturus,
393 3635 547 3688 quibus
590 3641 783 3675 ornetur
827 3633 993 3683 oratio,

776 2003 854 2047 Sic
876 2003 977 2046 MS.

1042 1176 1120 1218 ria
1142 1177 1300 1229 laudi,
1333 1176 1596 1228 attingam,
1639 1190 1722 1230 qua
1747 1174 1931 1232 quidem

1043 1250 1091 1274 ex
1139 1231 1475 1290 comparatione
1517 1231 1747 1289 probabile
1792 1230 1931 1273 videri

1043 1299 1191 1348 posset
1248 1292 1382 1345 prius
1440 1297 1481 1331 et
1545 1289 1632 1332 hoc
1694 1288 1797 1331 loeo
1852 1289 1932 1330 in-

1043 1357 1311 1405 terponere,
1392 1347 1474 1389 nisi
1527 1344 1630 1388 libri
1683 1346 1736 1388 ad
1788 1360 1932 1389 unum

1047 1421 1204 1447 omnes
1246 1414 1404 1448 contra
1445 1404 1531 1446 tale
1577 1402 1932 1445 additamentum

1047 1463 1262 1504 dicerent.
1325 1460 1611 1504 Gronovium
1633 1460 1805 1516 sequuti
1827 1468 1933 1504 sunt

1047 1520 1301 1563 Heumann.
1335 1519 1516 1576 Bipont.
1549 1517 1756 1561 Oberlin.
1793 1515 1931 1572 [Bek-

1047 1576 1141 1619 ker.
1164 1576 1380 1619 Boetticb.
1405 1583 1447 1618 et
1466 1576 1671 1631 Ruperta]
1688 1607 1700 1626 ,
1732 1590 1847 1617 unus
1869 1575 1933 1618 of·
1989 1587 1991 1590 ’

1047 1634 1201 1676 sensus
1247 1642 1311 1677 est
1355 1631 1696 1677 Schurzsseisch.
1739 1632 1788 1674 in
1835 1647 1937 1676 voc.

1049 1694 1239 1744 statim,
1277 1706 1412 1749 quam
1443 1690 1544 1733 ideo
1569 1705 1671 1747 &non
1702 1687 1932 1733 ferendam

1049 1749 1257 1806 putabat,
1298 1750 1418 1806 quod
1452 1763 1548 1806 cap.
1574 1746 1645 1788 35.
1670 1746 1850 1789 demum
1879 1747 1934 1790 de

1051 1822 1099 1848 ea
1124 1822 1170 1848 re
1194 1821 1340 1848 sermo
1365 1804 1591 1848 habeatur.
1652 1804 1700 1846 ln
1727 1804 1830 1847 edd.
1854 1820 1936 1847 an—

1050 1863 1133 1921 tiq.
1172 1864 1309 1906 verba
1347 1869 1449 1918 sunt
1481 1861 1588 1905 haec
1620 1875 1660 1915 q.
1690 1877 1736 1904 n.
1760 1895 1776 1905 ,.
1805 1891 1818 1905 .
1844 1893 1856 1905 .
1887 1880 1938 1906 α.

1049 1921 1239 1975 habuit,
1270 1921 1434 1963 statim
1454 1924 1511 1961 de
1534 1919 1684 1962 curiis.
1730 1919 1938 1972 reseram

1051 1986 1134 2020 etc.
1159 1993 1271 2035 quae
1295 1977 1480 2019 servavit
1494 1975 1690 2034 Lipsius,
1716 1975 1938 2020 asteriscis

1050 2042 1154 2077 ante
1174 2035 1320 2078 curiis
1354 2034 1508 2091 positis
1538 2034 1592 2075 ad
1619 2033 1826 2076 lacunam
1854 2034 1939 2077 de—

1050 2092 1340 2148 signandam,
1390 2091 1633 2147 eademque
1662 2101 1940 2135 revocarunt

1051 2148 1231 2192 Dronk.
1257 2149 1428 2192 Osann.
1453 2156 1495 2189 et
1515 2147 1657 2191 Orell.
1685 2157 1784 2206 post
1804 2151 1940 2193 curias

1049 2207 1234 2250 lacunae
1277 2207 1400 2263 signa
1445 2215 1678 2262 ponentes.
1761 2205 1938 2264 Lipsius

1050 2265 1277 2320 corrigere
1313 2263 1497 2305 volebat
1534 2265 1694 2305 statim
1732 2266 1940 2306 decursis

1050 2322 1126 2364 his
1157 2337 1222 2365 sc.
1253 2322 1406 2362 dicam
1443 2319 1512 2363 vel
1542 2335 1794 2374 promam,
1839 2336 1940 2364 ma-

1052 2379 1116 2435 gis
1159 2387 1311 2420 tamen
1352 2377 1399 2418 in
1435 2375 1664 2432 Rudolphi
1697 2376 1939 2434 Agricolae

1052 2435 1411 2477 emendationem
1444 2433 1718 2476 inclinabat:
1774 2439 1940 2481 statim

1051 2496 1279 2542 docuero,
1318 2507 1429 2548 quae
1454 2490 1698 2539 Pichenae,
1741 2490 1938 2552 Berneg-

1052 2564 1145 2604 ger.
1182 2547 1387 2591 Gronov.
1421 2548 1599 2590 Ernest.
1634 2547 1824 2592 Seebod.
1864 2552 1936 2594 ed.
1980 2551 1984 2555 ’

1052 2621 1120 2663 pr.
1139 2605 1323 2663 placuit.
1364 2605 1414 2647 lu
1435 2603 1674 2662 exemplari
1690 2604 1939 2652 pithoeano

1052 2665 1215 2705 statim
1278 2664 1475 2705 audietis
1535 2677 1792 2719 expressum
1860 2675 1940 2718 est,

1053 2720 1177 2776 quod
1222 2720 1275 2761 ab
1312 2719 1414 2764 edd.
1450 2727 1553 2762 vett.
1587 2719 1722 2762 nimis
1752 2722 1936 2768 recedit.

1054 2774 1396 2820 Schurzsseisch.
1420 2776 1636 2819 coniecitt
1663 2776 1840 2821 SCtum
1861 2784 1941 2822 do·

1054 2837 1209 2877 cuerit.
1282 2833 1457 2876 Omnes
1491 2832 1555 2875 illi
1591 2835 1751 2876 habuit
1783 2852 1941 2882 serva-

1053 2900 1162 2935 runt
1193 2890 1376 2933 minime
1411 2888 1675 2943 ferendum3
1713 2892 1944 2941 Acidalius

1055 2964 1170 2995 vero
1203 2947 1418 2990 habuerit
1454 2948 1645 2990 correxit
1676 2956 1719 2990 et
1750 2965 1799 2992 ex
1831 2947 1941 2996 reli-

1056 3005 1156 3063 quis
1185 3004 1337 3049 verbis
1371 3005 1535 3046 statim
1562 3005 1732 3050 dicam.
1801 3008 1942 3054 Prius

1056 3062 1262 3117 reseram
1302 3071 1385 3105 etc.
1430 3061 1621 3114 effinxit,
1687 3066 1808 3119 quod
1860 3084 1943 3112 ve-

1057 3136 1159 3162 rum
1202 3135 1294 3161 esse
1333 3117 1418 3160 soli
1459 3118 1670 3162 Schulzio
1714 3127 1944 3178 persuasit.

1057 3176 1297 3234 Tyrwhitt.
1335 3178 1512 3219 dicetur
1558 3176 1735 3234 scripsit
1782 3179 1827 3223 in
1867 3200 1945 3226 re-

1059 3234 1190 3291 liquis
1235 3231 1489 3276 Acidalium
1529 3242 1770 3290 sequutum
1838 3238 1944 3285 See.

1059 3290 1166 3334 bod.
1199 3290 1272 3333 ed.
1303 3305 1374 3348 pr.
1407 3292 1568 3332 statim
1600 3293 1805 3337 dicturus
1839 3312 1944 3341 sum

1061 3348 1134 3391 vel
1157 3350 1305 3388 dicam
1329 3348 1519 3399 curiose,
1542 3348 1586 3390 in
1604 3347 1673 3390 ed.
1692 3349 1764 3392 alt.
1782 3362 1942 3398 exstat

1059 3405 1109 3447 ιή
1155 3404 1349 3446 decretis
1399 3407 1621 3447 censoriis
1666 3411 1946 3466 excogitavit,

1059 3463 1179 3504 unde
1203 3461 1374 3504 Osann.
1403 3460 1659 3519 exemplaris
1689 3468 1943 3526 corruptela

1062 3526 1220 3562 exstat
1254 3522 1311 3561 de
1342 3521 1479 3562 curiis
1514 3518 1630 3561 haud
1668 3518 1801 3566 dubie
1841 3536 1942 3570 nata

1062 3584 1142 3619 est.
1194 3598 1252 3607 —
1318 3576 1370 3618 ln
1408 3591 1533 3633 seqq.
1575 3573 1810 3623 molestum
1853 3593 1945 3628 erat

1064 3631 1269 3678 Acidalio
1308 3635 1518 3677 um‘mum
1560 3636 1653 3687 cul,
1728 3638 1848 3694 quod
1899 3653 1945 3683 ut
