2150 4022
588 290 1121 355 DIALOGUS.
1209 292 1406 356 CAP.
1447 295 1504 353 9.

1836 294 1961 354 259

110 426 349 504 pitiare,
396 441 559 480 suam
589 414 840 496 experiri
874 422 1325 480 liberalitatem?
1368 424 1586 494 adiice,
1626 423 1786 500 quod
1817 445 1959 498 poe-

112 514 220 581 tis,
264 509 316 566 si
345 509 523 565 modo
558 507 805 580 dignum
830 507 1059 584 aliquid
1095 507 1399 564 elaborare
1425 521 1481 565 et
1509 510 1732 566 efficere
1758 510 1964 578 velint,

111 594 498 670 relinquenda
536 593 902 649 conversatio
943 591 1266 649 amicorum
1306 604 1363 649 et
1402 593 1738 651 iucunditas
1776 594 1962 663 urbis,

113 680 428 738 deserenda
455 688 642 735 cetera
667 677 852 734 officia
869 723 885 746 ,
942 688 1122 753 utque
1149 676 1264 752 ipsi
1287 678 1520 747 dicunt,
1575 679 1686 748 „in
1722 698 1962 735 nemora

111 777 169 824 et
195 761 431 862 luc·08”‚
474 762 535 819 id
564 762 736 820 estin
766 762 1185 831 solitudinem,
1228 764 1623 819 recedendum
1653 774 1754 823 est.
1825 780 1830 786 “

112 928 370 986 probatam:
424 940 561 968 suum
607 927 796 980 genium
841 925 1003 980 propi-

113 988 232 1028 tiare
259 983 415 1040 Lquod
439 982 553 1026 falso
577 983 786 1040 opinatur
801 981 935 1025 Bekk.
955 981 1004 1025 in

110 1043 242 1088 Fau-n.
275 1042 480 1096 exstareJ.
539 1040 644 1084 Fuit
677 1041 795 1083 enim
827 1039 1002 1083 unicui·

111 1115 199 1157 que
226 1097 401 1141 homini
431 1097 589 1156 genius
621 1114 754 1145 suus,
794 1097 921 1141 euius
952 1097 1000 1139 in

112 1156 248 1200 tutela
282 1157 566 1203 versabatur,
616 1155 784 1212 quique
825 1169 913 1197 una
958 1160 1001 1196 et

112 1213 380 1258 nascebatur
422 1222 466 1255 et
509 1213 802 1256 moriebatur.
883 1209 998 1253 Vide

112 1271 303 1328 Interpr.
348 1268 503 1313 Horat.
546 1269 687 1327 Epist.
732 1270 774 1319 2,
819 1271 858 1316 1,
903 1264 1000 1310 143.

110 1330 260 1375 Suum
279 1328 467 1381 genium
485 1328 745 1382 propitiare
766 1325 930 1369 dicitur
948 1324 1000 1374 is,

111 1385 185 1442 qui
227 1399 320 1427 non
360 1382 554 1427 aliorum
598 1399 683 1440 ope
722 1384 897 1427 adiutus
946 1380 1001 1424 ad

111 1440 276 1499 optima
322 1449 364 1483 et
413 1457 588 1484 summa
641 1456 844 1499 quaeque
898 1446 1000 1481 ten-

111 1500 191 1555 dit.
282 1497 500 1555 Opposita
555 1497 664 1541 haec
713 1505 818 1540 sunt
873 1505 1001 1539 ante-

110 1555 385 1610 cedentibus.
443 1553 607 1598 Melius
641 1565 730 1609 est,
776 1553 882 1597 dicit
904 1553 1001 1596 No-

111 1624 226 1668 ster,
258 1611 343 1656 sibi
370 1613 559 1663 debere,
593 1612 756 1668 quibus
791 1626 903 1668 opus
935 1609 1004 1660 sit,

113 1687 245 1729 quam
274 1669 329 1712 ab
353 1667 576 1720 aliorum,
613 1668 836 1726 imprimis
870 1667 1003 1725 prin-

112 1728 223 1787 cipis
248 1729 349 1784 (per
371 1725 498 1779 euius
520 1725 699 1785 genium
720 1726 868 1768 iurare
891 1723 1001 1768 sole·

111 1786 219 1830 bant
230 1783 441 1839 Romani)
454 1782 715 1827 liberalitate
728 1798 775 1826 ea
788 1783 1003 1840 accipere.

114 1844 244 1900 Quae
264 1841 300 1885 si
321 1850 471 1884 teneas
491 1851 713 1891 accurate,
742 1854 1001 1897 cognosces,

113 1916 245 1960 quam
314 1898 413 1941 falsi
466 1898 555 1940 sint
604 1896 783 1940 Dronk.
846 1905 888 1938 et
943 1894 1001 1939 G.

111 1959 326 2010 lacobus,
382 1954 458 2012 qui
500 1956 547 1997 in
588 1970 715 2013 seqq.
758 1953 1000 2003 lectionem

111 2015 214 2059 MS.
248 2013 400 2070 Neap..
422 2011 524 2054 edd.
557 2011 676 2070 Spir.
720 2019 761 2054 et
792 2010 994 2067 'reliqua-

109 2088 214 2116 rum
277 2070 331 2113 ad
387 2064 589 2127 Lipsium
655 2084 795 2112 suam
854 2082 1000 2119 expe-

109 2132 195 2175 riri
212 2128 476 2171 libertatem
500 2126 788 2169 restituerunt
817 2140 900 2183 pro
924 2123 1001 2166 Li-

111 2184 268 2247 psiano
290 2199 328 2228 s.
353 2198 462 2238 exp.
487 2183 812 2226 liberalitatem
835 2214 848 2233 ,
878 2181 1001 2239 quod

55 2280 59 2284 .
111 2252 301 2290 venuste
338 2241 581 2298 opponitur
615 2239 918 2307 indulgentiae
953 2255 1002 2281 ex

112 2316 251 2359 eaque
274 2307 396 2341 ortae
422 2297 671 2339 liberalitati
700 2296 928 2354 principis.

169 2357 446 2400 deserenda.
531 2353 614 2396 Ed.
666 2353 772 2397 Put.
834 2357 997 2396 deser-

91 2412 296 2464 'vanda,
329 2411 447 2454 unde
470 2409 810 2454 Scburzsseiscb.
835 2413 999 2455 deser-

114 2475 262 2515 tanda
295 2467 588 2522 coniiciebat,
636 2469 757 2524 quod
794 2466 998 2510 vocabu-

114 2528 210 2574 lum
234 2526 320 2570 fide
341 2533 461 2569 caret
484 2541 536 2568 ac
557 2523 839 2567 testimoniis.
899 2521 998 2567 MS.

113 2585 254 2643 Neap.
300 2582 579 2639 deserenda,
631 2589 673 2624 et
716 2580 864 2638 paullo
899 2590 1000 2637 post

113 2651 164 2688 ut
187 2656 328 2699 quae,
357 2639 419 2682 uti
442 2638 512 2682 ed.
538 2638 655 2696 Spir.
683 2646 733 2680 ut
756 2653 854 2701 quf.

173 2702 222 2743 in
246 2711 445 2741 nemora
470 2705 514 2739 et
547 2699 689 2738 lucos.
750 2694 878 2751 Quae

117 2758 270 2802 cabula
301 2754 380 2798 etsi
413 2753 527 2796 bene
561 2753 766 2796 distincta
800 2751 887 2794 sint
921 2751 1000 2801 (cf.

114 2815 320 2859 Perizon.
353 2810 405 2854 ad
432 2809 585 2853 Sanct.
614 2811 811 2852 Minerv.
836 2826 882 2866 p.
902 2807 1001 2852 324.

117 2882 160 2916 et
186 2868 473 2917 Doederlein.
505 2868 597 2911 Lat.
629 2865 779 2924 Etym.
816 2875 858 2908 et
890 2865 1002 2924 Syn.

115 2926 224 2970 vol.
239 2925 300 2970 ΙΙ.
325 2941 371 2983 p.
392 2925 461 2968 90.
484 2925 600 2982 sqq.)
616 2957 628 2974 ,
656 2923 917 2982 promiscuo
940 2932 1000 2966 ta·

117 3000 223 3029 men
258 2997 343 3024 usu
376 2990 647 3039 usurpantur
682 2998 764 3024 nec
797 2997 898 3023 raro
934 2979 1001 3023 le-

119 3049 284 3100 guntur
318 3037 574 3085 coniuncta.
657 3037 719 3080 lta
760 3045 1000 3080 recurrunt

119 3114 218 3154 cap.
243 3090 310 3138 12.
335 3093 459 3138 inita
491 3109 688 3148 nemora
710 3109 815 3136 vero
842 3102 886 3136 et
911 3093 1003 3136 luci

119 3162 164 3198 et
185 3159 412 3197 secretum
436 3152 584 3206 ipsum
597 3168 612 3202 ;
651 3150 807 3194 Germ.
833 3167 871 3194 c.
896 3151 935 3201 9,
959 3151 999 3193 5.

118 3215 244 3255 lucos
267 3225 320 3251 ac
341 3222 534 3251 nemora
556 3214 846 3259 consecrant,
873 3225 912 3252 c.
935 3211 1000 3259 10,

118 3269 161 3312 7.
215 3268 383 3310 iisdem
434 3265 700 3307 nemoribus
756 3281 811 3308 ae
869 3266 999 3314 lucas,

120 3341 162 3369 e.
182 3323 252 3375 45,
269 3322 311 3366 9.
330 3322 614 3379 fecundiora
641 3322 782 3376 igitur
801 3336 1000 3364 nemora

119 3385 355 3436 lucosque,
402 3378 458 3423 al.
524 3377 638 3421 Vide
671 3380 914 3422 Burmann.
947 3379 999 3421 ad

120 3435 287 3483 Lucan.
315 3438 351 3487 1,
371 3431 471 3479 453.
511 3434 824 3479 Brouckbous.
851 3434 905 3478 ad
928 3435 967 3476 T
971 3435 1000 3477 i-

120 3494 233 3538 bull.
258 3488 386 3544 3,’18’,
410 3493 451 3536 5.
512 3492 716 3547 Respexit
734 3491 999 3544 haecverba

120 3549 238 3594 Plin.
270 3548 404 3608 Epist.
435 3549 478 3598 9,
515 3551 581 3591 10.
611 3556 835 3603 poemata
869 3549 998 3604 quie-

122 3614 276 3654 scunt,
302 3621 419 3660 quae
443 3613 491 3647 tu
513 3607 634 3647 inter
654 3619 848 3648 nemora
870 3614 914 3647 et
937 3607 1000 3646 lu·

912 2710 1001 2739 VO-

1076 939 1152 968 oos
1191 925 1569 967 commodissime
1611 927 1776 982 perfici
1807 934 1962 983 putas.

1075 980 1365 1033 Sententiam,
1390 997 1562 1025 secessu
1579 983 1737 1041 agresti
1754 993 1796 1026 et
1810 1000 1962 1027 amoe-

1075 1039 1282 1082 nitatibus
1316 1039 1432 1082 ruris
1468 1040 1696 1096 poeticum
1732 1039 1960 1097 ingenium

1074 1095 1250 1139 excitari
1295 1106 1339 1140 et
1382 1095 1676 1148 inflammari,
1723 1098 1962 1156 scriptores

1070 1152 1267 1196 Romani
1291 1161 1498 1211 repetunt
1522 1153 1806 1211 frequenter,
1841 1156 1961 1199 velut

1071 1209 1210 1255 Ovid.
1237 1209 1372 1254 Trist.
1405 1213 1442 1259 1,
1472 1213 1510 1262 1,
1535 1207 1607 1254 41.
1638 1215 1856 1255 carmina
1886 1227 1959 1255 se-

1071 1282 1256 1310 cessum
1275 1269 1513 1311 scribentis
1531 1276 1576 1311 et
1596 1269 1694 1311 otia
1707 1277 1938 1324 quaerunt
1949 1287 1963 1320 ,-

1073 1324 1194 1368 Ptin.
1215 1324 1354 1382 Epist.
1377 1326 1414 1376 1,
1438 1326 1479 1376 6,
1500 1326 1545 1369 2.
1575 1325 1728 1376 223.
1765 1325 1957 1381 9,3ss,6.,

1074 1391 1124 1425 et
1151 1381 1390 1431 Horatius,
1449 1383 1577 1426 cuius
1627 1383 1757 1426 verba
1792 1382 1962 1436 (Carm.

1077 1444 1117 1488 1,
1154 1443 1193 1492 1,
1226 1438 1300 1482 30.
1331 1455 1409 1482 me
1441 1442 1645 1494 gelidum
1671 1454 1840 1483 nemus
1873 1473 1884 1484 .
1912 1472 1925 1485 .
1944 1473 1962 1488 ,.

1073 1504 1323 1539 secernunt
1353 1500 1549 1552 populo,
1594 1506 1637 1540 et
1665 1498 1807 1556 Epist.
1838 1500 1882 1554 2,
1915 1499 1959 1554 2,

1075 1554 1145 1598 77.
1164 1556 1439 1606 scriptorum
1461 1557 1630 1599 chorus
1650 1556 1805 1598 omnis
1829 1563 1962 1598 amat

1073 1625 1242 1669 nemus
1273 1619 1316 1653 et
1339 1611 1472 1667 fugit
1509 1614 1669 1662 urbes,
1708 1616 1798 1655 rite
1823 1613 1964 1662 eliens

1074 1669 1271 1718 Bacchi,
1309 1683 1476 1710 somno
1508 1671 1753 1723 gaudentis
1782 1679 1825 1712 et
1854 1686 1964 1712 um—

1073 1728 1182 1778 bra)
1235 1725 1403 1768 Nostro
1457 1726 1686 1769 obversata
1735 1727 1961 1770 videntur.

1072 1784 1306 1840 Discrepat
1365 1790 1509 1826 autem
1570 1782 1840 1838 Quintiliani
1896 1785 1963 1827 iu-

1073 1841 1242 1883 dicium
1266 1840 1372 1882 [nst.
1397 1855 1466 1882 or.
1498 1841 1564 1892 10,
1583 1840 1625 1888 3,
1646 1841 1720 1883 22.
1744 1856 1844 1897 sqq.
1867 1855 1975 1899 nond

1070 1907 1234 1940 ‚tamen
1250 1897 1473 1950 protinus
1495 1898 1737 1949 audiendi,
1768 1900 1845 1953 qui
1865 1913 1962 1941 cre·

1072 1959 1215 2008 dunt,
1268 1955 1516 2007 aptissima
1553 1955 1602 1996 in
1637 1956 1724 2001 hoc
1764 1971 1963 1999 nemora

1071 2014 1331 2067 siluasque;
1370 2015 1493 2066 quod
1514 2013 1595 2053 illa
1620 2012 1735 2053 coeli
1760 2014 1965 2063 libertas,

1073 2072 1281 2111 Iocorum
1306 2068 1574 2111 amoenitas
1593 2070 1841 2112 sublimem
1865 2073 1963 2113 am'-

1074 2141 1207 2169 vnum
1249 2132 1295 2168 et
1330 2126 1589 2171 beatiorem
1623 2128 1837 2175 spiritum
1868 2144 1964 2181 pa·

1072 2190 1192 2226 rent.
1249 2183 1366 2225 Mihi
1394 2191 1515 2224 certe
1539 2215 1548 2225 .
1569 2213 1607 2227 ..
1634 2184 1864 2227 iucundus
1890 2186 1964 2227 hic

1072 2241 1223 2293 magis
1258 2254 1402 2295 quam
1441 2242 1705 2283 studiorum
1744 2242 1967 2284 hortator

1074 2298 1260 2339 videtur
1282 2311 1380 2338 esse
1401 2311 1623 2339 secessus.
1850 2344 1852 2347 ,

1130 2356 1176 2396 id
1199 2362 1269 2396 est
1289 2355 1335 2394 in
1355 2355 1669 2396 solitudinem.
1711 2385 1737 2406 ,‚
1750 2355 1958 2411 Quoties,

1073 2412 1133 2455 A.
1158 2410 1249 2452 Lan
1285 2410 1350 2451 ius
1373 2410 1518 2467 inquit
1541 2411 1671 2467 p.80.
1692 2412 1751 2469 (p.
1768 2412 1866 2456 XX.
1889 2415 1964 2456 ed.

1071 2467 1186 2520 Dr.)‚
1203 2467 1249 2508 in
1278 2482 1369 2509 1aec
1384 2468 1517 2510 verba
1536 2466 1686 2518 incidi.
1704 2469 1832 2511 toties
1850 2469 1961 2513 mihi

1073 2525 1127 2566 de
1150 2524 1435 2582 glossemate,
1465 2524 1587 2580 quod
1613 2523 1679 2568 vel
1710 2525 1959 2583 explicandi

1072 2581 1153 2624 ista
1192 2581 1385 2622 formula
1422 2581 1592 2636 prodit,
1634 2581 1763 2624 fuere
1799 2599 1958 2640 suspe-

1072 2637 1196 2682 cta.''
1271 2637 1358 2680 Sed
1399 2645 1446 2678 ut
1485 2637 1684 2680 eiusdem
1717 2640 1803 2684 viri
1838 2637 1959 2686 docti

1070 2693 1285 2738 iudicium
1307 2693 1361 2735 de
1374 2693 1465 2738 An.
1478 2695 1517 2749 5,
1532 2695 1574 2738 3.
1590 2695 1959 2753 improbavimus,

1070 2753 1130 2794 ita
1163 2751 1252 2794 hoc
1283 2766 1460 2807 quoque
1493 2752 1842 2810 improbandum
1878 2765 1958 2799 est.

1071 2809 1175 2851 Non
1207 2808 1412 2864 cogitavit
1450 2809 1570 2852 enim
1602 2810 1638 2852 is
1671 2810 1725 2854 de
1749 2809 1959 2855 familiari

1071 2880 1277 2909 sermone
1319 2864 1501 2923 eiusque
1541 2865 1723 2918 indole,
1783 2870 1961 2925 qualem

1071 2922 1324 2965 describere
1346 2923 1438 2965 vult
1460 2922 1666 2972 Tacitus,
1694 2924 1771 2968 ubi
1797 2927 1959 2969 verbo-

1070 2980 1210 3022 siores
1254 2978 1417 3021 addere
1461 2980 1682 3031 solemus,
1751 2997 1864 3039 quae
1909 2983 1956 3026 in

1071 3052 1218 3095 pressa
1271 3035 1474 3079 oratione
1522 3038 1688 3081 rectius
1735 3041 1958 3083 omittun-

1071 3103 1156 3136 tur.
1243 3091 1514 3150 Quanquam
1557 3095 1756 3139 additum
1802 3097 1852 3138 id
1892 3105 1958 3140 est

1071 3150 1334 3207 glossemata
1376 3151 1639 3208 plerumque
1711 3153 1859 3204 rodit,
1910 3163 1959 3197 ut

1071 3207 1186 3264 apud
1214 3205 1309 3248 Cic.
1332 3205 1463 3251 Brut.
1490 3224 1528 3251 c.
1547 3210 1620 3258 62,
1639 3210 1667 3250 2
1697 3210 1740 3253 2.
1762 3211 1958 3253 abduca-

1072 3278 1179 3305 mus
1202 3277 1264 3304 ex
1283 3264 1404 3316 acie,
1445 3265 1494 3306 id
1514 3273 1583 3308 est
1605 3282 1637 3307 a
1659 3267 1837 3308 iudiciis
1850 3299 1862 3322 ,
1895 3275 1958 3309 ta-

1071 3335 1174 3363 men
1200 3319 1350 3362 eadem
1373 3320 1568 3365 formula
1589 3323 1656 3365 vis
1681 3338 1859 3379 quoque
1883 3324 1957 3366 ad·

1072 3377 1222 3420 iicitur
1244 3375 1451 3421 orationi.
1511 3379 1576 3421 Cf.
1592 3378 1804 3422 Valckeu.
1829 3380 1957 3424 diatr-

1072 3435 1116 3476 in
1141 3432 1296 3490 Eurip.
1313 3433 1434 3477 xlx.
1465 3452 1505 3492 p.
1525 3436 1618 3478 194.
1654 3435 1956 3495 Oudendorp.

1072 3491 1124 3534 ad
1141 3489 1311 3547 Appul.
1328 3491 1438 3534 Met.
1455 3495 1495 3535 1.
1528 3509 1569 3551 p.
1583 3492 1654 3536 42.
1714 3492 1954 3537 Ruhnken.

1073 3547 1127 3592 ad
1158 3546 1271 3589 Vell.
1299 3547 1341 3595 2,
1359 3547 1430 3591 23.

1110 3607 1437 3648 ‘recedendum
1458 3613 1538 3650 est.
1575 3605 1674 3652 MS.
1687 3605 1826 3665 Neap.
1840 3609 1934 3657 'edd
1944 3640 1953 3649 .

1231 3663 1364 3721 Re
