2150 4022
583 273 967 343 μιμοῦ
984 276 1115 353 us.
1200 275 1408 346 cAP.
1435 279 1540 337 ει.

130 413 206 473 ab
244 405 366 473 hoc
393 427 527 478 meo
566 407 787 479 iudicio
821 406 1015 467 vide-0.

1854 277 1975 336 311

1074 448 1077 452 »
1102 418 1316 485 quotus
1345 406 1503 467 enim
1527 405 1777 484 quisque
1802 402 1972 466 Calvi

41 539 44 541 -
123 497 197 564 ‚in
215 490 476 564 Asitium
497 493 688 555 autin
711 490 973 555 Drusum
1007 491 1183 567 legit?
1237 504 1306 548 at.
1327 487 1523 557 hercle
1559 492 1624 550 in
1656 487 1968 551 hominum

128 580 523 646 studiosorum
567 578 842 644 manibus
878 587 1188 640 versantur
1225 577 1648 646 accusationes,
1710 595 1857 652 qnae
1902 575 1967 633 in

125 662 433 731 Vatinium
466 663 874 739 inscribuntur
908 683 974 723 ac
998 661 1306 737 praecipue
1335 663 1590 718 secunda
1617 681 1685 718 ex
1710 655 1804 716 his
1831 680 1965 726 oraf-

124 750 226 810 tio.

313 759 398 805 est
426 747 586 804 enim
614 748 810 804 verbis
840 758 1046 804 ornata
1074 757 1130 803 et
1155 746 1457 803 sententiis
1474 791 1490 816 ‚
1533 746 1774 803 auribus
1803 745 1963 804 iudi-

123 855 257 898 cum
282 834 755 896 adcommodata:
799 843 868 891 ut
896 832 1040 890 scias
1063 877 1079 902 ‚
1121 832 1313 908 ipsum
1339 852 1571 909 quoque
1592 829 1842 889 Calvum
1868 830 1966 886 in-

121 1093 243 1131 casse
296 1076 504 1126 videtur,
586 1092 691 1120 nam
741 1075 1010 1122 dissentiunt

117 1136 285 1194 Aquila
312 1134 444 1189 Rom.
481 1135 535 1187 de
564 1134 696 1192 figur.
730 1151 773 1193 p.
808 1135 904 1179 184.
937 1134 1006 1178 ed.

118 1192 300 1295 ἓιίιὲῖηἰι.
327 1201 371 1237 et
398 1208 511 1250 quos
541 1192 603 1235 ibi
625 1191 863 1237 Ruhnken.
888 1207 1004 1240 con-

177 1364 311 1408 Calvi
348 1365 398 1406 in
427 1363 635 1408 Asitium
670 1373 756 1408 aut
788 1366 836 1406 in
868 1363 1003 1407 Dru-

115 1436 238 1464 sum.
325 1420 460 1471 Asitii
513 1437 682 1465 nomen
735 1430 1003 1479 corruptum

115 1494 210 1522 esse
252 1479 458 1530 nonnulli
493 1479 762 1535 censebant,
811 1483 859 1522 in
894 1481 1001 1522 Asi-

113 1537 246 1579 nium
297 1535 471 1593 Lipsius
527 1535 754 1594 corrigere
809 1537 1003 1589 volebat,

115 1593 237 1651 quod
251 1593 437 1639 Osanno
458 1593 622 1650 placuit
635 1609 650 1646 ;
679 1611 702 1636 e
724 1595 825 1637 cod.
848 1594 1001 1637 nescio

115 1667 208 1709 quo
248 1651 455 1693 Muretus
490 1653 538 1694 in
574 1652 801 1693 Ascitium
846 1650 998 1709 legen-

115 1711 222 1752 dum
254 1706 391 1751 suasit
423 1716 467 1750 et
497 1708 713 1766 persuasit
743 1708 918 1751 Orellio
953 1709 1000 1757 in

113 1766 259 1820 Add„
296 1765 392 1807 Cic.
421 1780 506 1822 pro
527 1764 682 1819 Coelio
709 1781 748 1808 c.
779 1769 845 1809 10.
884 1782 998 1808 con-

113 1822 302 1874 ferenti,
338 1823 401 1879 [et
426 1822 761 1878 Boettichero];
801 1822 999 1867 Schurz-

113 1880 285 1931 sseisch.
321 1889 363 1921 et
394 1879 643 1922 Heumann.
674 1897 721 1921 ex
748 1880 918 1925 Charis.
943 1880 999 1923 ll.

112 1954 159 1997 p.
188 1937 288 1981 203.
324 1937 376 1980 Ρ.
423 1939 470 1979 in
509 1938 780 1980 Fuscinium
821 1937 996 1982 ascive-

111 2003 245 2044 runt,
287 2009 392 2049 nam
420 1993 553 2051 vulgo
579 1994 637 2036 ibi
665 1995 884 2053 scriptum
908 2001 998 2037 est:

111 2052 318 2095 Licinius
343 2051 511 2094 Calvus
532 2052 578 2092 in
598 2051 646 2092 F
641 2052 871 2094 uscinium
898 2068 996 2093 am-

110 2112 226 2164 bitus
248 2122 414 2164 reum,
451 2108 527 2152 sed
551 2109 598 2151 in
621 2109 866 2151 Vatinium
891 2125 989 2152 cor-

109 2166 509 2268 rEigenldtpln'uaeisst
534 2174 578 2209 et
619 2165 792 2266 Nicol.R
810 2166 994 2266 Ῑὶοῗιείε

181 2241 193 2266 1
322 2258 331 2266 .
513 2255 523 2265 .
614 2239 719 2264 uem
797 2239 822 2265 u
857 2239 884 2266 n
923 2241 992 2267 en.

111 2241 177 2327 ,ἕ
190 2239 347 2337 Χιιῖιῑι.
371 2259 503 2322 ιὶόη..
527 2239 803 2325 i'nqudend.
828 2297 873 2338 p.
895 2281 993 2324 276.

113 2341 177 2396 [p.
200 2338 300 2380 216.
336 2337 402 2386 ed.
439 2337 662 2391 Frotsch]
696 2337 909 2389 laudavit,
951 2346 994 2380 et

110 2411 217 2440 cum
242 2393 439 2441 Ellendt.
469 2392 732 2436 Weichert.
770 2392 994 2451 perspexe-

109 2462 231 2496 runt.
291 2450 540 2507 Schulting.
570 2450 838 2493 coniiciebat
861 2452 998 2494 Calvi

111 2513 204 2553 ista
225 2511 274 2551 in
297 2509 512 2551 Asinium
529 2502 582 2563 (i.
608 2524 647 2549 e.
670 2507 870 2549 Asinium
895 2508 994 2550 Pol-

110 2567 327 2619 lionem);
354 2563 615 2608 Thorbeeke
637 2564 690 2606 de
703 2565 859 2606 Asinio
877 2565 993 2608 Poll.

109 2642 154 2683 p.
177 2624 247 2667 79.
271 2624 490 2667 Asidium
517 2622 686 2678 legebat
711 2629 754 2662 et
780 2621 994 2666 intellexit

108 2682 336 2729 Sabinum
362 2681 574 2724 Asisium
614 2695 637 2721 a
674 2679 840 2722 Seneca
876 2679 994 2722 Sua-

42 2790 45 2791 ?
108 2755 200 2783 sor.
245 2739 288 2781 2.
342 2755 388 2796 p.
437 2737 506 2781 18.
560 2745 993 2789 co1nn1emo1·atum;

109 2795 374 2850 Weichert.
397 2795 587 2850 denique
610 2794 758 2835 Poett.
790 2792 885 2841 latt.
916 2810 990 2836 re-

109 2854 188 2911 liq.
222 2868 271 2910 p.
305 2853 398 2896 112.
442 2855 489 2894 in
531 2853 751 2894 Messium
795 2851 992 2909 corrigit,

107 2926 203 2963 uon
217 2918 424 2968 reputans
447 2925 550 2966 pro
567 2907 783 2951 Messio
799 2907 989 2951 Calvum

111 2966 284 3011 dixisse.
352 2966 438 3009 Sed
472 2965 582 3009 latus
617 2981 799 3022 campus
831 2967 987 3009 conic-

112 3024 249 3067 eturis
273 3032 413 3080 patet,
450 3039 637 3080 quarum
667 3022 835 3065 nullam
861 3022 988 3065 facile

110 3081 389 3138 probabilem
410 3081 665 3122 reddideris.
706 3080 986 3122 Servandum

110 3139 268 3195 igitur,
297 3138 415 3194 quod
441 3138 576 3193 vulgo
599 3146 684 3188 est,
715 3138 763 3178 in
787 3139 988 3179 Asitium,

114 3198 155 3253 [‚
186 3202 234 3237 ut
276 3194 410 3236 llenr.
454 3194 624 3251 Meyer.
666 3193 827 3250 fragm.
875 3206 986 3242 orat,

110 3253 246 3294 Rom.
290 3269 330 3310 p.
361 3251 461 3295 203.
504 3251 644 3306 secit].
689 3275 739 3282 -
814 3252 987 3295 Drusus

112 3310 187 3368 qui
230 3309 308 3363 sit,
358 3307 555 3365 exposuit
586 3309 851 3361 VVeichert.
891 3309 921 3352 Ι.
960 3311 987 3351 Ι.

115 3367 251 3466 ssqmd
297 3366 352 3410 H.
401 3367 573 3423 Meyer.
619 3365 648 3407 l.
693 3365 720 3408 l.
767 3384 810 3423 p,
848 3367 987 3422 2054

114 3426 118 3429 ’
155 3431 287 3471 roter,
311 3425 582 3481 transposuit
608 3424 743 3465 verba
760 3457 772 3478 ,
805 3440 989 3468 accusa·

115 3483 262 3523 tiones
308 3489 408 3523 ante
454 3481 585 3522 Calvi
629 3479 862 3523 collocavit
917 3482 989 3523 id-

113 3552 200 3595 que
223 3537 490 3582 vocabulum
515 3538 559 3579 in
582 3553 677 3596 sqq.
700 3537 889 3594 delevit3
918 3539 991 3582 sed

115 3594 246 3644 talem
272 3594 456 3653 ellipsim
482 3596 580 3653 quis
604 3610 694 3639 non
718 3594 864 3640 serat?

1132 1076 1377 1119 hominum
1434 1076 1769 1119 studiosorum.
1855 1074 1962 1119 Non

1079 1150 1191 1192 opus
1225 1143 1314 1181 est,
1357 1140 1406 1176 ut
1428 1149 1532 1177 cum
1553 1131 1726 1177 Acidal.
1751 1134 1964 1175 omnium

1078 1192 1355 1249 corrigatur,
1396 1206 1668 1249 quamquam
1701 1190 1963 1235 coniectura

1076 1248 1285 1292 facilitate
1331 1264 1408 1291 sua
1442 1247 1734 1300 Heumanno,
1781 1246 1963 1290 schulz.

1077 1305 1266 1350 Seebod.
1294 1314 1337 1348 et
1358 1305 1532 1348 Orellio
1556 1321 1602 1348 se
1631 1303 1962 1349 commendavit

1075 1365 1291 1421 [itemque
1309 1362 1629 1421 BoettieheroJ.

1132 1463 1250 1502 quae
1281 1451 1327 1489 in
1355 1446 1600 1498 Vatinium
1630 1447 1959 1491 inscribuntur.

1073 1506 1212 1549 MSS.
1263 1504 1401 1561 Neap.
1459 1504 1615 1554 [Fam.
1666 1513 1702 1547 t.
1752 1501 1961 1556 Iiekken]

1071 1565 1359 1616 scribuntur,
1393 1562 1542 1618 priora
1563 1560 1729 1618 syllaba
1755 1561 1812 1603 ob
1837 1577 1957 1616 prae·

1072 1621 1234 1664 cedens
1255 1622 1349 1662 ium
1374 1618 1519 1662 deleta
1545 1642 1599 1653 —-
1632 1618 1765 1661 MSS.
1791 1616 1958 1662 Vaticc.

1073 1688 1115 1721 et
1138 1677 1240 1720 edd.
1263 1677 1467 1733 antiquae
1489 1676 1862 1729 conscribuntur,
1907 1691 1958 1718 ex

1072 1751 1163 1792 quo
1178 1732 1520 1778 Schurzfleisch.
1545 1733 1650 1776 fecit
1672 1733 1960 1786 conscriptae

1070 1800 1194 1836 sunt.
1226 1816 1283 1824 ·-
1339 1790 1604 1836 Rectissime
1617 1789 1791 1846 Lipsius
1810 1804 1960 1832 emen·

1072 1850 1194 1893 davit
1227 1850 1570 1902 inscribuntur,
1615 1847 1677 1890 cf.
1706 1863 1744 1890 c.
1769 1847 1841 1890 38.
1865 1860 1955 1891 ex-

1069 1909 1207 1961 ceptis
1229 1908 1515 1949 orationibus
1527 1905 1696 1958 Asinii,
1731 1919 1849 1960 quae
1864 1917 1955 1958 pro

1068 1965 1313 2006 heredibus
1357 1964 1577 2006 Urbiniae
1618 1962 1927 2004 inscribuntur
1939 1977 1958 2012 ;

1067 2020 1189 2064 Plin.
1222 2021 1302 2077 Ep.
1329 2022 1370 2069 4,
1403 2020 1471 2062 14.
1507 2021 1655 2074 cogito
1689 2021 1775 2060 has
1807 2032 1957 2072 nugas

1068 2091 1200 2120 meas
1232 2080 1300 2120 ita
1332 2079 1597 2126 inscribere,
1634 2075 1951 2131 Hendecasyl-

1065 2138 1189 2187 labi‚·
1227 2135 1321 2178 Cic.
1349 2135 1403 2178 de
1430 2134 1497 2176 off
1533 2135 1574 2185 2,
1596 2133 1666 2181 24,
1685 2133 1757 2175 87.
1789 2134 1950 2175 Xeno·
2027 2164 2030 2169 -

1060 2196 1188 2248 plion
1210 2192 1471 2235 Socraticus
1489 2198 1796 2246 persequutus
1818 2198 1885 2234 est
1904 2192 1953 2234 in

1066 2266 1118 2292 eo
1140 2252 1286 2304 libro,
1333 2252 1410 2305 qui
1432 2249 1762 2292 Oeconomicus
1785 2249 1951 2290 inscri-

1063 2309 1215 2362 bitur,
1268 2307 1376 2350 coll.
1413 2306 1511 2350 Cat.
1550 2306 1653 2348 mai.
1695 2321 1736 2348 c.
1771 2305 1838 2348 17.
1877 2320 1948 2363 pr.

1065 2365 1179 2406 Vide
1212 2364 1354 2407 Beier.
1387 2364 1439 2406 ad
1473 2362 1568 2407 Cic.
1598 2361 1735 2406 Osfic.
1762 2361 1865 2409 Vol.
1891 2361 1950 2406 11.

1066 2438 1108 2480 p.
1129 2421 1200 2467 63.
1259 2421 1331 2463 De
1352 2419 1628 2463 orationibus
1649 2420 1695 2460 in
1720 2419 1947 2462 Vatinium

1065 2478 1121 2522 cf.
1149 2487 1243 2520 not.
1272 2477 1326 2520 ad
1350 2495 1391 2522 c.
1411 2477 1483 2520 34.
1511 2476 1681 2518 Calvus
1706 2508 1741 2519 ..
1767 2478 1824 2519 iis
1844 2491 1948 2519 ora·

1065 2537 1259 2578 tionibus
1284 2567 1293 2577 .
1318 2565 1330 2577 .
1358 2567 1395 2589 .,
1443 2547 1559 2589 quus
1590 2535 1810 2590 hodieque
1843 2549 1948 2577 cum

1064 2594 1384 2634 admiratione
1406 2592 1616 2646 legimus.

1119 2676 1311 2718 auribus
1376 2677 1593 2717 iudicum.
1659 2724 1679 2725 ἡ
1702 2672 1779 2717 Sic
1844 2673 1945 2718 MS.

1062 2733 1200 2790 Neap.
1232 2742 1273 2775 et
1306 2732 1406 2775 edd.
1439 2741 1571 2782 vett.,
1618 2731 1666 2774 in
1701 2732 1862 2789 quibus
1903 2739 1945 2775 ei

1062 2793 1306 2832 sententiis
1330 2790 1528 2846 iungitur
1553 2805 1656 2832 cum
1680 2793 1944 2832 adcommo-

1061 2852 1203 2902 data,
1255 2863 1384 2902 quam
1419 2862 1669 2904 perversam
1703 2847 1946 2889 verborum

1059 2904 1391 2947 distinctionem
1415 2904 1528 2961 Lips.
1558 2902 1732 2948 Pithoc.
1761 2903 1946 2948 Pichen.

1058 2961 1288 3004 Ernestius
1341 2960 1505 3017 aliique
1564 2961 1690 3004 multi
1743 2962 1943 3004 retinue-

1058 3029 1179 3061 runt.
1249 3020 1334 3060 Sed
1360 3018 1508 3061 verbis
1541 3027 1584 3062 et
1616 3019 1845 3062 sententiis
1873 3034 1943 3060 or·

1060 3085 1160 3119 nata
1197 3085 1262 3118 est
1297 3075 1466 3127 oratio,
1517 3091 1660 3133 eoque
1700 3077 1794 3134 ipso
1833 3077 1941 3119 iudi·

1059 3151 1163 3177 cum
1186 3133 1364 3175 ausibus
1386 3133 1742 3177 adcommodata.
1802 3133 1940 3188 Quod

1060 3198 1374 3249 perspexerunt
1417 3189 1514 3246 alii,
1571 3192 1732 3248 quibus
1780 3190 1940 3248 copula

1059 3249 1309 3291 necessario
1334 3248 1658 3305 interponenda
1688 3247 1943 3296 videbatui-3

1058 3307 1234 3348 Schulr„
1274 3304 1410 3359 igitur
1449 3315 1489 3349 et
1525 3304 1734 3347 Oberlin.
1766 3305 1942 3346 Osann.

1061 3362 1207 3406 Orell.
1223 3365 1345 3417 [cum
1364 3363 1650 3416 Boetticher]
1666 3363 1943 3417 auribusque

1060 3428 1374 3472 correxerum3
1414 3419 1644 3462 Dronkius
1666 3428 1709 3461 et
1730 3421 1945 3469 nuribus,-

1062 3477 1349 3520 heumannus
1380 3487 1421 3519 et
1445 3477 1637 3520 Seebod.
1664 3493 1718 3519 ac
1742 3478 1942 3519 nuribus.

1064 3535 1150 3577 Sed
1184 3534 1229 3577 in
1259 3533 1491 3590 ἀσυνὸίτῳ
1520 3534 1638 3577 nulla
1660 3534 1843 3578 offensio
1866 3543 1945 3577 est.

1065 3592 1124 3636 cs.
1150 3592 1414 3640 ltamshom,
1447 3609 1487 3650 p.
1515 3591 1612 3634 514.
