2150 4022
100 239 105 256 '
184 233 270 302 1οχ

533 230 601 292 c,
642 197 1203 293 CORNELIUS
1261 226 1689 293 merrus

177 363 381 436 plures
407 360 518 417 deo
541 373 704 419 ortos
724 360 1040 437 pluresque
1067 356 1257 434 gentis
1283 361 1711 441 adpellationes
1729 406 1764 432 ,χ
1789 360 2045 433 Marsos,

182 444 597 516 GambrivioS,
641 444 898 515 SuevoS,
941 443 1269 502 Vandalios
1299 447 1638 504 adfirmant:
1685 445 1868 523 eaque
1903 469 2044 506 vera

181 542 235 588 et
282 531 526 608 antiqua
573 530 838 591 nomina.

948 527 1225 588 Ceterum
1279 529 1637 588 Germaniae
1688 533 2045 597 vocabulum

179 636 382 674 recens
420 628 477 673 et
513 635 706 690 nuper
729 616 1024 686 additum3
1071 615 1383 692 quoniam,
1426 618 1531 694 qui
1556 617 1736 691 primi
1759 613 2045 675 Rhenum

178 700 526 776 transgressi
566 698 775 758 Gallos
819 701 1180 777 expulerint,
1249 721 1314 758 ac
1359 722 1520 759 nunc
1570 701 1857 777 Tungri,
1902 713 2046 761 tunc

177 955 323 999 visum
352 961 419 999 est
450 953 633 1007 Hessio,
667 953 744 998 sed
777 953 924 997 reddit
959 953 1074 997 ratio

176 1028 285 1056 nem
340 1020 493 1070 estque
550 1027 636 1070 pro
699 1019 872 1066 utpote.
972 1011 1076 1078 Egit

178 1070 310 1113 etiam
347 1070 401 1114 de
432 1068 542 1114 lissl.
579 1069 612 1112 I.
649 1069 700 1114 C.
734 1068 992 1112 Schoberus
1027 1085 1075 1111 ln

177 1127 440 1172 comment.
481 1127 535 1170 de
565 1126 711 1170 Tacit.
752 1126 910 1170 Germ.
955 1142 996 1171 e.
1028 1127 1072 1168 2.

176 1189 221 1241 §.
254 1185 404 1229 5—7.
452 1185 576 1228 1827.
620 1181 663 1228 4.
754 1184 796 1227 Is
834 1199 926 1227 non
971 1183 1074 1238 satis

176 1251 301 1288 recte
325 1251 376 1286 ut
395 1259 474 1303 per
499 1243 659 1300 quasi,
686 1245 811 1285 velut
834 1240 1041 1299 explicat.

237 1317 324 1357 deo
369 1322 516 1357 ortos.
617 1311 854 1371 Bipontini
908 1312 1076 1355 frustra

176 1371 499 1417 coniecerunte
544 1373 602 1413 de
637 1386 690 1413 eo
726 1371 956 1426 (Manno)
992 1383 1078 1410 or·-

177 1437 277 1474 tos:
331 1429 456 1472 Idem
481 1428 644 1482 legitur
666 1428 713 1470 in
737 1426 1078 1471 cod.Hummel.

177 1495 414 1538 contextu3
466 1487 543 1529 sed
576 1487 631 1530 ab
669 1486 822 1529 eadem
857 1500 992 1527 manu
1030 1483 1076 1526 in

176 1544 380 1602 margine
406 1553 634 1586 exaratum
661 1553 727 1586 est
747 1547 849 1586 deo-

234 1615 453 1664 Marsos,
504 1612 833 1659 Gambrivios,
884 1609 1079 1659 Suevos,

179 1673 231 1716 V
225 1671 461 1715 andalios.
510 1670 663 1713 Marsi
684 1668 789 1713 dicti
806 1676 909 1712 sunt
926 1685 949 1711 a
967 1683 1078 1711 voce

175 1730 388 1780 Marsch,
433 1736 551 1772 terra
584 1727 828 1785 uliginosa,
867 1735 916 1769 ut
944 1725 1077 1768 Dich-

175 1801 380 1835 marsen‚
401 1788 729 1831 Stormarsen.
783 1785 1076 1827 Gambriuio-

175 1861 287 1890 rum
319 1860 490 1887 nomen
516 1842 804 1886 Wachterus
839 1841 1020 1884 deducit
1052 1856 1076 1882 a

173 1918 288 1958 gam
310 1901 377 1944 vir
403 1910 444 1944 et
466 1901 566 1954 brig
592 1916 725 1960 pons,
749 1916 832 1957 pro
856 1915 946 1956 quo
959 1897 1075 1940 Lon-

207 1960 322 2004 nlius
352 1959 447 2002 vult
478 1961 642 2009 brach,
690 1958 817 2001 locus
849 1955 1073 2015 palustris.

224 2020 447 2061 andalios
469 2017 541 2060 alii
566 2015 769 2058 derivant
796 2032 818 2058 a
839 2016 1077 2066 τιναηάεῖη,

175 2076 249 2119 alii
283 2092 306 2119 a
333 2076 503 2119 Wand
525 2090 602 2117 seu
632 2072 789 2115 VVend
818 2072 928 2116 h.·e.
953 2072 1072 2115 litus.

174 2133 267 2177 Pro
330 2134 549 2180 Marsos,
612 2131 911 2174 Gambrivios
968 2128 1072 2171 MS.

174 2190 411 2248 stuttgart.
443 2191 570 2244 (teste
602 2188 779 2246 Hessio)
819 2187 908 2230 fert
937 2201 1074 2230 mar-

173 2293 302 2337 sossi
318 2262 613 2347 gambrivos,
647 2299 698 2334 ut
721 2304 827 2334 vera
853 2286 1074 2346 scriptura

175 2350 389 2396 videatur
437 2347 574 2391 fuisse
617 2348 829 2397 Marsos,
877 2346 1071 2399 Sigam-

174 2410 302 2451 bros.
365 2408 532 2451 Utrum
559 2405 622 2449 ibi
645 2407 699 2450 sit
723 2406 767 2447 V
768 2405 992 2446 andalios
1019 2418 1076 2446 an

183 2466 472 2510 Wandalios
510 2464 703 2508 discerni
738 2479 795 2506 ne
830 2461 909 2504 uit.
986 2460 1077 2504 Sed

176 2523 443 2567 Vandalios
489 2521 641 2565 ferunt
681 2521 783 2564 MS.
865 2536 932 2562 ur.
975 2517 1079 2562 edd.

177 2581 208 2624 S
243 2580 299 2625 ir.
331 2580 465 2624 Kath.
500 2578 643 2622 Paris.
674 2576 885 2624 Beroald,
913 2575 1076 2620 Alciat.

176 2638 217 2681 R
252 2653 381 2686 enan.
401 2637 563 2693 (1533.)
593 2637 698 2680 Ald.
725 2652 824 2695 sqq.
860 2642 903 2677 et
934 2648 1080 2691 nuper

177 2695 384 2746 Hessius,
423 2694 677 2747 Bekkerus‚
704 2695 792 2738 alii.
826 2717 882 2726 —
944 2691 1078 2732 Van-

179 2756 317 2797 dalos
349 2753 451 2797 MS.
474 2752 697 2796 Aruudel.
731 2751 834 2795 edd.
867 2750 970 2794 Put.
1007 2747 1077 2791 M.

180 2821 225 2854 et
252 2810 306 2855 V.
341 2811 528 2853 Monac.
553 2808 714 2852 Vienn.
743 2808 887 2852 Rben.
912 2806 1077 2863 (1519.)

178 2869 366 2914 Passov.
395 2864 791 2922 Dilthej.Waleh.
820 2894 879 2902 --
945 2865 1076 2907 Van-
1110 2871 1115 2875 '

179 2928 318 2970 dilios
359 2926 463 2968 edd.
510 2921 719 2966 Norimb.
765 2933 806 2965 et
843 2925 974 2966 Rom.
1021 2948 1079 2956 --

183 2985 440 3028 Vandileas
462 2981 692 3024 Hummel.
717 2982 761 3022 in
786 2981 1003 3038 margine.
1022 3003 1079 3010 —-

180 3041 275 3085 Pro
314 3036 486 3084 Suevos
523 3039 589 3082 ed.
626 3038 766 3080 Paris.
799 3038 932 3081 habet
958 3037 1079 3080 Sue-

182 3102 294 3150 tios‚
346 3098 416 3142 ed.
454 3097 572 3155 Spir.
616 3098 819 3141 Smenos.
862 3120 915 3128 —
990 3095 1076 3140 Ce-

182 3165 330 3200 terum
374 3156 428 3199 de
472 3154 649 3214 populis
679 3152 952 3195 Germaniae
987 3153 1080 3199 vid.

183 3213 303 3259 Plin.
327 3214 383 3258 N.
408 3213 463 3257 Η.
491 3213 533 3262 4,
561 3212 630 3255 14.

244 3285 552 3329 Germaniae.
640 3280 741 3325 Hoc
792 3281 1080 3329 vocabulum,

184 3344 362 3402 explosa
385 3340 619 3384 Strabonis
654 3338 869 3397 opinione
900 3339 994 3396 (qui
1024 3339 1081 3390 7.,

185 3418 231 3460 p.
252 3402 350 3444 290.
387 3400 554 3442 derivat
589 3415 611 3441 a
645 3413 753 3440 voce
785 3395 939 3438 Latina
973 3412 1079 3450 get·-

187 3459 395 3510 manus),
423 3456 493 3499 alii
518 3455 688 3499 factum
712 3454 866 3496 volunt
889 3471 911 3496 a
933 3454 1085 3497 W'ehr

188 3518 395 3571 (guerre)
430 3513 496 3557 vel
529 3529 552 3557 a
579 3511 852 3566 Ger-(hasta)
891 3521 932 3554 et
957 3528 1085 3563 man,

189 3583 238 3618 ut
289 3571 510 3629 intelligas
554 3571 960 3625 Kriegsmic‘nner;
1013 3572 1085 3614 atii

1148 954 1380 997 deducunt
1425 970 1448 998 a
1483 969 1598 998 voce
1622 954 1744 998 Ehre
1773 951 1868 999 sive
1892 951 2049 1004 Here,-

1146 1012 1219 1055 alii
1233 1011 1315 1055 alia
1329 1011 1585 1070 opinantur.
1621 1010 1960 1059 Verisimillima
1980 1017 2047 1058 est

1148 1069 1405 1127 explicatio,
1457 1084 1592 1128 quam
1627 1069 1778 1129 primo
1820 1068 1924 1113 loco
1961 1082 2045 1125 po-

1147 1128 1234 1171 sui.
1293 1127 1411 1170 Nam
1445 1143 1468 1169 e
1489 1142 1620 1195 seqq.
1657 1127 1762 1170 satis
1796 1133 1918 1187 patet
1947 1133 2047 1170 ter-

1146 1201 1298 1229 rorem
1325 1201 1501 1228 nomini
1526 1201 1687 1228 messe.

1204 1271 1370 1311 nuper.
1430 1255 1488 1299 cf.
1510 1264 1607 1299 not.
1633 1255 1686 1299 ad
1717 1272 1756 1300 c.
1781 1257 1824 1299 1.
1883 1253 2045 1316 Oppo-

1147 1313 1270 1357 nitur
1318 1313 1585 1371 antiquitati.
1677 1313 1793 1357 Nam
1833 1311 2044 1357 Germa-

1149 1372 1258 1414 m’ae
1293 1371 1568 1415 vocabulum
1602 1371 1707 1414 inde
1735 1387 1758 1414 a
1794 1369 1894 1414 tulii
1931 1371 2048 1417 Cae-

1150 1429 1258 1472 saris
1292 1429 1572 1486 temporibus
1605 1428 1653 1471 in
1690 1445 1772 1471 usu
1811 1428 1896 1472 fuit
1927 1430 2047 1488 apud

1149 1486 1400 1530 Romanos.
1478 1486 1627 1529 Locus
1661 1486 1708 1529 in
1743 1485 1884 1530 Fastis
1916 1485 2047 1546 Capi-

1150 1545 1231 1588 tol.
1254 1544 1306 1587 ad
1333 1560 1438 1587 ann.
1453 1543 1512 1591 U.
1533 1544 1585 1588 C.
1605 1543 1703 1588 531.
1725 1544 1842 1602 apud
1857 1543 2047 1590 Gruter.

1151 1602 1215 1653 1.,
1255 1618 1299 1660 p.
1332 1602 1432 1644 297.
1470 1601 1623 1645 multis
1671 1611 1903 1660 suspectus
1957 1610 2048 1657 θεῖς

1148 1675 1234 1717 pro
1280 1659 1559 1707 Germanis,
1617 1659 1739 1717 quod
1792 1659 1855 1703 ibi
1898 1667 2048 1711 exstat,

1152 1717 1447 1759 Genomanis
1476 1716 1717 1775 legendum
1743 1732 1837 1760 esse
1861 1727 2048 1762 censent

1149 1775 1400 1818 secundum
1427 1774 1588 1831 Polyb.
1623 1775 1668 1823 2,
1690 1773 1756 1818 17.
1829 1775 1888 1820 cf.
1919 1773 2047 1819 Riihs

1149 1848 1194 1890 p.
1216 1832 1271 1875 93
1299 1848 1398 1888 sqq.
1415 1864 1427 1883 ,
1464 1840 1620 1875 contra
1651 1847 1786 1890 quem
1809 1848 1893 1891 Rro
1919 1833 2048 1877 Ger-

1148 1890 1307 1933 mam's
1333 1889 1528 1948 disputat
1552 1889 1780 1946 Dilthejus
1805 1891 1859 1934 ad
1881 1889 1926 1935 h.
1946 1891 1980 1935 l.

1201 1961 1435 2003 additum.
1510 1958 1686 2015 Lipsius
1724 1959 1923 2004 coniecit
1954 1976 2046 2004 au-

1148 2020 1316 2062 ditum.
1397 2017 1582 2061 Frustra
1625 2026 1667 2060 et
1708 2019 1874 2062 mate.‘
1930 2016 2044 2064 Nam

1147 2091 1324 2120 nomen
1346 2077 1563 2119 additum
1585 2075 1832 2132 opponitur
1861 2078 2054 2122 nomina·

1149 2138 1415 2188 adsumpto.
1475 2132 1576 2175 Hoc
1598 2142 1662 2175 est
1683 2133 1806 2190 quod
1831 2134 1932 2190 quis
1961 2135 2047 2179 sibi

1147 2193 1242 2250 ipse
1262 2191 1400 2240 indit,
1434 2188 1549 2233 illud
1571 2191 1691 2247 quod
1715 2191 1769 2233 ab
1791 2189 1890 2236 aliis
1905 2191 2048 2249 'alicui

1147 2250 1344 2301 inditur,
1407 2248 1544 2305 idque
1590 2247 1710 2291 valet
1757 2247 1812 2295 de
1863 2250 2049 2294 nomine

1148 2307 1514 2358 Germanorum,
1549 2305 1672 2363 quod
1709 2306 1829 2364 genti
1864 2308 1922 2350 ob
1954 2322 2048 2352 me·

1149 2374 1247 2409 tum
1271 2364 1471 2407 additum
1494 2379 1587 2406 esse
1612 2362 1776 2407 Noster
1797 2362 1922 2408 dicit.

1207 2423 1490 2476 expulerint.
1560 2419 1808 2478 Longolius
1839 2422 2049 2467 animad-

1151 2488 1344 2523 verterat
1381 2479 1485 2522 ideo
1519 2478 1726 2522 Tacitum
1759 2478 1823 2522 uti
1859 2481 2047 2525 coniun-

1151 2538 1294 2589 ctivo,
1341 2538 1461 2594 quod
1499 2536 1586 2579 hoc
1653 2552 1704 2579 ro
1726 2551 1836 2591 ἵει-ο
1871 2537 2046 2584 habeat.

1149 2595 1331 2639 Hessius
1363 2595 1491 2638 illum
1528 2552 1695 2637 refellit
1726 2591 1938 2653 'additque
1982 2596 2049 2642 sic

1152 2651 1382 2710 scripsisse
1429 2651 1639 2695 Tacitum
1691 2651 1749 2694 ob
1793 2651 2048 2698 orationem

1151 2710 1396 2768 obliquam.
1457 2708 1545 2751 Sed
1578 2708 1758 2767 obliqua
1787 2710 1920 2754 etiam
1949 2727 2049 2755 ora·

1150 2769 1214 2812 tio
1241 2766 1407 2824 patitur
1429 2766 1722 2818 indicativum
1749 2766 1798 2808 in
1825 2768 2047 2813 eiusmodi

1150 2824 1287 2873 locis,
1338 2824 1375 2868 si
1421 2841 1492 2867 res
1526 2825 1619 2882 ipsa
1658 2833 1778 2868 certa
1822 2834 1903 2868 est.
1985 2826 2046 2872 cf.

1151 2890 1249 2925 not.
1287 2880 1341 2925 ad
1370 2883 1460 2925 An.
1484 2883 1622 2932 226.
1684 2881 1788 2925 -Sed
1821 2882 1895 2926 hic
1923 2893 2047 2927 recte

1149 2940 1337 2998 ponitur
1401 2939 1750 2988 coniunctivus‚
1812 2939 1915 2997 quia
1974 2957 2049 2985 res

1150 2997 1314 3055 pendet
1346 3013 1368 3039 e
1415 2998 1672 3040 narratione
1712 2997 2048 3042 adfirmanttum

1149 3070 1300 3111 neque
1329 3053 1508 3097 aliunde
1534 3056 1588 3097 de
1612 3055 1705 3097 eius
1729 3055 1918 3099 veritate
1941 3071 2050 3100 con·

1153 3121 1251 3156 stat.

1210 3185 1266 3211 ac
1291 3183 1412 3213 nunc
1435 3199 1446 3211 .
1472 3201 1483 3213 .
1508 3200 1518 3212 .
1545 3177 1671 3213 tunc.
1730 3169 1808 3214 Sic
1834 3171 2050 3214 suadente

1152 3226 1303 3285 Lipsio
1356 3226 1552 3270 Pichena
1608 3220 1810 3284 reposuit
1867 3244 1891 3271 e
1946 3229 2051 3273 MS.

1154 3285 1417 3339 Bamberg„
1472 3291 1577 3327 cum
1629 3301 1720 3343 quo
1762 3289 2054 3330 consentiunt

1154 3342 1291 3386 MSS.
1319 3341 1428 3385 Tur.
1451 3343 1615 3401 Stuttg.
1647 3343 1747 3385 edd.
1775 3343 1894 3401 Spir.
1915 3344 2048 3387 Kath.

1156 3399 1293 3442 Rom.
1317 3399 1458 3456 Pogg.
1487 3429 1546 3436 —-
1605 3417 1660 3443 ae
1684 3409 1793 3443 tune
1926 3416 2051 3445 nunc

1157 3457 1259 3501 edd.
1282 3457 1488 3500 Norimb.
1522 3467 1567 3501 et
1597 3459 1745 3515 Kapp.
1777 3474 1900 3513 anno
1925 3458 2049 3503 1788.

1158 3539 1214 3549 --
1246 3530 1367 3557 nunc
1397 3547 1408 3558 .
1427 3547 1464 3558 ..
1492 3531 1618 3558 nune
1643 3514 1824 3568 (omissa
1846 3517 1918 3572 ac)
1948 3516 2050 3561 edd.

1157 3571 1358 3617 Rhenan.
1380 3572 1550 3628 (1533.)
1576 3574 1682 3618 Ald.
1702 3588 1803 3631 sqq.
1839 3582 1939 3618 ante
1968 3572 2051 3617 Pi-
