2150 4022
517 292 1040 360 DIALOGUS.
1127 292 1327 355 CAP.
1359 295 1463 355 31.
1783 295 1903 355 351

69 429 337 488 timentes
371 425 690 483 dicendum
721 419 1024 492 habuerit,
1078 424 1300 480 tenebit
1329 443 1509 480 venas
1541 420 1906 482 animorum:

70 526 128 572 et
150 524 326 588 prout
353 511 632 586 cuiusque
658 521 867 566 natura
892 508 1304 584 postulaverit,
1341 506 1649 566 adhibebit
1663 530 1910 567 manum

69 610 124 656 et
147 596 494 672 temperabit
518 595 845 650 orationem
861 639 876 663 ‚
914 605 1115 668 parato
1145 594 1309 649 omni
1335 594 1725 652 instrumento
1754 607 1811 652 et
1833 597 1908 653 ad

67 702 308 740 omnem
332 701 505 740 usum
528 680 803 754 reposito,
890 678 1076 747 Sunt,
1128 680 1286 752 apud
1315 699 1460 754 quos
1486 681 1826 738 adstrictum
1852 694 1910 739 et

68 769 396 826 conlectum
434 775 491 822 et
532 765 760 838 singula
802 764 997 821 statim
1037 776 1375 836 argumenta
1421 765 1777 822 concludens
1813 767 1909 822 di-

67 845 241 909 cendi
269 871 450 924 genus
481 851 615 924 plus
649 850 787 905 fidei
821 859 1105 905 meretur:
1164 849 1322 922 apud
1358 843 1467 904 hos
1504 850 1732 906 dedisse
1765 871 1910 926 ope-

65 954 192 993 ram
232 936 568 992 dialecticae
608 934 888 1009 proficiet.
984 933 1130 989 alios
1176 933 1305 988 fusa
1356 944 1413 989 et
1450 936 1708 1010 aequalis
1747 947 1803 992 et
1839 956 1908 992 ex

66 1022 479 1079 communibus
521 1021 693 1075 ducta
734 1018 1000 1074 sensibus
1041 1017 1228 1074 oratio
1269 1018 1452 1091 magis
1493 1020 1767 1078 delectat:
1832 1022 1909 1078 ad

64 1103 174 1163 hos
218 1106 648 1182 permovendos
693 1103 1097 1160 mutuabimur
1137 1123 1170 1159 a
1204 1100 1609 1177 Peripateticis
1648 1117 1814 1180 aptos
1852 1117 1925 1163 et‘

66 1192 131 1247 in
177 1211 415 1249 omnem
465 1189 920 1265 disputationem
970 1199 1202 1263 paratos
1244 1188 1361 1243 iam
1405 1188 1582 1245 locOS.
1680 1191 1908 1249 dabunt

63 1387 168 1430 Alo.
208 1400 409 1429 errorem
457 1378 692 1428 versatur.
738 1407 790 1417 -—·
862 1384 950 1426 Pro
1017 1386 1127 1438 plus
1133 1385 1286 1440 fidem
1306 1399 1390 1441 pro
1400 1383 1543 1440 fidei.
1579 1384 1912 1440 ed.Ber.'apud

63 1448 304 1487 ditandum
339 1445 551 1485 habuerit
577 1443 645 1484 ed.
672 1441 788 1498 Spir.
817 1457 950 1499 prae·
1024 1456 1075 1483 os
1097 1457 1178 1497 pro
1201 1444 1330 1496 opud
1352 1444 1464 1496 hos,
1509 1450 1552 1485 et
1575 1441 1645 1485 ed.
1669 1443 1769 1487 Put.
1799 1447 1910 1487 aia-

26 1504 35 1513 ⁶
62 1502 137 1544 bet
155 1502 348 1543 dicendo
368 1503 582 1542 habuerit
595 1516 610 1550 ;
651 1500 749 1542 edd.
777 1500 878 1542 Put.
909 1508 953 1543 et
1023 1501 1186 1540 letinae
1209 1514 1290 1556 pro
1312 1499 1594 1544 dialecticae.

62 1558 159 1602 Riv.
184 1560 432 1600 dicendum
464 1560 722 1601 habuerint.

121 1673 287 1715 tenebit
328 1686 475 1714 venas
517 1674 802 1714 animorum.
873 1669 950 1712 Sic

63 1730 199 1773 MSS.
237 1728 377 1786 Neap.
425 1730 604 1784 [Farn.]
657 1729 827 1771 Valiec.
879 1727 949 1770 ed.

62 1787 210 1844 Spir.,
253 1788 373 1844 quod
416 1801 560 1840 nuper
599 1801 702 1829 cum
737 1785 949 1828 Doeder-

63 1845 200 1888 leinio
253 1844 416 1886 Museo
465 1843 665 1887 Rhenan.
719 1841 821 1884 Vol.
871 1842 946 1885 ΙΙΙ.

61 1903 169 1944 fase.
201 1904 239 1944 1.
299 1933 309 1944 .
333 1902 402 1944 20.
427 1901 496 1944 21.
557 1899 756 1943 Orellius
790 1899 945 1941 defen-

62 1959 150 2006 dit,
181 1916 387 2009 [Berer.
416 1958 632 2001 Boetlich.
657 1957 842 2014 Rupert.
870 1972 945 1998 re-

61 2020 309 2074 ceperunt]
385 2015 632 2072 Aptissiine
672 2015 947 2070 comparavit

59 2071 350 2116 Doederlein.
375 2073 471 2116 Cic.
501 2073 554 2114 de
578 2081 688 2114 orat.
715 2073 749 2122 1,
762 2072 828 2121 52,
843 2070 943 2114 223.

60 2129 216 2175 teneat
239 2137 420 2183 oportet
449 2144 590 2172 venas
616 2129 831 2184 cuiusque
861 2144 943 2182 ge-

57 2189 206 2241 neris,
236 2189 431 2238 aetatis,
464 2186 666 2235 ordinis,
696 2195 739 2228 et
762 2201 942 2240 eorum,

58 2248 184 2301 apud
217 2258 333 2299 quos
366 2253 471 2298 aget
503 2252 586 2285 aut
623 2246 711 2285 erit
738 2251 942 2298 acturus,

59 2309 239 2344 mentes
266 2314 516 2356 sensusque
545 2304 769 2354 degustet.
838 2301 944 2343 Me-

57 2357 242 2416 taphora
274 2358 328 2400 ab
361 2357 558 2399 humano
594 2372 806 2413 corpore,
848 2373 944 2400 non

60 2431 85 2458 a
116 2413 326 2463 metallis,
367 2424 415 2456 ut
440 2414 615 2455 Ernest.
641 2413 845 2468 opinatus
868 2426 945 2466 est,

59 2472 190 2515 ducta
246 2471 411 2514 indicat
457 2478 711 2513 accuratam
761 2470 943 2513 intimae

59 2538 243 2572 naturae
297 2527 666 2583 diversorumque
725 2528 944 2570 sentiendi

57 2585 299 2630 modorum
313 2585 618 2643 cognitionem
634 2583 809 2627 habere.
849 2584 945 2628 Nec

58 2652 220 2688 contra
263 2641 349 2685 hoc
387 2651 578 2700 pugnat,
631 2640 753 2697 quod
791 2642 940 2698 sequi-

56 2709 156 2754 tur,
197 2701 425 2742 adhibebit
456 2714 674 2748 mianum,
714 2713 798 2755 pro
829 2700 938 2741 sim—

54 2755 242 2816 pliciore
295 2759 514 2798 tractabit
574 2757 785 2812 positum.
878 2755 942 2798 Ita

56 2815 182 2858 cadet
193 2813 367 2857 Puteol.
380 2813 649 2863 emendatio,
669 2828 781 2870 quae
797 2812 941 2856 adhuc

57 2887 214 2914 omnes
240 2870 378 2913 libros
410 2878 732 2927 occupaverat,
775 2874 941 2912 tenebit

55 2929 270 2974 habenas.
294 2943 406 2984 quae
422 2926 677 2985 metaphora
702 2928 755 2970 ab
777 2927 940 2984 aurigis

54 2984 262 3027 translata
286 2993 373 3032 est,
404 2984 481 3041 qui
505 3002 525 3027 e
562 3000 723 3027 uorum
750 2984 939 3026 habenas

56 3042 128 3086 vel
159 3040 406 3090 adducunt,
448 3049 495 3083 ut
566 3042 620 3085 ic.
654 3042 851 3099 loquitur
885 3042 940 3084 de

55 3099 186 3142 amic.
214 3098 308 3147 13„
340 3097 405 3140 vel
436 3098 685 3142 remittunt.

104 3212 428 3269 postulaverit.
521 3211 596 3254 Sic
647 3211 748 3255 MS.
794 3211 934 3270 Neap.

52 3269 176 3325 [edd.
206 3265 393 3311 Bekker.
434 3277 477 3310 et
506 3269 721 3313 Boettich.
766 3285 789 3312 e
833 3271 936 3313 cod.

52 3326 232 3380 Fan-n.];
271 3348 327 3357 -
383 3341 541 3368 omnes
576 3325 676 3368 libri
711 3327 827 3384 typis
861 3328 932 3369 de-

51 3382 201 3439 scripti
232 3384 486 3435 postulabit
532 3381 761 3431 exhibent,
809 3385 931 3441 quod

52 3447 198 3482 tamen
219 3455 310 3483 non
332 3439 390 3482 ita
413 3438 608 3482 multum
632 3440 851 3498 displicet.

104 3558 225 3594 sunt.
281 3551 362 3594 Ed.
379 3552 494 3609 Spir.
517 3561 624 3595 sunt
644 3556 744 3610 φυῇ·
775 3554 934 3597 deinde

49 3608 202 3651 eadem
229 3623 332 3652 cum
355 3609 484 3652 MSS.
513 3609 648 3666 Neap.
685 3615 748 3667 [et
774 3613 931 3665 Farn.]

1078 1627 1141 1654 ex
1169 1615 1486 1658 communibus
1517 1618 1657 1657 ducta
1685 1617 1912 1662 sensibus.

1020 1667 1136 1712 Edd.
1152 1670 1272 1726 Spir.
1290 1671 1394 1716 Put.
1411 1671 1507 1715 Riv.
1527 1673 1629 1716 Ber.
1645 1673 1745 1717 Alc.
1764 1674 1914 1720 Rhen.

1021 1727 1128 1771 Ald.
1155 1743 1220 1769 ex
1251 1730 1472 1772 omnibus
1501 1734 1640 1773 ductu
1673 1735 1908 1774 sermoni-

1019 1787 1127 1836 bus;
1159 1784 1328 1842 Lipsius
1353 1802 1376 1828 e
1403 1787 1502 1830 cod.
1530 1787 1690 1838 Fam„
1718 1798 1767 1832 ut
1793 1791 1908 1832 vide-

1020 1852 1118 1897 tur,
1162 1842 1197 1884 si
1223 1844 1402 1899 quidem
1429 1845 1547 1886 idem
1574 1844 1620 1886 in
1644 1846 1744 1890 MS.
1767 1846 1907 1905 Neap-

1017 1908 1242 1957 repertum
1257 1908 1334 1949 est,
1357 1901 1496 1943 edidit
1513 1917 1576 1944 ex
1588 1905 1911 1947 communibus

1018 1961 1157 1999 ducta
1170 1959 1392 2007 sensibus,
1408 1959 1529 2016 quod
1544 1976 1701 2003 omnes
1716 1961 1910 2004 retinue-

1019 2023 1124 2056 runt
1146 2023 1319 2072 praeter
1336 2014 1528 2067 Osann„
1550 2016 1594 2059 in
1613 2018 1739 2061 cuius
1763 2035 1908 2062 exem-

1018 2070 1129 2128 plari
1158 2087 1220 2112 ex
1245 2087 1482 2116 commun.
1508 2078 1648 2116 ducta
1671 2077 1908 2118 sermoni-

1017 2133 1101 2170 bus
1122 2128 1291 2171 editum
1315 2138 1395 2173 est.
1455 2131 1625 2174 Mirum
1649 2131 1694 2175 in
1717 2135 1907 2189 modum

1017 2187 1060 2227 in
1086 2186 1146 2228 eis
1168 2186 1313 2229 verbis
1335 2186 1617 2244 explicandis,
1641 2206 1752 2245 quae
1773 2206 1906 2248 pecu-

1016 2243 1114 2285 liari
1148 2243 1396 2300 scriptione
1427 2245 1480 2287 de
1512 2261 1640 2289 sensu
1672 2250 1906 2292 communi

1017 2301 1215 2343 Faberus
1230 2301 1744 2360 illustravitAnsp.1774‚
1758 2304 1906 2351 haese-

1016 2365 1122 2399 runt
1148 2358 1345 2415 priores,
1389 2375 1583 2417 quorum
1609 2361 1791 2418 quidem
1816 2363 1908 2406 du·-

1015 2415 1251 2458 bitationes
1291 2425 1393 2471 post
1433 2417 1615 2460 Bentlei.
1653 2419 1707 2461 ad
1745 2419 1904 2465 Horat.

1016 2472 1145 2514 Satir.
1193 2471 1224 2523 l,
1267 2474 1308 2522 3,
1347 2474 1419 2516 66.
1470 2482 1511 2515 et
1559 2474 1791 2533 Spalding.
1845 2479 1902 2522 ad

1018 2528 1179 2582 Quint.
1221 2529 1318 2572 Vol.
1354 2529 1387 2572 1.
1426 2546 1468 2587 p.
1500 2532 1570 2574 44,
1603 2533 1775 2576 solutae
1807 2549 1902 2578 esse

1014 2586 1240 2628 videntur.
1301 2586 1413 2629 Nam
1438 2590 1558 2644 quod
1581 2588 1817 2633 Heindorf.
1846 2592 1903 2636 ad

1013 2642 1169 2685 Horat.
1196 2642 1222 2686 l.
1245 2642 1276 2686 Ι.
1302 2659 1346 2700 p.
1373 2644 1444 2687 73.
1504 2645 1810 2704 Spaldingium
1842 2649 1913 2693 il·-¹

1016 2699 1100 2742 lius
1122 2699 1441 2745 observationis
1465 2713 1614 2759 postea
1630 2705 1902 2762 poenituisse

1013 2757 1175 2811 tradit,
1212 2758 1264 2799 ad
1289 2758 1460 2801 Horatii
1486 2761 1622 2818 magis
1651 2763 1783 2806 verba
1805 2778 1903 2822 per·

1012 2814 1120 2856 tinet
1135 2829 1267 2871 quam
1284 2816 1339 2856 ad
1355 2816 1606 2860 doctrinam
1624 2818 1899 2866 universam.

1016 2871 1161 2913 Verba
1193 2870 1343 2929 Spald.
1375 2874 1650 2918 adscribam:
1706 2893 1898 2929 „sensus

1014 2931 1271 2972 communis
1302 2930 1434 2972 etiam
1457 2939 1520 2973 est
1543 2930 1698 2977 notitia
1725 2949 1898 2988 eorum,

1013 3001 1125 3043 quae
1162 3002 1296 3029 nosse
1329 2996 1372 3029 et
1407 2988 1569 3031 sentire
1596 2989 1799 3035 homines
1826 3009 1898 3036 so·

1013 3043 1129 3095 lent;
1181 3043 1412 3100 prudentia
1455 3044 1597 3102 qualis
1643 3047 1689 3091 in
1735 3051 1898 3107 quovis

1010 3100 1218 3151 homine,
1260 3102 1398 3143 modo
1423 3101 1540 3145 inter
1560 3103 1765 3150 homines
1790 3123 1898 3151 ver-

1010 3165 1128 3199 satus
1153 3157 1292 3201 fuerit
1318 3173 1560 3217 eorumque
1584 3177 1733 3206 mores
1757 3174 1799 3208 et
1820 3166 1892 3208 in—

1009 3215 1157 3256 stituta
1201 3216 1490 3273 cognoverit,
1540 3220 1783 3276 exspectari
1819 3222 1893 3265 de-

1008 3272 1133 3319 beat,
1162 3272 1236 3314 sed
1263 3271 1543 3329 potissimum
1571 3276 1712 3332 qualis
1739 3279 1784 3320 in
1810 3293 1893 3323 usu

1006 3329 1241 3372 hominum
1266 3329 1476 3374 familiari
1502 3341 1567 3375 est
1591 3335 1894 3383 necessumst·

1060 3447 1414 3495 permovendos.
1473 3444 1555 3489 Ed.
1571 3446 1690 3504 Spir.
1704 3463 1892 3502 promo·

1008 3503 1209 3554 nendos,
1241 3503 1397 3544 crebra
1421 3502 1705 3549 confusione.

1083 3615 1403 3658 mutuabimur
1473 3633 1504 3658 a
1571 3616 1891 3672 Peripateticus
