2150 4022
536 119 545 139 Ι

397 284 644 348 IULII
690 280 1011 344 AGRIC.
1053 283 1292 344 VITA
1347 281 1548 348 CAP.
1582 286 1680 348 10.
1837 290 1954 347 131

106 440 263 477 ram:
297 418 399 476 sed
421 416 558 494 quia
582 426 708 472 tum
728 414 987 489 primum
1014 413 1344 487 perdomita
1369 427 1472 474 est,
1537 415 1734 492 itaque
1750 437 1954 503 ‚xquae

106 506 330 581 prio‘res
357 503 626 558 nondum
655 511 948 574 comperta
977 499 1706 575 eloquentiapercoluere,
1752 521 1951 559 rerum

105 592 220 647 fide
259 589 586 645 tradentur.
681 583 1028 654 Britannia,
1055 606 1059 609 ·
1085 583 1443 655 insularum,
1499 582 1953 662 quasRomana

103 673 313 732 notitia
337 670 771 746 complectitur,
825 669 1077 724 maxima
1096 714 1111 738 ,
1166 669 1352 743 spatio
1379 691 1444 727 ac
1471 671 1632 727 coelo
1661 671 1726 726 in
1749 673 1954 733 orien-

104 770 221 814 tem
262 755 646 824 Germaniae,
708 755 774 810 in
819 749 1180 811 occidentem
1220 751 1540 829 Hispaniae
1585 757 1951 816 obtenditur:
2022 815 2025 819 .

102 841 293 900 Gallis
314 843 379 897 in
400 841 706 897 meridiem
733 840 904 896 etiam
928 838 1263 914 inspicitur:
1309 841 1802 915 septemtrionalia
1827 842 1953 900 eius

102 929 286 984 nullis
324 938 525 983 contra
561 926 733 982 terris
776 936 937 980 vasto
977 935 1149 999 atque
1192 935 1390 998 aperto
1431 926 1583 980 mari
1623 926 1952 1000 pulsantur.

104 1013 382 1071 Formam
404 1011 584 1068 totius
596 1009 940 1066 Britanniae
951 1007 1158 1065 Livius
1179 1022 1473 1079 veterum,
1507 1008 1726 1066 Fabius
1741 1010 1952 1071 Rusti-
2007 1034 2015 1045 ·

103 1119 205 1156 cus
240 1097 563 1154 recentium
598 1094 1061 1171 eloquentissimi
1085 1105 1351 1150 auctores
1377 1095 1666 1167 oblongae
1691 1098 1951 1155 scutulae

102 1185 196 1242 vel
222 1183 470 1259 bipenni
500 1181 942 1238 adsimulavere.

100 1270 292 1338 niam,
333 1269 492 1324 unde
527 1278 583 1324 et
605 1267 670 1321 in
693 1265 1038 1322 universum
1072 1265 1227 1320 fama
1263 1276 1347 1323 est
1389 1277 1763 1339 transgressa.

86 1510 91 1514 ·
155 1486 305 1542 spatio
327 1499 383 1528 ac
401 1485 544 1528 coelo.
596 1482 743 1526 Locus
763 1482 897 1526 variis
919 1482 984 1524 in·

99 1551 348 1602 terpretum
422 1541 709 1598 opinionibus
782 1540 983 1596 insigni&

99 1601 272 1660 Lipsius
297 1599 523 1646 nesciens,
563 1597 667 1654 quid
702 1597 784 1640 sibi
823 1597 986 1639 vellent

101 1660 210 1702 haec
250 1657 412 1707 verba,
471 1654 787 1711 distinguendo
836 1655 987 1696 locum

99 1731 253 1760 sanare
295 1713 490 1756 studuit:
555 1714 771 1752 maxima
816 1713 989 1765 spatio,

99 1789 155 1817 ac
187 1774 311 1814 coelo
347 1773 394 1820 in,
418 1770 660 1812 Orientem
695 1777 805 1817 etc„
844 1783 988 1825 quan-

101 1845 238 1888 quam
270 1828 362 1885 ipse
397 1827 441 1874 in
467 1826 747 1869 *editionibus
782 1825 873 1868 suis
907 1823 988 1868 hac

100 1884 399 1942 distinguendi
424 1884 595 1927 ratione
624 1883 738 1925 bene
761 1882 988 1925 abstinuit.

98 1944 294 1988 Pichena
320 1943 537 1997 vulgatam
562 1940 829 1996 scripturam
854 1938 986 1995 expliss

98 1996 192 2046 cat:
221 2030 246 2052 ,‚
260 1998 534 2042 Britanniam
550 1997 817 2040 Germaniae
834 1996 986 2052 Hispa·

98 2060 286 2114 niaeque
323 2055 530 2106 obtendi,
580 2069 674 2096 non
715 2052 895 2110 quidem
937 2069 985 2094 ex

97 2116 329 2174 proximo,
367 2113 443 2155 sed
475 2111 621 2170 spatio
657 2126 710 2154 ac
737 2111 866 2153 coelo
892 2126 983 2151 nie-

96 2175 268 2223 dianae,
313 2171 358 2214 b.
383 2186 420 2212 e.
456 2186 534 2227 per
565 2167 748 2224 longum
777 2167 985 2210 interval-

93 2231 187 2276 lum
220 2229 353 2272 maris
385 2236 516 2283 asque
541 2226 669 2268 aeris.
690 2225 717 2242 ’'
777 2225 984 2267 Heinsius

95 2286 384 2331 emendabat:
425 2285 633 2338 spatioso
657 2284 756 2325 solo
779 2283 850 2326 vel
873 2297 984 2336 spa-

95 2347 163 2388 tiu
198 2346 302 2386 soti.
372 2340 627 2398 Bipoutini:
667 2326 876 2394 spata‘Sso
910 2342 985 2380 in-

97 2403 317 2450 tervallo,
366 2416 416 2440 ex
452 2397 620 2440 Orosio
657 2399 694 2447 1,
724 2396 767 2439 3.
831 2395 985 2454 Wssiss·

97 2459 252 2504 kertus
286 2455 444 2499 edidit:
494 2457 832 2509 complectitur,
877 2469 984 2502 ma-

90 2522 235 2562 xima
275 2515 429 2565 spatio
448 2545 460 2564 ,
521 2515 568 2554 in
615 2512 854 2559 Orientem
898 2518 985 2552 ete.

96 2573 256 2618 omissa
286 2586 396 2614 voce
428 2571 578 2621 coelo,
612 2565 985 2626 imitatusllacob-

92 2631 211 2677 sium
281 2627 362 2670 in:
457 2627 569 2669 Klio
635 2629 720 2667 der
787 2620 982 2667 Rb'mer.

89 2687 345 2743 'vulgatam‘
388 2686 655 2742 scripturam
699 2681 907 2745 retinent«
942 2689 985 2723 et

40 2784 56 2793 ,
100 2744 346 2792 defendunt
405 2738 677 2797 Dronkius,
740 2738 981 2788 Beckerus,

99 2794 337 2848 Herteliusss.
404 2799 619 2854 Spatium
659 2795 887 2856 accipiunt
930 2795 985 2838 de

95 2856 402 2915 magnitudine
432 2855 710 2914 ,geometrica
746 2855 978 2913 (Ausdeh—

96 2918 253 2970 nung)
279 2945 316 2970 ’s
379 2916 555 2965 coelum
635 2913 688 2954 de
758 2909 982 2970 ppsitioue

99 2969 381 3027 coelivfflfbde
419 2968 650 3027 latitudine
686 2968 981 3030 geographica

98 3050 130 3076 s.
170 3032 223 3083 (le
255 3045 336 3078 eo,
379 3027 508 3085 quod.
532 3025 815 3069 Ptolemaeus
848 3024 982 3068 clima

97 3095 244 3135 vocat.
324 3083 379 3130 ‘Et
419 3082 637 3141 Hei-telius
682 3082 861 3140 quidem
903 3096 982 3139 pu-

96 3155 158 3191 tat
206 3158 287 3201 per
326 3158 511 3199 zeugma
559 3137 661 3182 addi
713 3140 980 3183 vocabulum

85 3205 248 3255 gemela,
278 3199 384 3242 falsa
417 3197 646 3256 opinione.
708 3197 819 3238 Nam
855 3195 979 3246 abla-

96 3259 178 3305 tivi
200 3259 351 3311 spatio
372 3271 426 3298 ac
448 3258 570 3297 coelo
597 3270 689 3308 non
712 3261 814 3296 sunt
844 3253 982 3295 artius

87 3314 400 3370 ,coniungendi
443 3312 726 3366 cumsverlio
768 3311 980 3369 obtendi-

84 3383 175 3422 vtur.
216 3381 423 3428 tan-quam
449 3369 640 3425 ⁴ablativi
675 3367 978 3417 instrumenti,

97 3430 172 3473 sed
195 3426 436 3485 explicandi
463 3443 547 3483 per
563 3425 829 3483 formulam:
857 3426 977 3480 quod

98 3484 250 3537 attine't
281 3484 335 3527 ad
366 3484 559 3542 spatium
595 3498 646 3524 ac
676 3481 879 3529 coelum,
933 3490 980 3522 ut

98 3543 155 3585 ita
185 3541 374 3599 spatium
397 3557 449 3584 ae
478 3538 656 3596 coelum
681 3535 885 3597 quale-sit
911 3539 983 3579 de-

98 3598 335 3653 scribatur.
386 3593 530 3652 Rulli.
552 3598 605 3640 de
618 3596 674 3654 Sy
687 3597 983 3660 indnJ111.,etc.

1047 2470 1190 2515 ³citur.

1028 1190 1084 1234 et
1124 1191 1207 1236 est
1236 1200 1301 1236 ea
1319 1180 1506 1237 'facies
1536 1180 1679 1237 citra
1700 1178 1952 1238 Caledo-

1849 1269 1951 1324 sed

1059 1499 1102 1541 p.
1138 1481 1209 1526 42.
1252 1484 1409 1538 spatio
1449 1498 1503 1525 ac
1545 1485 1672 1526 coelo
1714 1475 1808 1527 non
1845 1483 1949 1528 satis

1057 1548 1178 1583 recte
1202 1541 1389 1598 explicat
1413 1557 1494 1599 per
1514 1539 1758 1584 formulam
1794 1540 1844 1584 ἓν
1871 1539 1948 1585 διὰ

1060 1598 1210 1642 δυοῖν.
1272 1598 1381 1640 Nam
1408 1598 1521 1640 infra
1547 1615 1586 1642 c.
1607 1599 1679 1640 24.
1702 1599 1748 1640 in
1784 1599 1950 1642 descri-

1060 1656 1210 1713 ptione
1225 1655 1461 1698 Hiberniae
1482 1657 1687 1706 spatium
1709 1664 1751 1698 et
1772 1660 1948 1698 coelum

1058 1722 1263 1755 accurate
1290 1713 1642 1769 distinguuntur.
1705 1712 1861 1771 Neque
1889 1723 1950 1757 ta·

1059 1786 1162 1812 men
1199 1785 1314 1827 nego
1356 1771 1588 1826 utriusque
1630 1770 1752 1813 vocis
1793 1771 1949 1813 notio-

1062 1843 1161 1868 nem
1216 1827 1291 1870 hic
1343 1836 1435 1869 arte
1489 1843 1584 1868 esse
1639 1828 1947 1871 coniunctam.

1059 1883 1170 1942 Nam
1193 1884 1404 1937 spatium
1427 1884 1473 1926 in
1494 1884 1760 1941 universum
1782 1885 1946 1943 signifi·

1059 1948 1129 1983 cat
1173 1939 1351 1991 locum,
1407 1957 1540 1997 quem
1573 1942 1717 1984 insula
1753 1941 1801 1983 in
1838 1944 1950 1989 orbe.

1058 2006 1279 2040 terrarum
1304 2007 1518 2056 occupat:
1559 2001 1739 2041 eoelum
1764 2000 1949 2043 denotat

1059 2054 1326 2112 positionem
1351 2055 1709 2113 geographicam.
1757 2056 1950 2100 Utrum·

1057 2128 1144 2170 que
1170 2115 1327 2155 eodem
1349 2114 1488 2165 redit,
1523 2121 1569 2154 ut
1593 2114 1652 2156 ita
1675 2113 1728 2155 de
1750 2129 1948 2172 synony-

1057 2170 1142 2211 mis
1168 2169 1362 2227 cogitare
1388 2170 1548 2228 possis.
1609 2170 1751 2215 Taciti
1773 2171 1947 2214 descri-

1057 2227 1258 2284 ptionem
1291 2243 1447 2270 rerum
1474 2237 1659 2270 naturae
1686 2243 1782 2270 non
1813 2244 1944 2287 pror-

1056 2301 1129 2326 sus
1165 2285 1404 2328 convenire
1434 2286 1538 2328 satis
1571 2293 1691 2337 recte
1727 2285 1947 2331 observa-

1057 2349 1152 2384 tum
1185 2350 1264 2384 est.

1117 2411 1269 2454 Gallis
1287 2411 1335 2453 in
1359 2413 1603 2453 meridiem
1627 2412 1772 2455 etiam
1796 2413 1944 2467 inspi-

1259 2467 1313 2510 H.
1345 2485 1382 2512 e.
1416 2468 1556 2511 Gallis
1590 2469 1645 2510 ita
1680 2485 1823 2527 prope
1861 2470 1945 2512 ob-

1057 2525 1258 2572 tenditur
1310 2525 1356 2568 in
1405 2526 1662 2576 meridiem,
1734 2535 1784 2568 ut
1837 2526 1945 2578 inde

1056 2583 1190 2624 etiam
1212 2582 1371 2640 inspici
1395 2583 1549 2639 possit.
1606 2582 1816 2626 Heinsius
1835 2583 1947 2629 haec

1057 2655 1238 2743 qugque
1268 2638 1543 2686 emendandi
1575 2638 1733 2684 furore
1763 2655 1847 2684 suo
1878 2635 1944 2699 ifi-

1053 2713 1106 2742 va
1143 2699 1255 2740 ebat.

1100 2776 1276 2821 ⁴aperto
1309 2766 1451 2809 mari.
1525 2765 1580 2810 Η.
1614 2783 1656 2810 ,e-
1691 2782 1815 2811 mare
1847 2767 1944 2823 sine

1051 2824 1208 2866 insulis
1252 2833 1325 2866 aut
1373 2823 1642 2870 terris0„:·es.
1678 2824 1769 2874 An.
1801 2823 1842 2875 4,
1874 2824 1944 2878 67.

1054 2890 1219 2934 aperto
1260 2882 1431 2924 circum
1459 2884 1657 2937 pelago3
1713 2882 1754 2929 2,
1784 2882 1859 2933 23,
1894 2885 1944 2925 'in

1055 2947 1226 2992 aperta
1253 2938 1437 2982 Oceani.
1465 2938 1704 2982 :Heinsius
1738 2940 1940 2996 corrige-

1054 2996 1129 3038 bat
1148 2998 1384 3049 inoperta.
1653 3018 1655 3020 ·

1064 3082 1065 3087 ¹
1112 3067 1284 3108 Livius.
1358 3065 1429 3109 Cf.
1467 3065 1662 3122 Epitom.
1694 3065 1790 3109 CV.
1825 3065 1943 3118 libri,

1054 3123 1100 3164 in
1128 3139 1217 3180 quo
1238 3123 1391 3166 Livius
1417 3122 1516 3165 lulii
1540 3122 1740 3166 Caesaris
1764 3125 1939 3181 expedi-

1053 3182 1225 3224 tionem
1252 3180 1555 3224 britannicam
1587 3181 1801 3226 narravit.

1110 3251 1157 3292 F
1154 3252 1286 3292 abias
1306 3250 1535 3302 Rusticus.
1597 3249 1659 3293 est
1678 3251 1762 3294 An.
1787 3249 1852 3302 13,
1870 3251 1944 3293 20.

1053 3308 1123 3350 61.
1157 3307 1224 3358 14,
1248 3308 1394 3358 2.,15,
1418 3307 1488 3350 61.

1109 3394 1473 3445 adsimulavere.
1571 3390 1641 3433 De
1723 3390 1942 3448 scriptura

1053 3449 1179 3492 verbi
1204 3447 1263 3492 cf.
1289 3457 1385 3491 not.
1414 3447 1468 3489 ad
1494 3448 1583 3491 An.
1614 3450 1647 3497 l,
1670 3447 1740 3491 28.
1768 3495 1771 3499 ,
1829 3487 1834 3494 ,

1114 3534 1233 3573 unde
1255 3540 1299 3572 et
1332 3533 1382 3574 in
1410 3531 1677 3573 universum
1701 3530 1846 3586 fama
1872 3539 1943 3573 est

1059 3597 1375 3644 transgressa,
1417 3588 1419 3590 ’
1460 3588 1537 3631 Sic
1587 3588 1688 3630 edd.
1743 3587 1944 3633 Rhenan.

1189 3641 1379 3706 ,¹212
