2150 4022
935 65 947 86 Ι

580 250 1116 314 DIALOGUS.
1203 252 1404 314 CAP.
1453 258 1504 317 1.
1534 258 1595 319 2.

1883 258 2011 320 225

161 383 487 459 iisdemque
524 383 855 443 rationibus
887 401 1237 460 persequar,
1291 397 1520 445 servato
1555 386 1766 444 ordine
1803 388 2009 466 dispu-

158 467 413 542 tationiS.

501 487 694 545 neque
718 468 876 526 enim
899 468 1118 538 defuit,
1161 469 1267 546 qui
1290 471 1584 532 diversam
1610 492 1847 551 quoque
1870 494 2010 550 par-

155 564 275 611 tem
299 551 642 628 susciperet,
683 573 750 610 ac
774 553 1030 612 multum
1059 565 1264 615 vexata
1295 567 1352 614 et
1374 556 1560 615 inrisa
1583 569 1868 617 vetustate
1895 579 2009 617 no-

155 649 412 696 strorum
457 650 793 714 temporum
850 638 1249 717 eloquentiam
1304 641 1688 720 antiquorum
1749 644 2016 719 ingeniis·

153 723 487 784 anteferret.'

322 858 400 923 ΙΙ.
444 858 597 917 Nam
617 873 863 937 (postero
895 862 991 918 die
1018 882 1196 938 quam
1222 859 1523 921 Curiatius
1545 863 1855 924 Maternus
1882 865 2000 928 ‚Ca-

150 957 349 1010 tonem
378 945 748 1018 recitaverat,
792 968 928 1004 cum
950 946 1266 1004 offendisse
1290 949 1626 1025 potentium
1654 951 1884 1009 animos
1907 951 2003 1008 di·-

149 1041 406 1100 ceretur,
447 1043 731 1110 tanquam
754 1033 818 1088 in
843 1053 911 1089 eo
936 1032 1270 1107 tragoediae
1293 1046 1640 1108 argumento
1665 1036 1757 1092 sui
1781 1037 2003 1094 oblitus

146 1127 378 1173 tantum
399 1113 683 1174 Catonem
718 1117 1021 1191 cogitasset
1061 1138 1243 1194 eaque
1281 1120 1355 1176 de
1391 1139 1455 1176 re
1489 1140 1596 1196 per
1635 1121 1844 1178 urbem
1881 1123 2004 1179 fre-

145 1353 277 1381 nemo
319 1353 412 1381 non
456 1339 588 1382 videt.
679 1338 908 1398 Sagaciter
947 1339 1037 1383 hoc

145 1395 363 1452 perspexit
385 1395 514 1438 V.D.
539 1398 585 1439 in
612 1397 833 1456 supplem.
858 1396 1033 1455 ephem.

144 1452 207 1495 lit.
238 1452 339 1496 liat.
375 1469 417 1496 a.
453 1454 578 1499 1829.
620 1471 692 1499 nr.
731 1457 856 1508 121„
895 1470 1032 1513 quem

142 1525 237 1551 non
262 1510 467 1554 refutavit
488 1510 633 1555 Orell.
661 1513 835 1571 proleg.
859 1529 902 1570 p.
918 1511 1032 1557 LIV.

141 1582 224 1618 eo,
263 1567 387 1623 quod
427 1570 723 1613 orationibus
753 1570 1031 1628 significare:

139 1624 298 1667 eodem
326 1639 489 1680 genere
511 1627 712 1678 dicendi,
752 1628 803 1669 in
827 1630 1035 1671 demsel-

139 1681 228 1722 ben
265 1683 528 1736 Rhythmus
564 1700 609 1728 u.
645 1685 757 1736 Stil,
810 1685 1034 1730 adfirmat.

139 1740 374 1782 Numeros
403 1739 602 1797 intellige
634 1743 821 1786 eandem
856 1743 1032 1787 oratio-

139 1795 208 1839 nis
237 1796 551 1840 membrorum
583 1807 855 1844 structuram
886 1807 930 1842 et
956 1816 1031 1844 co·

136 1853 444 1912 pulationem;
502 1863 598 1898 tum
643 1872 1029 1915 supervacaneum

137 1918 228 1961 est,
289 1910 412 1968 quod
453 1911 699 1957 Hofmann.
742 1913 1027 1972 Peerlkamp.

136 1969 183 2012 in
254 1967 461 2013 biblioth.
529 1971 630 2014 crit.
692 1987 800 2018 nov.
864 1970 921 2021 V,
984 1974 1026 2016 1.

134 2043 179 2084 p.
222 2028 318 2071 115.
362 2042 445 2084 pro
483 2030 693 2088 numeris
734 2029 1023 2073 scribendum

133 2085 331 2135 censuit,
357 2087 663 2140 argumentis.
720 2085 762 2129 Is
786 2087 905 2130 enim
928 2103 1023 2130 non

132 2151 361 2200 reputasse
383 2143 569 2194 videtur,
601 2151 766 2200 quanta
789 2159 892 2188 cum
917 2160 1023 2188 cura

133 2210 306 2247 veteres
354 2199 639 2258 dialogorum
681 2201 926 2258 scriptores
975 2202 1022 2244 in

131 2257 515 2316 uniuscuiusque,
576 2274 713 2316 quem
759 2258 1021 2316 loquentem

130 2315 328 2366 faciunt,
365 2315 549 2373 ingenio
590 2331 642 2360 ae
677 2316 830 2359 indole
868 2317 1019 2375 expri-

132 2374 296 2416 menda
318 2372 482 2419 versati
503 2373 607 2415 sint.

182 2469 461 2512 persequar.
532 2454 637 2500 MS.
678 2455 817 2514 Neap.
850 2472 1017 2509 prose-

131 2528 275 2569 quar,
308 2512 532 2571 frequenti
555 2513 840 2556 confusione.
860 2556 864 2557 ⁷

184 2593 373 2629 servato
442 2586 607 2628 ordine
673 2586 1016 2641 disputationis.

128 2643 233 2688 Noli
255 2643 423 2688 referre
443 2643 558 2687 banc
579 2642 812 2700 scriptoris
831 2644 1015 2702 diligen-

129 2702 233 2746 tiam
255 2718 360 2747 cum
373 2699 581 2744 schulzio
604 2701 658 2743 ad
679 2710 899 2745 servatam
924 2701 1015 2744 for-

126 2777 245 2803 mam
269 2758 533 2817 dialogieam
551 2791 563 2807 ‚
591 2758 666 2801 sed
693 2759 841 2817 potius
862 2759 917 2802 ad
941 2775 1012 2802 se—

127 2817 237 2860 riem
259 2833 380 2872 eam,
415 2832 501 2874 qua
523 2815 798 2872 disputantes
818 2831 912 2859 sese
937 2832 1012 2858 ex-

127 2883 352 2933 ceperant.
446 2872 664 2917 Similiter
706 2872 826 2917 Plin.
868 2872 1012 2932 Epist.

128 2937 167 2982 1,
184 2937 250 2976 1.=
278 2933 444 2988 collegi
462 2947 525 2974 se.
548 2931 772 2988 epistolas,
793 2947 888 2973 non
907 2946 1010 2974 ser-

126 2989 484 3045 vatovtemporis
509 2990 667 3032 ordine
698 2990 864 3045 (neque
886 2990 1011 3031 enim

124 3048 375 3092 historiam
407 3047 755 3100 componebam)
773 3078 785 3100 ,
836 3050 921 3089 sed
958 3055 1010 3089 ut

125 3120 334 3163 quaeque
358 3105 407 3147 in
427 3117 600 3146 manus
623 3112 834 3146 venerat.

182 3179 296 3224 CAP.
339 3176 384 3218 2.
470 3174 706 3217 Curiatius
745 3176 1005 3217 Maternus.

125 3235 189 3280 lta
201 3249 370 3278 nomen
383 3231 610 3276 exhibetur
622 3230 668 3273 in
681 3232 813 3274 codd.
825 3231 1006 3275 Fames.

123 3295 249 3347 (teste
275 3291 421 3349 Lips.;
466 3290 576 3334 falso
599 3287 703 3330 inde
727 3289 901 3331 Broter.
924 3286 1006 3331 ad—

122 3353 209 3396 fert
241 3349 477 3399 Curatius,
517 3344 840 3405 posterioribus
870 3345 1006 3403 Lipsii

124 3406 392 3452 editionibus
414 3421 506 3449 non
527 3404 689 3453 minus,
709 3419 843 3460 quam
861 3404 943 3446 alia
959 3402 1005 3446 in

124 3481 172 3508 re
188 3463 413 3511 Geminus,
436 3463 665 3518 deceptus)
681 3460 819 3518 Neap.
834 3460 1006 3503 Vaticc.

127 3522 224 3565 edd.
257 3528 355 3577 post
387 3521 583 3578 Lipsium
609 3517 781 3561 Pithoe.
807 3517 1003 3563 Schurz-

125 3577 290 3621 ssviscb.
334 3576 588 3620 Heumann.
633 3583 672 3616 et
721 3583 909 3618 recentt.
950 3597 1001 3604 —

208 3644 447 3693 'l‘Actrus
489 3642 586 3692 IV.

1107 1340 1281 1399 Lipsius
1297 1340 1343 1384 in
1362 1340 1462 1384 edd.
1473 1347 1574 1397 post
1586 1340 1805 1409 Antverp.
1819 1357 1858 1387 a.
1874 1342 1999 1387 1574.

1107 1397 1301 1454 vulgatis
1346 1398 1555 1442 curatius
1597 1399 1794 1444 conieclt
1841 1401 1999 1459 legen-

1105 1454 1216 1497 dum
1230 1487 1243 1507 ,
1274 1455 1397 1512 quod
1417 1455 1574 1500 sitAn.
1592 1456 1739 1508 14321,
1761 1460 1898 1502 ludos
1918 1473 2001 1501 cu-

1106 1514 1260 1555 ratius
1280 1516 1443 1564 editos,
1466 1520 1510 1556 et
1531 1513 1659 1562 227.
1684 1517 1888 1559 curatius
1907 1517 1999 1570 dis-

1107 1584 1292 1621 seram,
1328 1579 1372 1613 et
1398 1573 1436 1619 1,
1460 1568 1532 1614 13.
1556 1573 1864 1616 curatis-simis
1878 1587 1999 1627 pre—

1107 1629 1233 1670 cibus
1267 1634 1443 1670 exstat.
1515 1626 1604 1670 Sed
1644 1645 1768 1672 nunc
1806 1629 1997 1675 omnino

1107 1699 1201 1727 non
1221 1683 1265 1726 id
1284 1685 1374 1741 agit
1390 1684 1599 1743 scriptor,
1623 1694 1685 1737 ut,
1707 1696 1870 1744 quanta
1887 1703 1997 1732 eum

1107 1758 1216 1784 eura
1247 1741 1487 1785 Maternus
1517 1741 1736 1786 Catonem
1767 1744 1996 1790 recitave-

1104 1798 1189 1850 rit,
1256 1807 1477 1856 exponat,·
1547 1800 1689 1843 immo
1734 1802 1995 1848 necessitate

1103 1855 1293 1913 quadam
1314 1857 1589 1913 postulatur,
1618 1866 1669 1901 ut
1693 1873 1861 1903 nomen
1884 1860 1996 1910 eius,

1101 1913 1175 1957 cui
1207 1912 1403 1971 insignes
1437 1913 1486 1957 in
1520 1913 1700 1971 dialogo
1734 1924 1882 1972 partes
1914 1918 1996 1962 tri-

1099 1971 1326 2019 buuntur,
1367 1972 1422 2015 ab
1453 1971 1584 2014 initio
1607 1970 1752 2016 libelli
1784 1983 1994 2019 accurate

1096 2028 1335 2071 indicetur.
1411 2027 1707 2087 Quapropter
1743 2030 1993 2076 reiicienda

1099 2100 1280 2143 quoque
1314 2093 1378 2128 est
1408 2085 1513 2129 edd.
1541 2087 1710 2144 antiqu.
1743 2095 1847 2132 ante
1866 2089 1989 2147 Lips.

1095 2143 1317 2200 scriptura
1359 2146 1651 2199 accuratius,
1705 2161 1842 2204 quam
1873 2147 1987 2190 Ber-

1096 2215 1279 2257 negger.
1306 2198 1513 2243 GronoV.
1533 2200 1712 2259 Lipsius
1734 2202 1900 2260 aliique
1920 2219 1989 2247 re-

1092 2258 1328 2300 tinuerunt
1343 2257 1393 2300 in
1412 2264 1533 2301 textu
1551 2274 1605 2302 ac
1621 2258 1823 2302 defendit
1834 2262 1987 2305 Kloss-

1093 2330 1247 2358 mann.
1309 2314 1451 2370 Quod
1479 2314 1585 2358 inde
1614 2316 1740 2360 finxit
1772 2315 1986 2362 Osannus

1090 2374 1153 2417 A.
1169 2372 1410 2415 Curiatius
1420 2371 1696 2428 Maternus,
1737 2382 1780 2417 et
1801 2375 1904 2432 quia
1929 2376 1985 2418 de

1090 2430 1386 2486 praenomine
1417 2429 1527 2474 certi
1558 2429 1726 2487 aliquid
1751 2447 1876 2476 nunc
1897 2431 1980 2476 ad·-

1090 2486 1199 2529 ferri
1242 2487 1424 2545 nequit,
1481 2493 1524 2529 et
1570 2487 1674 2546 quia
1721 2488 1855 2532 codd.
1898 2489 1983 2532 ad-

1091 2550 1326 2586 versantur
1356 2558 1538 2595 omnes,
1575 2544 1872 2588 reiiciendum
1896 2555 1983 2592 est.

1087 2600 1348 2651 Maternus,
1398 2601 1730 2658 tragoediarum
1768 2602 1978 2660 scriptor,

1085 2658 1205 2700 idem
1231 2665 1297 2700 est
1310 2657 1508 2704 :fortasse
1530 2673 1583 2701 ac
1604 2659 1680 2715 qui
1703 2675 1979 2704 commemo-

1086 2723 1211 2757 ratur
1241 2715 1296 2758 ab
1329 2714 1524 2758 Martial.
1559 2715 1590 2759 l.
1620 2718 1690 2758 10.
1722 2715 1861 2774 epigr.
1889 2718 1980 2774 37„
2037 2738 2043 2743 κ

1087 2788 1312 2830 quemque
1324 2771 1637 2828 Domitianus,
1665 2770 1736 2818 ὅτι
1757 2773 1874 2818 κατὰ
1893 2791 1978 2819 τυ...

1086 2825 1269 2889 ράννων
1296 2824 1401 2873 εἶπέ
1425 2844 1468 2871 τι
1497 2828 1655 2875 ἀσκῶν
1665 2864 1680 2887 ,
1720 2829 1974 2890 ἀπέκτεινε,

1086 2888 1149 2931 uti
1174 2886 1263 2930 Dio
1287 2886 1407 2931 Cass.
1429 2887 1500 2940 67,
1525 2888 1594 2931 12.
1621 2898 1787 2933 narrat.
1844 2890 1975 2936 Reci-

1083 2953 1254 2990 taverat
1296 2960 1408 2988 vero
1451 2944 1489 2987 is
1530 2945 1748 2989 Catonem
1794 2955 1972 3006 tragoe-

1084 3003 1224 3053 diam,
1253 3001 1316 3044 uti
1345 3017 1444 3044 mos
1468 3002 1638 3047 ferebat
1659 3003 1843 3047 illorum
1864 3015 1974 3049 tem·

1082 3076 1246 3117 porum
1286 3058 1364 3113 (cf.
1397 3058 1565 3118 Gierig.
1603 3060 1650 3102 in
1682 3060 1802 3104 Ptin.
1840 3062 1971 3120 epist.

1079 3116 1166 3160 vol.
1181 3116 1235 3160 ll.
1257 3133 1301 3174 p.
1314 3117 1451 3172 540.);
1483 3116 1735 3174 eodemque
1758 3119 1812 3161 ab
1835 3128 1969 3176 poeta

1080 3172 1310 3231 profectae
1349 3183 1455 3217 sunt
1493 3172 1724 3217 Domitius
1765 3183 1807 3218 et
1846 3176 1969 3220 Nero

1082 3230 1348 3287 tragoediae.
1379 3265 1381 3268 ⁴
1405 3230 1566 3275 Petivit
1587 3231 1724 3288 igitur
1747 3232 1782 3274 is
1819 3249 1868 3276 ex
1904 3232 1967 3276 hi-

1079 3287 1216 3331 storia
1269 3287 1472 3332 Romana
1524 3288 1776 3331 fabularum
1834 3305 1965 3346 argu-

1078 3353 1260 3396 menta,
1316 3345 1444 3389 cuius
1494 3345 1670 3404 generis
1721 3354 1826 3389 sunt
1875 3346 1967 3390 Pa-

1079 3401 1200 3444 cuvii
1251 3401 1443 3445 Paullus
1467 3436 1479 3454 ‚
1561 3403 1611 3445 L.
1670 3402 1778 3445 Attii
1830 3404 1965 3446 Bru-

1078 3467 1153 3501 tus
1169 3491 1180 3512 ,
1225 3458 1430 3503 laudatus
1457 3458 1647 3504 Varroni
1682 3458 1726 3502 L.
1751 3459 1800 3503 L.
1823 3461 1866 3512 4,
1889 3462 1958 3504 14.

1076 3523 1117 3558 et
1130 3515 1276 3560 Cicer.
1303 3516 1356 3560 de
1379 3516 1521 3563 divin.
1550 3516 1696 3570 1,22.,
1723 3524 1765 3559 et
1779 3516 1962 3568 Decius,

1077 3581 1115 3613 et
1137 3588 1247 3629 quae
1272 3590 1357 3617 una
1382 3573 1428 3617 in
1453 3582 1624 3615 nostras
1647 3575 1843 3628 pprvenit
1870 3591 1959 3617 ma-

1392 3634 1440 3689 P
