2150 4022
545 293 1075 356 DIALOGUS.

941 443 1154 500 porro,
1224 423 1272 478 si
1322 425 1552 499 poetica
1590 418 1927 496 accusatur,

78 431 503 490 solutissimum
551 440 785 504 poetam
803 427 831 482 ’ἓ

1162 293 1359 355 (JAP.
1398 282 1458 353 5.
1799 295 1922 355 235

78 537 202 574 non
226 516 408 574 alium
441 514 615 570 video
644 532 812 569 reum
843 508 1308 585 locupletiorem.

152 647 155 650 ’
193 679 197 683 .
247 625 501 684 Securus
526 624 630 695 sit,
674 620 1072 699 inquitAper‚
1112 629 1168 676 et
1195 616 1424 674 Saleius
1447 616 1663 675 Bassus
1689 631 1744 676 et
1763 621 1927 697 quis-

79 712 211 788 quis
243 712 395 768 alius
433 710 696 769 studium
731 707 992 784 poeticae
1031 717 1088 762 et
1118 702 1447 760 carminum
1475 703 1724 776 gloriam
1750 706 1927 776 fovet,

59 816 210 853 ‘cum
235 816 434 853 causas
456 815 626 869 agere
649 815 774 850 non
798 792 998 868 possit.

1083 787 1211 863 Ego
1252 787 1444 856 enim,
1500 802 1790 864 quatenus
1829 811 1927 847 ar-

75 881 299 939 bitrum
323 882 442 938 litis
466 877 645 938 huius
670 878 904 947 inveni,
957 896 1079 933 non
1105 872 1324 954 patiar,
1366 870 1711 931 Maternum
1741 876 1926 934 socie-

76 1105 160 1148 hus
181 1103 330 1146 verbis
354 1119 450 1146 non
472 1105 532 1149 ita
557 1104 751 1148 multum
772 1100 966 1146 laudabi-

75 1161 162 1204 lem
176 1160 462 1217 Quintiliano
477 1163 622 1207 visum
635 1161 831 1204 Saleium
844 1167 965 1202 recte

75 1218 307 1274 collegeris
347 1235 451 1262 cum
487 1219 763 1278 Spaldingio.
835 1215 966 1272 Quae

72 1291 259 1318 mouere
292 1291 404 1333 opus
430 1286 516 1326 est,
557 1293 615 1319 ne
640 1277 740 1334 quis
766 1274 963 1331 decipia-

74 1340 148 1375 tur
180 1350 203 1376 a
227 1332 390 1375 B'ahrio
419 1333 520 1378 hist.
547 1330 630 1377 list.
655 1335 790 1376 Rom.
821 1348 864 1389 p.
890 1331 961 1373 84.

72 1389 280 1433 Eundem
305 1389 610 1435 Wernsdorf.
631 1391 760 1434 Poet.
784 1390 862 1432 lat.
883 1388 965 1430 mi-

74 1462 176 1490 nor.
217 1446 271 1491 P.
303 1447 384 1491 lV.
416 1464 463 1507 p.
490 1449 698 1492 36-48.
734 1455 964 1492 auctorem

72 1503 183 1547 fecit
218 1504 432 1548 carminis
475 1505 731 1563 panegyrici
773 1505 826 1547 ad
866 1502 966 1546 Cal·

74 1561 288 1619 purnium
312 1561 556 1612 Pisonem,
597 1563 716 1620 quod
745 1579 768 1605 a
798 1561 963 1620 pleris-

77 1635 162 1676 que
176 1619 361 1663 Lucano
385 1620 660 1679 adscriptum
683 1628 772 1668 est,
806 1618 964 1660 eodem

75 1677 198 1724 iure,
240 1692 330 1734 quo
364 1693 469 1719 eum
500 1694 644 1720 unum
682 1676 966 1732 eundemque

77 1749 172 1776 esse
201 1749 254 1777 ac
284 1734 503 1791 tragicum
537 1743 717 1791 poetam
750 1734 852 1776 satis
889 1733 965 1775 ob·

76 1806 258 1834 scurum
279 1791 467 1833 Bassum
490 1808 514 1835 a
532 1790 739 1834 Martiale
763 1806 964 1834 comme·

76 1855 303 1892 moratum
361 1848 439 1902 (cf.
488 1849 544 1893 Α.
585 1849 742 1906 Langii
783 1846 964 1890 Vindio.

74 1914 184 1971 trag.
201 1906 335 1949 Rom.
362 1907 463 1963 p.9.
492 1909 605 1962 [non
628 1906 744 1961 49.])
771 1912 964 1948 conten-

76 1962 141 2005 dit
164 1962 220 2006 G.
245 1964 434 2007 Iacobus
455 1964 574 2023 apud
596 1962 779 2006 Dronk.
802 1961 963 2020 p.244.

133 2073 273 2116 alius.
351 2072 488 2117 MSS.
531 2073 674 2129 Neap.
719 2078 784 2126 [et
827 2073 963 2115 Farn.

76 2131 192 2188 apud
209 2130 368 2184 Bekk]
389 2133 554 2175 alium.
587 2154 642 2163 —
700 2130 842 2173 Paulo
865 2137 966 2187 post

74 2187 121 2229 in
151 2187 258 2232 edit.
283 2187 402 2247 Spir.
429 2205 686 2248 expressum
718 2195 784 2231 est
814 2189 968 2243 gloria

74 2244 260 2302 infovet.

134 2372 218 2411 ego
255 2359 382 2400 enim
396 2392 407 2410 ,
463 2368 693 2416 quatenus
729 2361 968 2402 arbitrum

75 2414 168 2458 litis
190 2415 330 2458 huius
355 2418 527 2468 inveni,
556 2432 654 2459 non
673 2418 836 2472 patiar
858 2416 967 2457 Ma-

75 2480 271 2513 ternum
293 2475 512 2516 societate
532 2476 745 2529 plurium
766 2473 965 2527 defendi.

6 2542 11 2544 ’
74 2528 190 2572 Edd.
215 2530 419 2587 antiquae
446 2547 628 2575 omnes:
663 2539 709 2574 et
731 2546 814 2585 ego
838 2530 965 2572 enim

76 2594 305 2641 quatenus
324 2589 575 2647 arbifrium
601 2589 699 2632 litis
731 2589 872 2630 huius
899 2587 965 2628 in-

76 2645 225 2686 veniri
241 2658 337 2687 non
358 2648 534 2700 patiar.
595 2648 869 2689 Maternum
887 2657 967 2687 so-

75 2701 196 2743 licite
221 2703 481 2755 plurimum
515 2704 718 2761 defendi.
783 2704 887 2758 Qua
918 2701 966 2743 in

76 2758 270 2801 lectione
295 2760 487 2816 plurima
510 2778 582 2804 me
607 2761 864 2810 offendunt3
893 2758 968 2805 vix

78 2815 196 2859 enim
230 2815 469 2861 ferendum
502 2819 707 2868 videtur,
753 2816 875 2876 quod
913 2815 968 2858 ab

75 2874 205 2918 initio
248 2876 445 2930 positum
489 2885 568 2920 est·
597 2886 642 2919 et
692 2893 774 2931 ego
825 2874 966 2920 enim,

79 2931 284 2988 quamvis
305 2931 426 2976 idem
448 2950 471 2978 a
493 2934 681 2992 Neapol.
705 2933 808 2978 cod.
831 2947 965 2990 prae-

76 2988 266 3038 beatur,
340 3001 658 3051 servatumque
709 2991 766 3034 sit
813 3007 839 3033 a
888 2988 968 3032 Li·-

76 3046 200 3103 psio,
227 3045 449 3096 pithoeo..
470 3050 743 3106 Bernegger.
757 3046 969 3092 Gronov.

7 3128 18 3138 ν
77 3103 395 3148 Schuzsseiseb.
455 3106 625 3150 Muret.
680 3103 857 3149 Dronk.
926 3111 969 3146 et

81 3160 286 3206 Osanno.
344 3160 457 3214 Alii,
485 3164 647 3221 quibus
670 3163 775 3206 item
808 3161 966 3220 displi-

80 3218 173 3262 cuit
193 3235 242 3263 ea
266 3220 585 3277 particularum
608 3219 866 3267 collocatio,
893 3226 970 3262 aut

82 3277 286 3320 deterunt
309 3293 492 3336 prorsus
516 3284 590 3320 aut
612 3277 740 3321 uncis
766 3277 966 3320 circum-

82 3333 327 3388 dederunt,
354 3342 404 3377 ut
418 3333 644 3383 Orellius,
677 3341 754 3378 aut
776 3333 968 3390 denique

53 3392 63 3408 “
84 3398 398 3443 correxerunt,
428 3400 479 3435 ut
498 3391 707 3435 Heinsius
727 3392 774 3434 in
800 3392 968 3434 etenim

84 3455 131 3491 et
157 3463 239 3503 ego
260 3449 330 3494 vel
357 3456 401 3492 te
426 3464 511 3502 ego
532 3450 677 3500 enim3
706 3446 966 3505 Bipontini:

42 3517 70 3563 j
84 3512 137 3548 at
157 3519 240 3560 ego
259 3506 397 3558 enim,
426 3514 476 3549 ut
497 3505 730 3550 inserviret
750 3504 968 3562 particula

84 3560 477 3614 istacorrectioni3
507 3562 782 3607 Seebodius:
820 3570 875 3605 at
900 3562 967 3604 vel

87 3626 133 3661 ee
165 3620 398 3675 equidem;
446 3619 649 3666 Orellius
678 3620 850 3663 etenim
884 3634 966 3671 ego

1808 1098 1925 1144 Tum

1038 1101 1114 1155 (cf.
1158 1098 1253 1141 eius
1297 1097 1472 1157 proleg.
1519 1112 1566 1155 p.
1600 1097 1735 1152 ML).

1038 1158 1250 1214 languere
1302 1163 1536 1210 quatenus
1590 1156 1716 1197 omni
1774 1172 1926 1200 sacra-
1994 1158 1996 1161 ’

1038 1221 1193 1257 mento
1214 1212 1449 1257 contendit
1472 1213 1521 1255 F.
1535 1211 1593 1253 A.
1608 1210 1820 1256 Wolfius
1841 1214 1871 1256 l.
1892 1214 1926 1259 l.

1038 1289 1080 1330 p.
1103 1270 1175 1313 78.
1208 1270 1659 1327 amplectendamque
1690 1284 1783 1312 esse
1816 1270 1930 1313 Mu-

1037 1328 1121 1372 reti
1144 1326 1506 1370 emendationem
1531 1329 1720 1383 quando
1743 1334 1787 1368 te
1809 1343 1929 1371 nunc

1036 1388 1224 1436 arbitr„
1253 1384 1387 1441 idque
1415 1400 1469 1427 eo
1494 1385 1656 1442 magis,
1686 1386 1809 1442 quod
1829 1401 1929 1443 per·

1036 1458 1172 1486 sonae
1209 1457 1470 1500 pronomen
1508 1441 1778 1498 requiratur.
1848 1442 1930 1486 Ei-

1013 1501 1140 1543 'dem
1184 1499 1429 1542 sententiae
1474 1498 1628 1542 favent
1662 1498 1931 1553 Heumann„

1039 1557 1115 1614 qui
1148 1564 1193 1598 te
1223 1555 1415 1611 omittit,
1457 1565 1500 1600 et
1528 1555 1578 1598 V.
1597 1555 1656 1598 D.
1679 1556 1727 1598 in
1752 1557 1929 1614 ephem.

1037 1615 1106 1658 lit.
1146 1612 1245 1656 Hal.
1289 1613 1438 1671 suppl.
1482 1630 1522 1658 a.
1556 1613 1680 1656 1829.
1723 1629 1799 1657 nr.
1834 1615 1931 1661 122.

1038 1670 1127 1714 Sed
1153 1679 1389 1726 quatenus
1421 1686 1470 1713 ea
1502 1678 1642 1713 aetate
1673 1670 1932 1728 frequenter

1036 1737 1300 1786 usurpatum
1323 1743 1415 1771 esse
1432 1743 1514 1785 pro
1531 1729 1766 1784 quoniam,
1787 1744 1931 1784 quan-

1036 1788 1284 1842 doquidem
1297 1819 1311 1840 ‚
1344 1785 1434 1828 loci
1456 1785 1700 1828 ostendunt
1720 1787 1932 1832 sexcenti.

1038 1844 1100 1887 cf.
1131 1842 1249 1886 infra
1281 1859 1379 1901 cap.
1406 1842 1473 1884 19.
1538 1840 1833 1897 Quint-'lusu
1859 1861 1931 1888 or.

1035 1902 1078 1952 2,
1112 1898 1155 1949 4,
1191 1899 1261 1943 13.
1303 1901 1345 1948 4,
1379 1899 1422 1950 2,
1453 1899 1523 1942 66.
1568 1899 1646 1942 ubi
1693 1899 1754 1942 cf.
1797 1901 1931 1957 Spal-

1038 1959 1161 2015 ding.
1186 1964 1242 2005 et,
1275 1972 1409 2014 quem
1431 1957 1474 2000 is'
1489 1955 1710 2007 excitavit,
1732 1957 1930 2002 Ouden-

1038 2016 1168 2072 dorp.
1218 2014 1275 2057 ad
1320 2015 1510 2058 Sueton.
1558 2013 1716 2058 Claud.
1766 2031 1807 2058 c.
1856 2018 1929 2062 26.

1036 2071 1216 2115 Deinde
1242 2071 1553 2130 inepta,·quae
1575 2071 1629 2113 ab
1650 2071 1843 2130 antiquis
1866 2075 1934 2117 of-

1036 2129 1249 2173 feruntur
1268 2128 1615 2187 exemplaribus,
1647 2128 1846 2173 Crotone
1865 2148 1931 2175 sa-

1038 2186 1168 2231 niora
1206 2186 1399 2229 reddidit
1434 2185 1673 2237 Pithoeus,
1732 2187 1852 2231 facili
1893 2189 1930 2233 is

1042 2244 1303 2289 coniectura
1365 2242 1630 2286 restituens:
1703 2252 1934 2300 quatenus·

1040 2303 1277 2346 arbitrum
1308 2301 1404 2343 litis
1433 2302 1571 2343 huius
1605 2301 1790 2357 inveni,
1838 2319 1933 2346 non

1035 2359 1225 2415 patiar,
1308 2358 1432 2416 quod
1496 2366 1540 2400 et
1602 2357 1752 2416 Lipsio
1817 2376 1930 2418 pro-

1039 2419 1194 2461 batum
1246 2422 1312 2457 est
1356 2415 1403 2457 in
1454 2414 1557 2457 edd.
1604 2416 1934 2472 posterioribus

1038 2483 1082 2517 et
1121 2488 1247 2529 seqq.
1279 2471 1505 2514 omnibus.
1580 2471 1738 2538 Neque
1778 2481 1931 2519 tamen

1038 2528 1250 2572 omnibus
1311 2527 1575 2573 satisfecisse
1629 2529 1810 2575 vldetur
1856 2531 1932 2576 Pi-
1986 2551 1998 2569 :³

1037 2588 1224 2638 thoeus,
1262 2584 1299 2629 si
1324 2586 1506 2642 quidem
1529 2586 1803 2632 coniecturis
1823 2589 1928 2634 abs-

1038 2645 1180 2687 tinere
1213 2642 1457 2686 noluerunt
1487 2658 1574 2685 nec
1609 2643 1810 2700 Lipsius,
1884 2647 1930 2694 ui

1038 2702 1086 2744 in
1112 2701 1181 2744 ed.
1205 2701 1426 2758 Antverp.
1450 2716 1489 2742 a.
1514 2700 1639 2743 1574.
1674 2707 1821 2746 totum
1873 2720 1930 2748 o-

1042 2774 1146 2803 cum
1172 2757 1258 2816 legi
1281 2758 1398 2802 vult:
1428 2764 1473 2800 et
1494 2773 1578 2812 ego
1597 2760 1767 2801 etenim
1787 2775 1830 2816 q.
1854 2776 1933 2805 ar-

1038 2817 1224 2858 bitrium
1245 2815 1341 2856 litis
1361 2815 1497 2857 huius
1514 2815 1717 2858 inveniri
1732 2830 1830 2860 non
1845 2835 1932 2875 pa-

1040 2875 1172 2917 tiar?
1225 2872 1502 2914 Maternum
1534 2875 1581 2915 in
1611 2875 1832 2918 societate
1857 2880 1928 2931 pl.

1041 2940 1127 2975 etc.
1146 2964 1156 2981 ,
1188 2945 1274 2973 nec
1295 2928 1660 2979 Schurzfleiseh„
1690 2931 1764 2974 cui
1787 2933 1930 2991 place-

1038 2989 1115 3032 bat
1149 2987 1365 3043 refingere
1395 2985 1661 3030 sententiam
1694 2987 1835 3033 hanc:
1885 2998 1933 3037 et

1040 3061 1125 3100 ego
1152 3045 1274 3087 enim
1290 3075 1302 3098 ,
1345 3058 1386 3099 q.
1411 3045 1650 3086 arbitrum
1675 3047 1707 3089 l.
1728 3047 1774 3090 h.
1796 3048 1930 3091 inve-

1041 3116 1181 3152 nero,
1225 3115 1321 3142 non
1351 3103 1514 3156 patiar
1540 3101 1810 3146 Maternum
1843 3108 1936 3149 soli

1042 3161 1124 3205 tibi
1140 3158 1352 3215 defendi,
1384 3174 1465 3201 nec
1477 3158 1695 3212 Seebod.‚
1721 3163 1796 3218 qui
1821 3164 1930 3206 scri·

1040 3217 1239 3260 bendum
1259 3215 1413 3258 suadet
1432 3223 1661 3272 quatenus
1679 3220 1931 3263 arbzttium

1038 3275 1139 3317 litis
1172 3274 1402 3317 invenero.
1469 3272 1679 3330 Denique
1715 3277 1932 3320 mendum
2010 3312 2014 3317 .

1040 3331 1222 3388 aliquod
1238 3330 1373 3373 latere
1393 3329 1441 3374 in
1463 3331 1666 3374 extremis
1680 3333 1839 3384 verbis,
1865 3334 1932 3378 uti

1040 3388 1089 3430 in
1115 3388 1220 3432 edd.
1254 3386 1448 3445 antiquis
1481 3387 1719 3446 leguntur,
1754 3391 1932 3435 solicite

1037 3446 1319 3501 plurimum,
1364 3460 1502 3488 nemo
1540 3445 1731 3500 ignorat.
1801 3447 1930 3492 Bene

1039 3508 1314 3547 succurrunt
1336 3501 1476 3546 Farn.
1501 3510 1544 3545 et
1567 3501 1753 3560 Neapol.
1779 3505 1931 3554 codd„

1040 3558 1116 3617 qui
1154 3559 1370 3620 praebent
1412 3561 1629 3604 societate
1667 3561 1931 3614 plurimum

1039 3615 1140 3668 [sed
1172 3617 1382 3673 plurium
1426 3616 1559 3663 hodie
1606 3615 1836 3674 profertur
1879 3636 1931 3667 ex
