2150 4022
403 250 643 321 loru
686 258 1004 320 AGRIC.
1042 259 1276 321 VITA
1315 232 1649 326 omiss.
1831 263 1950 322 199

101 392 342 468 excepit„
371 395 380 405 “
471 391 664 446 inerat
730 389 1085 446 conscientia
1113 436 1129 459 ‚
1223 392 1446 450 derisui
1512 391 1690 451 fuisse
1755 413 1954 468 nuper

97 478 310 542 falsum
334 495 365 531 e
391 471 713 531 Germania
746 470 1145 549 triumphum,
1200 478 1410 552 emptis
1441 498 1548 554 per
1578 479 1943 550 commercia,

96 581 346 639 quorum
378 556 615 617 habitus
648 570 705 616 et
734 560 924 616 crines
952 560 1017 615 in
1051 561 1417 635 captivorum
1442 563 1692 638 speciem
1717 564 1942 621 forma-

94 658 326 704 rentur:
385 666 451 702 ac
486 665 646 701 nunc
669 665 871 701 veram
898 664 1290 722 magnamque
1315 647 1621 704 victoriam
1640 695 1656 719 ‚
1704 660 1792 707 tot
1822 649 1938 704 mi-

91 733 250 788 libus
287 727 543 787 hostium
584 730 792 799 caesiS,
859 731 1084 804 ingenti
1118 732 1273 787 fama
1310 733 1610 793 celebrari.
1707 731 1778 790 Id
1825 734 1939 791 sihi

92 816 342 872 maxime
390 815 871 886 formidolosum5
935 816 1152 890 privati
1197 812 1457 873 hominis
1503 839 1720 875 nomen
1761 838 1938 894 supra

78 900 376 977 ‘principis
412 901 628 957 attolli:
687 902 905 958 frustra
947 901 1139 957 studia
1170 902 1288 959 fori
1326 914 1380 958 et
1419 902 1683 959 civilium
1719 905 1936 962 artium

92 988 269 1059 decus
296 986 363 1041 in
393 986 874 1056 silentiumwacta‚
928 986 977 1041 si
1011 986 1324 1043 militarem
1362 988 1608 1060 gloriam
1650 988 1799 1046 alius
1836 1010 1936 1046 oc—

93 1083 354 1146 cuparet:
410 1083 467 1127 et
503 1082 690 1127 cetera
727 1083 1027 1147 utcunque
1066 1072 1295 1129 facilius
1330 1073 1714 1129 dissimulari:
1769 1075 1934 1131 ducis

90 1157 236 1213 boni
265 1156 701 1231 imperatoriam
725 1157 1003 1214 virtutem
1032 1176 1171 1216 esse.
1260 1156 1509 1215 Talibus
1535 1158 1690 1215 curis
1719 1160 1936 1214 exerci-

90 1253 215 1310 tus,
260 1243 536 1318 quodque
558 1261 760 1298 saevae
786 1240 1154 1316 cogitationis
1189 1242 1480 1300 indicium
1515 1256 1670 1313 erat,
1713 1255 1932 1313 secreto

91 1346 196 1383 suo
241 1326 508 1397 satiatUS,
574 1326 865 1402 optimum
901 1327 965 1383 in
1000 1329 1327 1402 praesentia
1368 1329 1598 1400 statuit,
1650 1349 1936 1405 reponere

432 1514 530 1560 MS.
572 1513 677 1559 Vat.
717 1515 847 1559 3429.
891 1531 975 1559 ex·
1053 1535 1235 1571 omnes,
1277 1534 1422 1577 nuper
1446 1503 1643 1561 Walch.
1677 1526 1720 1561 et
1755 1519 1788 1562 Ι.
1816 1517 1933 1562 Bek-

1051 1576 1199 1619 kerus.
1271 1577 1478 1618 Veterem
1508 1575 1773 1632 scripturam
1803 1578 1939 1619 resti·-

1048 1641 1231 1677 tuerunt
1243 1632 1432 1676 Seebod.
1450 1632 1738 1676 Doederlein.
1753 1633 1935 1678 Dronk.

1048 1691 1238 1735 Becker.
1269 1699 1312 1733 et
1344 1689 1582 1735 Hertelius.
1640 1691 1795 1735 Recte.
1862 1690 1936 1736 Cf.

1046 1748 1319 1792 Ramshorn.
1339 1751 1382 1802 §.
1410 1748 1505 1796 179,
1525 1747 1569 1791 6.
1601 1764 1645 1806 p.
1667 1747 1767 1792 523.

1107 1866 1177 1901 tot
1209 1859 1398 1901 milibus
1428 1859 1647 1901 hostium.
1719 1856 1794 1905 Sic
1833 1858 1936 1901 edd.

1046 1917 1149 1959 Put.
1165 1933 1236 1974 pr.
1251 1916 1370 1960 Med.
1385 1915 1501 1958 Ven.
1515 1914 1599 1957 Riv
1612 1939 1677 1958 .-
1697 1914 1813 1958 Edd.
1831 1916 1934 1958 Ber.

1045 1973 1151 2018 Alc.
1167 1974 1403 2022 militibus,
1420 1988 1555 2030 quem
1572 1988 1775 2015 errorem
1792 1981 1934 2016 sustu·

1046 2031 1356 2081 litRhenanus‚
1371 2045 1561 2086 eumque
1574 2031 1748 2087 sequuti
1762 2046 1935 2073 omnes.

1049 2089 1224 2144 Quodsi
1289 2089 1407 2146 apud
1468 2088 1726 2131 Ernestium
1791 2088 1936 2132 tradi-

1045 2155 1143 2189 tur:
1172 2177 1199 2194 ,‚
1212 2145 1313 2188 edd.
1337 2154 1438 2189 ante
1449 2145 1652 2188 Rhenan.
1676 2146 1936 2197 millium’'‚

1046 2203 1257 2246 inductus
1291 2211 1355 2245 est
1399 2204 1435 2246 is
1470 2218 1624 2245 errore
1670 2202 1777 2245 edit.
1811 2202 1934 2245 Gro-

1047 2277 1176 2312 nom,
1210 2262 1257 2303 in
1290 2276 1376 2318 qua
1400 2259 1610 2314 Rhenaniv
1638 2260 1720 2302 sub
1754 2260 1935 2303 nomine

1048 2318 1155 2362 haee
1174 2319 1313 2362 verba
1335 2319 1544 2374 leguntur
1566 2333 1659 2359 non
1685 2316 1831 2359 minus
1851 2317 1935 2359 de-

1080 2385 1227 2420 ravata
1244 2390 1255 2418 :
1286 2376 1583 2433 „scripsimus
1604 2381 1672 2415 tot
1689 2373 1931 2422 mz'llium‚'’

1064 2431 1263 2480 ,Ernestii
1300 2447 1498 2474 errorem
1515 2464 1526 2482 ,
1577 2439 1627 2475 ut
1662 2431 1746 2473 alia
1782 2432 1936 2485 multa,

145 1515 342 1571 excepit.

88 1573 213 1626 cipit.

133 1657 319 1711 salsum
347 1671 371 1698 e
385 1654 646 1700 Germania
668 1659 977 1713 triumphum.

88 1712 277 1756 Rettulit
349 1729 453 1756 eum
518 1713 751 1758 Dodwell.
812 1716 980 1759 Annal.

91 1768 252 1826 Quint.
281 1774 324 1825 §.
349 1770 494 1814 XXII.
524 1787 567 1828 p.
584 1772 709 1838 1142.
734 1771 802 1815 ed.
819 1772 976 1816 Burm.

86 1826 343 1927 ffass‘fissuffl
363 1828 977 1929 0⁰u¹¹111ss¹22fiss⁵10⁶i3322¹253

88 1956 194 1999 rege
215 1950 412 1999 gestum,
441 1944 518 1985 sed
545 1959 648 1986 cum
673 1952 717 1986 et
739 1959 890 1986 rerum
914 1943 976 1986 ibi

87 2008 309 2056 gestarum
363 2000 588 2043 enarratio
637 2009 679 2043 et
719 2009 974 2059 temporum

86 2056 201 2098 ratio
235 2057 492 2099 adversetur
532 2058 611 2112 (cf.
645 2058 763 2101 infra
797 2073 835 2101 e.
866 2059 976 2111 41.),

86 2113 252 2173 rectius
276 2113 349 2155 alii
374 2124 613 2171 praeeunte
630 2114 859 2173 Scaligero
884 2116 975 2158 ani·

87 2170 478 2217 madversionibus
502 2172 667 2215 Euseb.
695 2188 741 2230 p.
765 2173 863 2215 204.
893 2174 973 2216 ad-

87 2227 320 2285 signarunt
354 2229 627 2286 triumphurn
658 2229 780 2272 bello
818 2238 975 2272 contra

87 2283 978 2399 {³:¹¹5}warattffiissffiss'ss'ssffssffi

89 2374 210 2441 Cass.
226 2358 348 2449 6754.
370 2376 507 2441 tradit·
521 2377 629 2459 μηδ”
644 2375 865 2459 ’ἑωρακώς
883 2417 977 2444 που

87 2459 312 2516 πολέμιον
335 2458 545 2511 ἐπανῆκε.
582 2458 651 2501 Cf.
677 2459 799 2501 Plin.
828 2459 974 2502 Pane-

87 2515 343 2615 fflssrffl
358 2516 979 2624 {tf'ciffamfi‘ffsssissssvss‘ffi

90 2628 158 2671 16.
180 2633 242 2687 [p.
254 2629 354 2672 466.
378 2631 448 2673 ed.
466 2630 691 2686 Frotsch.]
715 2639 756 2674 et
779 2632 975 2674 Moeser.

89 2686 188 2729 hist.
235 2685 491 2745 Osnabrug.
538 2687 568 2734 l.
613 2704 658 2745 p.
707 2689 802 2732 169.
854 2687 972 2730 Ptin.

91 2742 254 2801 Paneg.
277 2760 315 2787 c.
331 2748 399 2788 11.
423 2749 546 2801 quod
564 2750 705 2788 modo
727 2750 887 2789 hostes
908 2748 975 2788 in-

89 2810 313 2843 vaserant
346 2811 810 2859 contemseruntque,
857 2818 972 2859 quo-

89 2858 225 2899 niam
266 2860 529 2914 imperator
569 2863 633 2917 is,
685 2862 813 2904 cuius
852 2860 982 2915 pulsi

77 2914 331 2970 fugatique
362 2933 458 2958 ηοη
487 2920 617 2960 aliud
648 2921 803 2961 maius
831 2920 976 2960 habe-

92 2973 230 3013 batur
260 2974 509 3028 indicium,
556 2991 697 3030 quam
729 2977 776 3017 si
804 2977 978 3018 trium·

87 3030 270 3083 pharet.
330 3031 400 3074 Cf.
425 3031 620 3076 Walch.
638 3033 693 3076 ad
718 3034 761 3077 h.
784 3034 817 3077 l.

152 3129 319 3174 crines.
389 3130 489 3184 MS,
523 3131 626 3176 Vat.
660 3132 786 3178 3429.
819 3135 976 3184 crinis,

93 3185 198 3230 inde
222 3187 321 3230 edd.
348 3187 535 3233 Becker.
560 3199 603 3233 et
622 3190 790 3235 Hertel.

148 3302 204 3329 ac
235 3303 360 3331 nunc
390 3303 550 3332 veram
573 3305 886 3349 magnamque
909 3295 978 3336 vi-

96 3345 310 3388 etot-iam.
373 3346 448 3390 Sic
463 3348 562 3390 MS.
582 3348 814 3393 Vat.3429.
841 3351 976 3408 (apud

96 3398 342 3444 Beckerum
356 3436 368 3454 ,
393 3404 622 3447 Broterius
643 3422 752 3448 vero
773 3407 978 3450 etDron-

97 3454 196 3498 kius
217 3463 379 3515 tacent)
411 3469 453 3502 et
479 3463 579 3504 edd.
608 3463 813 3521 antiquae
837 3481 978 3522 usque

98 3512 152 3558 ad
164 3512 422 3560 Rhenanum
437 3551 450 3569 ,
477 3517 555 3576 qui
579 3520 768 3563 correxit
787 3530 837 3563 at
858 3537 980 3564 nunc

82 3577 205 3621 ‘etc.,
246 3575 364 3628 quod
390 3585 626 3621 servarunt
648 3577 746 3621 edd.
773 3579 980 3636 deinceps

1049 2505 1141 2532 non
1166 2490 1359 2533 correxit
1383 2489 1416 2531 1.
1442 2487 1706 2541 Bekkerus.]

1103 2606 1149 2647 si
1165 2604 1420 2647 militarem
1441 2604 1642 2658 gloriam
1661 2603 1786 2645 alius
1805 2618 1936 2646 occu·

1043 2671 1204 2716 paret.
1275 2661 1351 2704 Sic
1391 2661 1492 2704 edd.
1538 2676 1720 2711 omnes;
1766 2659 1932 2704 frustra

1045 2718 1278 2762 sanissima
1321 2718 1430 2762 haec
1470 2719 1667 2762 tentabat
1703 2717 1930 2777 corrigere

1046 2777 1217 2834 Lipsius
1252 2777 1399 2818 altius
1431 2774 1499 2818 vel
1533 2776 1686 2817 artius
1719 2773 1810 2818 sive
1846 2791 1929 2817 ar·-

1047 2836 1162 2877 otius
1185 2833 1480 2883 substituens;
1518 2848 1634 2875 unus
1660 2832 1934 2896 obsequutus

1050 2899 1114 2934 est
1130 2890 1341 2934 Pichena.
1390 2891 1529 2933 Alius
1550 2897 1656 2948 puta
1677 2905 1813 2946 quam
1837 2890 1931 2948 ipse

1047 2949 1306 3006 imperator.
1375 2947 1436 2991 ef.
1475 2948 1572 2990 An..
1600 2947 1642 2997 2,
1679 2947 1748 2990 32.
1783 2961 1933 3002 penes

1047 3008 1174 3048 alias
1208 3005 1433 3061 familias
1483 3005 1788 3060 imperatoria
1827 3007 1935 3047 laus

1027 3063 1220 3119 suerat.
1280 3062 1394 3105 Vide
1417 3063 1453 3106 Ι.
1476 3062 1552 3106 Fr.
1567 3061 1776 3107 Gronov.
1799 3063 1928 3105 diatr.

1048 3122 1096 3163 in
1112 3119 1299 3162 Statium
1328 3136 1373 3178 p.
1398 3119 1499 3163 473.
1527 3118 1598 3163 ed.
1618 3118 1767 3162 Hand.

1105 3242 1332 3290 utcunque
1378 3234 1570 3290 facilius
1621 3233 1927 3276 dissimulari.

1046 3291 1275 3334 Ernestius
1320 3308 1555 3351 perperam
1603 3299 1834 3345 utcunque
1873 3288 1929 3332 ad.

1045 3351 1338 3392 dissimulari
1364 3351 1569 3401 trahens,
1595 3348 1789 3404 facilius
1817 3347 1932 3404 glos·

1048 3422 1141 3448 sani
1168 3422 1320 3464 sapere
1347 3407 1544 3466 putabat.
1603 3407 1740 3462 lunge
1773 3412 1823 3446 tu
1852 3411 1928 3446 ut-

1048 3477 1224 3518 cunque
1258 3471 1359 3507 cum
1383 3464 1575 3519 facilius
1605 3471 1648 3504 et
1675 3470 1795 3505 verte
1823 3476 1930 3504 cum

1050 3518 1302 3564 Walchio:
1354 3523 1439 3563 wie
1475 3518 1673 3577 missliclz
1714 3534 1763 3563 es
1810 3520 1930 3563 auch
1992 3547 1995 3551 ν

1052 3579 1146 3634 sei,
1177 3581 1246 3621 sei
1265 3593 1312 3622 es
1336 3581 1540 3621 lcicmer.
