2150 4022
475 239 478 242 ⁴
529 215 652 317 ΒΕ
715 243 1243 347 GERMANIA
1302 242 1599 320 CAP'.>1.
1660 218 1689 251 ²
1956 262 1993 319 5

1658 366 1691 375 κ

131 381 252 447 tera
292 385 571 445 'Oceanus
616 388 800 447 ambit
849 387 1000 446 latos
1037 378 1202 445 simis
1243 399 1299 444 et
1334 389 1663 446 insularum
1700 387 1986 446 immensa

130 473 312 549 spatia
364 475 787 549 complectenS‚
856 492 1046 548 nuper
1094 473 1341 548 cognitis
1388 473 1744 552 quibusdam
1795 475 1986 547 genti-

125 735 213 777 que
234 719 430 763 attulisse
445 752 456 770 ‚
489 730 538 764 ut
561 719 782 763 iudicium
807 729 921 763 esset
944 736 1018 777 pe·

124 793 204 820 nes
226 776 458 821 lectorem.
506 776 564 822 ef.
583 778 677 820 eius
696 779 895 820 observv.
917 777 1018 822 erit.

124 849 168 891 p.
190 832 262 877 40.
318 833 457 889 Quod
478 836 675 878 multum
698 851 721 877 a
743 851 854 881 vero
877 835 1017 879 abest.

181 899 354 934 cetera.
422 892 510 936 Ed.
542 893 727 935 Monac.
764 901 872 935 teste
903 892 1013 935 Pas-

122 949 247 991 sovio
291 950 517 993 ceteram.
605 949 694 993 Sed
738 949 873 993 ceteri
910 949 1014 992 libri

123 1005 358 1063 vulgatum
381 1014 579 1051 tuentur.

183 1064 410 1108 Oceanus.
469 1065 571 1107 MS.
593 1062 827 1122 Stuttgart.
855 1077 1014 1106 occea—

120 1135 210 1164 nus
241 1128 284 1164 et
318 1137 422 1173 mox
445 1137 657 1165 occeano.
733 1120 792 1164 cf.
829 1130 922 1164 not.
956 1120 1012 1164 ad

120 1177 234 1221 Hist.
252 1179 299 1227 4,
325 1179 392 1222 12.
451 1179 541 1223 An.
570 1179 638 1234 14,
667 1178 805 1222 32⁴&
830 1178 952 1222 alibi.

159 1238 303 1279 datos
329 1238 474 1279 sinus.
532 1235 768 1279 Passovius
802 1234 1013 1292 intelligit

121 1309 216 1336 non
246 1293 388 1336 maris
420 1292 567 1344 sinus,
597 1293 675 1335 sed
701 1302 869 1345 terrae,
897 1292 942 1335 h.
975 1308 1013 1334 e.

122 1366 223 1393 oras
256 1349 502 1394 maritimas
540 1350 587 1392 in
623 1349 860 1394 Oceanum
903 1365 1011 1408 pro-

123 1415 370 1451 currentes.
433 1407 491 1451 cf.
510 1407 618 1451 infr.
642 1424 685 1451 c.
708 1408 775 1451 37.
811 1411 1012 1451 eundem

123 1465 412 1508 Germaniae
433 1466 593 1507 sinum
620 1466 840 1520 proximi
861 1465 1013 1508 Ocea-

118 1537 181 1564 no
197 1522 372 1567 Cimbri
388 1530 563 1565 tenent.
627 1521 863 1567 Oceanum
891 1523 1011 1578 enim

61 1619 65 1621 .
120 1578 352 1624 contendit
373 1596 519 1638 neque
542 1596 588 1624 se
606 1580 754 1638 ipsum
776 1596 922 1638 neque
943 1579 1013 1622 sui

118 1637 258 1694 ipsius
280 1645 427 1694 partes
452 1638 716 1694 complecti,
747 1638 824 1679 sed
858 1647 1012 1684 terras,

120 1694 428 1751 paeninsulas,
466 1693 651 1738 insulas.
712 1694 882 1738 Contra
899 1694 1011 1737 Pas-

121 1750 302 1796 sovium
332 1750 559 1808 disputant
582 1752 715 1795 Rehs
749 1751 1012 1807 (Ausfic'hrl.

117 1807 442 1862 Erlfiuterung
472 1812 558 1850 der
577 1817 732 1850 ersten
755 1810 873 1850 zehn
900 1809 1021 1850 Ka-·

114 1865 232 1920 pitel
259 1873 344 1909 etc.
383 1881 427 1923 p.
456 1866 576 1918 69.),
605 1865 801 1921 Diltlzey
831 1865 1010 1923 aliique,

121 1923 198 1980 qui
221 1937 327 1966 cum
351 1923 583 1968 Brodovio
612 1921 749 1973 maris
781 1921 904 1966 sinus
935 1923 1011 1966 in-

119 1978 351 2037 telligunt,
388 1989 439 2023 ut
480 1981 590 2024 ostia
623 1980 806 2031 Mosae,
848 1980 1008 2032 Rheni,

122 2036 339 2095 Visurgis,
359 2037 503 2090 Albis,
530 2054 676 2096 neque
697 2047 846 2081 tamen
866 2053 1009 2080 exem-

119 2093 205 2152 plis
239 2095 435 2153 probant
474 2098 600 2138 latos
640 2097 772 2138 sinus
803 2098 1007 2150 comple-

121 2159 322 2196 ctentem
332 2151 570 2196 Oceanum
591 2152 679 2196 dici
700 2169 827 2210 posse
845 2169 894 2196 ea
915 2169 1015 2196 sen-

120 2210 257 2253 tentia
291 2226 377 2268 qua
407 2211 586 2254 volunt:
629 2219 884 2256 memorant
908 2218 1013 2253 tan-

119 2269 356 2311 tummodo
370 2267 428 2312 ita
449 2267 537 2312 dici
554 2283 697 2326 posse,
717 2267 764 2310 id
774 2267 894 2326 quod
910 2267 1013 2311 Pas·

122 2325 275 2374 sevius
292 2333 439 2383 negat.
492 2326 608 2368 Sunt
627 2333 778 2368 tamen
799 2326 1012 2383 exempla,

124 2383 222 2442 quis
257 2384 359 2425 satis
391 2391 489 2440 apte
521 2385 740 2440 probetur
774 2385 1015 2437 complecti

125 2439 212 2484 dici
236 2454 319 2496 pro
343 2440 588 2495 umfassen
605 2456 656 2482 eo
674 2440 938 2496 significatu,
962 2450 1012 2484 ut

122 2499 178 2543 sit
198 2500 246 2539 in
269 2497 364 2538 sich
384 2498 638 2539 enchalten.
685 2497 743 2539 cf.
762 2497 878 2541 Plin.
907 2513 1010 2555 epp.

121 2555 165 2607 3,
185 2556 227 2598 9.
258 2569 355 2596 non
383 2568 482 2597 esse
514 2555 762 2607 epistolam
804 2556 1008 2608 longam,

123 2627 242 2670 quae
271 2619 337 2654 tot
365 2612 489 2660 dies,
518 2618 588 2653 tot
611 2612 911 2665 cognitiones,
941 2619 1010 2653 tot

122 2670 316 2749 derwue
344 2683 448 2712 reos
477 2683 734 2724 causasque
761 2672 1009 2723 complexa

122 2729 201 2772 sit.
262 2726 351 2768 Sed
377 2725 541 2769 rectius
565 2725 753 2769 fortasse
772 2725 846 2768 hic
868 2741 1005 2783 agno-

122 2800 218 2830 sces
244 2784 290 2828 id
322 2783 497 2827 dicendi
530 2799 690 2840 genus,
721 2783 843 2840 quod
868 2799 1008 2829 voca·-

122 2851 198 2886 tur
250 2843 621 2898 συνεζευγμένον.
712 2841 771 2884 cf.
809 2849 904 2888 not.
954 2841 1009 2884 ad

122 2902 210 2946 An.
242 2900 284 2951 2,
311 2900 383 2942 ΞΟ.
422 2900 503 2941 sub
538 2912 615 2943 vv.
648 2901 771 2955 quod
805 2903 1007 2941 arduum

124 2966 208 3001 etc.
243 2965 285 3000 et
307 2955 579 3000 Ramshorn.
603 2955 684 2998 Gr.
713 2959 757 3010 §.
779 2957 878 2999 206.
902 2959 944 2999 h.
963 2957 1006 2998 2.

123 3014 324 3058 Verbum
355 3015 662 3067 complectens
694 3011 1017 3071 proprie‘eon-·

123 3071 249 3117 venit
286 3071 530 3122 insularum
571 3071 799 3113 immensis
834 3071 1008 3130 spatiis:

123 3125 362 3186 ἀναλόγως
405 3126 514 3171 illud
560 3126 902 3186 intelligendum
946 3136 1011 3171 est

125 3188 178 3232 ad
216 3189 338 3229 latos
366 3187 510 3228 sz'tzus.
582 3184 794 3228 Ceterum
825 3187 916 3228 laci
943 3187 1011 3228 si-

124 3259 213 3287 nus
243 3251 345 3286 sunt
377 3242 497 3300 ipsae
528 3241 662 3284 maris
685 3239 943 3286 Geimaniei
965 3251 1014 3286 ‘et

125 3300 286 3344 Baltiei
317 3310 462 3359 partes
505 3300 719 3343 niaiores=
763 3316 866 3344 nam
901 3300 1012 3343 ostia

127 3352 323 3414 amnium
348 3356 412 3399 'vix
435 3356 522 3414 dici
545 3365 730 3414 possunt
753 3358 844 3400 lati
864 3358 1012 3400 sinus.

127 3415 272 3458 Video
287 3413 534 3458 Beckerum
562 3413 590 3456 Ι.
616 3414 647 3458 l.
672 3415 859 3457 eandem
882 3414 1012 3457 huius

129 3472 217 3516 loci
236 3471 573 3529 explicationem
598 3473 898 3530 proposuisse.

187 3529 448 3585 insularum
474 3530 705 3572 immensa
725 3531 898 3585 spatia.
963 3531 1014 3571 ln

131 3586 200 3631 ed.
237 3585 442 3631 Oberlini
476 3600 556 3646 per
586 3585 742 3630 vitium
774 3602 1014 3645 operarum

1074 1581 1128 1623 4.
1166 1584 1205 1623 5.

1090 737 1195 766 voc.
1230 723 1497 766 insularum
1533 721 1783 765 inter'eidit:
1846 721 1982 779 idque

1089 778 1323 822 restituere
1347 777 1633 835 neglexerunt
1650 775 1877 822 Naudetus
1891 778 1982 822 alii-

1088 852 1190 894 que.
1236 835 1446 880 Ceterum
1464 834 1732 877 insularum
1749 838 1984 878 immensa

1085 894 1240 948 spatia
1258 891 1459 949 intellige
1486 902 1623 935 terras
1634 891 1847 944 Danicas,
1869 893 1982 936 Nor·

1087 950 1284 1007 vegicas‚
1341 949 1576 997 Suecicas‚
1642 965 1832 1008 quarum
1877 967 1981 998 vera

1086 1017 1244 1050 natura
1297 1015 1396 1049 tum
1447 1006 1655 1049 nondum
1704 1009 1977 1051 innotuerat.

1085 1063 1365 1107 Weilzertus
1394 1062 1468 1107 hic
1502 1073 1544 1107 et
1577 1079 1616 1107 c.
1638 1065 1682 1111 2.
1706 1065 1981 1110 vocabulum

1085 1123 1319 1165 immensa
1361 1122 1478 1164 male
1520 1122 1844 1178 interpretatur
1885 1137 1983 1169 un-v

1084 1193 1347 1235 gemessen,
1379 1187 1428 1220 ut
1453 1173 1624 1222 indicet
1654 1210 1681 1229 „
1700 1178 1891 1232 Mangel
1916 1196 1979 1222 an
2005 1200 2009 1205 *

1083 1239 1287 1279 nc'z‘herer
1313 1227 1611 1292 Kenntnffs.”
1670 1236 1742 1278 Tu
1767 1252 1878 1280 vero
1899 1236 1994 1282 ae?

1086 1294 1183 1352 cipe
1209 1294 1263 1336 de
1287 1293 1458 1350 ingenti
1478 1293 1802 1351 magnitudine.

1140 1366 1288 1406 nuper
1317 1352 1525 1406 cognitis,
1602 1350 1776 1409 Lipsius
1812 1349 1978 1408 cogitat

1085 1409 1139 1452 de
1161 1407 1411 1452 Domitiani
1445 1408 1661 1466 imperio,
1695 1405 1770 1465 qui
1803 1407 1992 1465 expedi--

1081 1467 1229 1510 tiones
1261 1465 1308 1508 in
1333 1465 1485 1509 Cattos
1512 1466 1828 1522 Sarmatasque
1855 1465 1960 1508 fecit

1085 1524 1143 1568 cf.
1168 1524 1354 1567 sueton.
1370 1522 1524 1580 nom.
1555 1539 1596 1567 ο.
1621 1524 1663 1566 6.
1721 1522 1886 1580 xiphn.
1907 1497 1978 1571 67',

1296 1580 1528 1624 Broterius
1573 1596 1656 1623 nos
1696 1581 1886 1623 remittit
1921 1579 1976 1622 ad

1085 1637 1418 1680 monimentum
1460 1636 1625 1680 Plautii
1664 1637 1840 1680 Aeliani
1886 1637 1973 1691 (cf.

1083 1693 1194 1739 Hist.
1219 1695 1263 1746 4,
1281 1693 1398 1750 53.),
1440 1694 1561 1752 quod
1590 1702 1724 1738 exstat
1753 1695 1869 1752 apud
1893 1693 1977 1735 Pi-

1081 1754 1244 1795 ranesi
1265 1753 1447 1796 Antich.
1477 1752 1618 1794 Rom.
1666 1751 1755 1795 tab.
1783 1754 1852 1795 11.
1877 1769 1896 1794 s
1931 1766 1974 1808 q.

1079 1809 1148 1852 lbi
1169 1807 1369 1852 Plautius
1393 1816 1659 1867 propraetor
1680 1808 1881 1851 Moesiae
1900 1767 1973 1876 di-

1083 1866 1200 1910 citur
1242 1868 1386 1921 plura
1422 1880 1564 1921 quam
1599 1873 1790 1907 centum
1826 1867 1977 1922 millia

1081 1939 1145 1966 ex
1179 1938 1375 1966 numero
1404 1923 1878 1966 Transdanubiorum
1910 1926 1976 1965 ad

1077 1983 1372 2036 praestanda
1407 1982 1584 2023 tributa
1614 1996 1720 2022 cum
1763 1981 1972 2035 coniugi-

1080 2041 1164 2082 bus
1195 2054 1251 2081 ac
1283 2039 1442 2081 liberis
1486 2045 1531 2080 et
1573 2039 1862 2093 principibus
1891 2046 1973 2080 aut

1079 2098 1262 2150 regibus
1284 2098 1380 2139 suis
1403 2096 1760 2147 transduxisse,
1790 2097 1975 2150 ignotos

1084 2162 1198 2197 ante
1239 2162 1325 2195 aut
1365 2153 1575 2208 infensos
1618 2156 1790 2208 populo
1827 2154 1970 2196 Rom.

1083 2226 1216 2266 reges
1255 2211 1388 2265 signa
1424 2210 1565 2254 Rom.
1597 2215 1886 2254 adoraturos
1924 2211 1975 2251 in

1084 2271 1244 2324 ripam
1277 2284 1421 2324 quam
1453 2271 1670 2311 tuebatur
1696 2269 1975 2323 perduxisse

1084 2334 1170 2370 etc.
1231 2326 1295 2369 At
1316 2342 1440 2368 nunc
1462 2325 1515 2368 de
1547 2326 1629 2368 alia
1663 2326 1847 2382 regione
1876 2341 1991 2383 ser-a

1084 2400 1159 2426 mo
1189 2391 1269 2427 est.
1352 2382 1540 2426 Colerus
1568 2383 1737 2425 rectius
1764 2381 1854 2424 huc
1888 2389 1973 2433 t'ra-

1083 2441 1146 2483 hit
1181 2440 1483 2499 expeditiones
1516 2441 1655 2482 Drusi
1702 2449 1744 2482 et
1776 2438 1971 2482 Germa-

1082 2498 1191 2542 nici.
1253 2499 1314 2541 cf.
1343 2497 1504 2540 Strabo
1535 2498 1603 2546 7.‚
1638 2514 1685 2554 p.
1707 2497 1806 2539 291.
1866 2496 1974 2539 Sue·

1082 2563 1178 2598 ton.
1217 2554 1375 2598 Cla-ud.
1408 2570 1447 2597 c.
1477 2557 1515 2598 1.
1586 2553 1726 2598 Tacit.
1759 2555 1851 2598 An.
1882 2554 1926 2605 2,
1946 2553 1974 2595 8

1082 2628 1180 2670 sqq.
1270 2612 1566 2670 Praecipuam
1624 2611 1744 2655 illius
1794 2610 1970 2654 Oceani

1082 2669 1382 2726 cognoscendi
1399 2691 1409 2698 «Δ
1437 2669 1723 2714 occasionem
1767 2667 1972 2728 praebuit

1081 2727 1226 2769 clades
1263 2727 1350 2768 An.
1384 2727 1427 2774 2,
1449 2726 1523 2770 24.
1558 2734 1775 2770 enarrata.
1865 2725 1971 2770 Vid.

1082 2792 1122 2825 et
1148 2783 1311 2826 Vellei.
1331 2785 1372 2834 2,
1396 2785 1493 2828 106.
1515 2786 1571 2828 de
1595 2800 1642 2828 ex
1679 2781 1967 2827 editioneTi-

1081 2842 1206 2889 herii,
1241 2841 1315 2883 ubi
1340 2841 1601 2885 adfirmatur
1625 2800 1826 2892 cias-sem,
1858 2856 1971 2899 quae

1083 2897 1255 2942 Oceani
1281 2898 1725 2958 circumnavigaverit
1746 2899 1882 2947 sinus,
1915 2898 1969 2940 ab

1082 2955 1283 2998 inaudito
1311 2963 1443 3014 atque
1467 2957 1699 3016 incognito
1731 2964 1831 2998 ante
1857 2955 1975 2998 mari

1080 3013 1258 3055 flumini
1271 3010 1657 3057 Albisubvectam.
1705 3013 1762 3056 cf.
1780 3012 1899 3055 Plin.
1915 3012 1970 3055 N.

1082 3071 1136 3113 11.
1157 3069 1291 3120 2¹67.
1319 3072 1361 3122 4,
1379 3071 1448 3115 27.
1511 3070 1797 3115 Vocabulum
1826 3084 1974 3125 nuper

1082 3143 1173 3171 non
1206 3129 1356 3170 stricte
1387 3129 1504 3174 valet
1535 3129 1590 3171 de
1620 3144 1671 3171 re
1704 3137 1805 3172 ante
1837 3129 1970 3171 breve

1080 3194 1257 3250 tempus
1296 3184 1435 3235 facta,
1498 3188 1574 3230 sed
1620 3186 1798 3241 longius
1838 3185 1971 3228 etiam

1081 3250 1271 3300 spatium
1314 3243 1514 3302 designat
1554 3234 1888 3310 opponiturque
1920 3243 1970 3284 in

1083 3299 1345 3346 universum
1373 3303 1508 3344 rebus
1539 3301 1746 3359 antiquis.
1819 3297 1966 3343 Cicer.

1085 3357 1139 3399 de
1160 3355 1222 3400 N.
1240 3356 1299 3400 D.
1325 3358 1366 3409 2,
1391 3359 1462 3401 50.
1490 3358 1614 3417 Quid
1638 3375 1719 3409 ea,
1749 3372 1866 3413 quae
1887 3371 1969 3399 nu·

1080 3427 1189 3468 per,
1239 3417 1286 3457 id
1328 3425 1396 3457 esc
1424 3418 1580 3469 paucis
1610 3422 1719 3458 ante
1755 3414 1966 3466 saeculis,

1085 3474 1371 3515 medicorum
1404 3475 1594 3528 ingeniis
1617 3480 1803 3526 reperta
1831 3474 1973 3514 sunl?

1086 3527 1147 3571 cf.
1169 3529 1340 3573 Duker.
1367 3531 1420 3574 ad
1445 3531 1565 3575 Flor.
1597 3534 1633 3582 1,
1659 3530 1742 3574 11.
1796 3529 1977 3573 Ernest.

1088 3584 1212 3631 Clav.
1239 3586 1332 3632 Cic.
1360 3588 1402 3632 h.
1432 3604 1475 3636 v.
