2150 4022
239 298 364 358 260

753 285 1587 353 DE‘ORATORIBUS

405 423 480 484 X.
522 421 642 492 Nec
681 422 882 498 opinio
906 421 1156 499 ‘quidem
1195 432 1261 478 et·
1284 422 1470 493 fama,
1525 422 1621 480 cui
1657 414 2088 489 soli<'²serviu1it‚-

242 525 299 570 et
332 509 490 586 quod
527 528 714 564 unum
755 520 875 563 esse
909 506 1164 582 pretium
1199 508 1391 562 omnis
1428 508 1649 565 laboris
1682 506 1774 564 sui
1808 503 2084 579 fatentur,

242 615 426 672 aeque
464 603 664 668 poetas
693 613 868 669 quam
897 603 1158 647 oratores
1187 592 1479 666 sequitur:
1539 593 1820 669 quoniam
1855 576 2085 647 me‘d'io-

241 682 355 738 cris
381 690 580 754 poetas
611 698 784 734 nemo
813 676 1008 759 novit,
1054 678 1243 731 bonos
1269 677 1459 752 pauci.
1535 678 1772 754 quando
1801 675 1961 731 enim
1987 694 2086 731 ra-

240 765 603 822 rissimarum
629 762 1039 820 recitationum
1064 761 1219 816 fama
1244 762 1310 817 in
1332 773 1515 818 totam
1545 764 1755 820 urbem
1782 758 2086 842 penetrat?

242 852 461 906 nedum
499 859 573 907 ,ut
621 868 727 923 per
763 858 849 905 tot
887 845 1221 922 provincias
1267 847 1610 908 innotescat.

240 1039 448 1096 antiquae
483 1045 526 1080 et
558 1051 700 1094 nuper
731 1035 924 1090 Seebod.
958 1034 1130 1078 Osann.

242 1096 389 1140 Ovell.
432 1095 599 1149 [Boea.
643 1102 685 1137 et
724 1094 956 1151 Rupert.]‚
1008 1093 1127 1150 quod

243 1158 354 1198 bene
390 1154 620 1196 defensum
659 1159 724 1194 est
762 1168 783 1193 a
817 1150 1129 1209 &Vopkensim

243 1210 406 1255 Schelii
431 1209 691 1254 coniectura
721 1211 1026 1251 secredenwm
1061 1214 1131 1249 est

241 1270 400 1312 nititur
432 1267 527 1311 aliis
550 1266 705 1310 Nostri
739 1266 874 1320 locis,
919 1275 967 1307 ut
991 1283 1031 1308 c.
1062 1266 1127 1307 1⁰2.

243 1324 415 1370 secedit
443 1325 657 1374 animus,
704 1339 745 1366 c.
786 1321 854 1364 13.
891 1327 1020 1365 molo
1052 1338 1130 1364 se·

241 1391 420 1427 cretum
457 1389 503 1424 et
534 1379 739 1437 quietum
767 1380 955 1434 Virgilii
980 1394 1133 1422 seces-

241 1456 371 1491 sum3
392 1439 479 1482 An.
499 1439 564 1487 15,
575 1439 645 1481 45.
664 1439 905 1493 longinqui
923 1439 1044 1479 ruris
1064 1451 1133 1478 se·

243 1512 448 1546 cessum,·
471 1504 512 1537 et
534 1495 720 1553 probata
734 1504 799 1537 est
813 1496 865 1537 ab
883 1494 1134 1537 Heumann.

243 1553 584 1599 Schurzfleisch.
605 1553 776 1596 Ernest.
791 1551 970 1594 schulz.
989 1552 1133 1593 Ober-

245 1608 846 1665 lin.Dronk.[1mm.Bekk.].
878 1608 1134 1666 Speciosius

243 1671 290 1714 id
320 1684 455 1727 quam
481 1666 659 1720 verius3
689 1683 803 1709 rnam
838 1668 992 1709 eodem
1024 1665 1134 1717 iure,

242 1743 335 1786 quo
375 1739 598 1778 reponere
639 1725 810 1767 dictum
852 1734 915 1767 est
961 1724 1131 1781 saepius

276 1800 330 1827 ro
361 1796 581 1838 seponere
613 1780 696 1837 (cf.
728 1781 1000 1829 Boetticher.
1032 1782 1132 1825 Lex.

245 1801 354 1886 1i'ac.
392 1857 437 1898 p.
467 1840 615 1894 409.)‚
658 1839 886 1883 contendo
919 1842 1133 1880 recedere

245 1896 453 1956 usurpari
475 1913 606 1964 pos-se
631 1912 712 1953 pro
735 1900 957 1938 secedere.
975 1924 1032 1932 -
1057 1912 1134 1938 ce-

245 1960 452 1999 ciendum
473 1969 522 1998 m
546 1954 616 1999 ed.
637 1953 754 1996 lunt.
779 1953 1032 2013 typothetae
1059 1969 1133 1996 er-

244 2030 326 2058 ror
349 2020 432 2057 est.

307 2127 424 2172 CAP.
450 2128 517 2171 10.
575 2126 669 2170 Nee
697 2127 851 2181 opinio
875 2126 1063 2181 quidem
1091 2132 1136 2167 et

235 2189 400 2245 sama.
444 2184 536 2234 *Sic
567 2201 614 2226 ex
651 2200 819 2227 ressum
855 2192 918 2226 est
954 2184 999 2225 in
1033 2182 1136 2225 edd.

247 2251 358 2291 vett.
391 2241 512 2300 Lips.
551 2241 621 2284 Pit
657 2274 667 2285 .
704 2242 972 2298 Bernegger.
1012 2240 1135 2282 Gro-

248 2318 352 2346 nov,
397 2298 482 2350 al..
541 2315 592 2342 ex
638 2299 801 2355 quibus
846 2298 1136 2340 restituerunt

250 2373 395 2416 nuper
435 2355 618 2401 Dronk.
652 2357 889 2404 Osamms,
937 2353 1135 2397 Orellius

249 2414 493 2473 [Boettich.
528 2413 762 2470 Rupert.],
803 2428 916 2470 quos
956 2427 1135 2468 sequor.

250 2477 303 2518 ln
329 2472 428 2516 edd.
457 2471 642 2527 reliquis
674 2487 732 2514 ne
763 2471 918 2525 opinio
951 2485 993 2525 q.
1027 2477 1070 2511 et
1091 2467 1138 2522 f.

252 2538 390 2575 exstat
411 2563 424 2581 ,
518 2528 640 2587 quod
707 2527 999 2570 reiiciendum
1061 2534 1140 2572 est,

253 2588 356 2647 quia
386 2601 471 2630 nec
503 2617 515 2630 .
539 2618 551 2630 .
573 2618 586 2630 .
619 2589 827 2641 quidem,
874 2583 1138 2641 nostratium

252 2648 374 2689 auch
394 2646 519 2687 nicht
539 2644 740 2693 einmal,
771 2642 930 2684 melius
952 2640 1141 2683 inservit

252 2700 534 2748 transitioni‚
567 2716 724 2757 quam,
766 2700 884 2757 quod
912 2714 1014 2741 curn
1041 2713 1138 2739 em·

254 2760 372 2820 phasi
397 2758 560 2801 dicitur
585 2765 627 2800 et
649 2757 912 2800 excludendi
928 2774 943 2796 x
959 2756 987 2803 i,
1008 2770 1140 2796 ne...

252 2819 449 2873 quidem.
499 2814 555 2856 Et
578 2830 706 2871 saepe
726 2830 783 2856 ne
803 2822 843 2855 et
867 2829 948 2855 nec
974 2812 1136 2855 confu-

253 2891 299 2917 sa
330 2881 435 2916 sunt
458 2890 480 2915 a
505 2871 719 2923 librariis,
749 2872 806 2914 cf.
833 2870 1062 2914 Drakenb.
1086 2868 1140 2911 ad

254 2932 347 2974 Liv.
368 2936 404 2980 1,
420 2930 541 2978 10,3.
599 2928 686 2972 Sed
706 2927 855 2980 fuere,
888 2928 964 2986 qui
988 2942 1140 2969 earum

253 2988 575 3046 particularum
602 3001 732 3028 usum
755 2986 887 3028 fuisse
912 2984 1026 3042 apud
1053 2983 1141 3025 Ro·

255 3061 413 3088 manos
444 3051 680 3100 negarent;
728 3058 818 3100 quo
861 3044 955 3085 iure
1000 3042 1142 3084 doce-

256 3104 369 3146 bunt
404 3102 572 3144 Moser.
605 3101 658 3142 ad
689 3099 782 3143 Cic.
818 3099 874 3142 N.
906 3098 965 3142 D.
1000 3099 1038 3146 1,
1074 3098 1140 3141 15.

257 3157 459 3214 [Beneke
483 3156 535 3201 ad
564 3156 659 3199 Cic.
686 3166 796 3201 orat.
821 3157 948 3201 Catil.
973 3172 1015 3212 p.
1038 3155 1139 3198 273.

256 3217 402 3260 Beier.
427 3215 479 3258 ad
506 3213 598 3256 Cic.
623 3212 676 3255 δε
699 3214 774 3258 off.
797 3214 840 3264 3,
859 3215 900 3262 4,
930 3215 994 3257 17.
1026 3210 1143 3255 (Ξόε-

256 3290 380 3317 renz.
414 3273 468 3315 ad
495 3271 590 3315 Cic.
615 3270 757 3313 Acad.
782 3273 823 3314 2.
857 3273 901 3328 §.
926 3272 997 3313 82.
1057 3269 1139 3312 Ph.

256 3331 491 3387 Wagner.
549 3335 646 3370 not.
704 3329 803 3370 crit.
867 3328 922 3370 ad
981 3326 1138 3382 virgil.

258 3387 429 3444 Geor-g.
467 3390 503 3433 1,
532 3384 664 3437 1264.
727 3384 796 3427 Cf.
832 3395 926 3427 not.
964 3385 1018 3427 ad
1052 3387 1140 3427 An.

251 3446 295 3493 4,
306 3445 378 3488 35.
400 3467 456 3476 —
481 3443 649 3495 Opinio
670 3449 711 3483 et
722 3441 870 3495 sama
889 3457 1139 3500 synonyma

255 3509 374 3545 sunt.
425 3516 526 3543 nam
551 3499 701 3553 opinio
721 3513 802 3555 pro
830 3498 943 3539 sarna
967 3507 1009 3540 et
1033 3498 1137 3556 qui·-

253 3559 353 3602 dem
409 3557 526 3600 bona
579 3555 808 3611 usurpari,
867 3565 1024 3598 notum
1075 3563 1139 3598 est

255 3615 369 3671 (wid.
393 3613 624 3672 Spalding.
656 3612 711 3657 ad
738 3610 896 3668 Quint.
927 3613 1036 3655 inst.
1067 3627 1137 3656 or.

1710 844 2090 925 quotusquis-

1204 1039 1241 1086 1,
1275 1037 1315 1087 2,
1347 1037 1388 1078 4.
1429 1037 1474 1086 2,
1507 1038 1550 1087 2,
1586 1036 1702 1090 16.),
1751 1049 1897 1094 neque
1936 1040 2087 1077 tamen

1203 1093 1473 1151 Quintiliani
1500 1095 1681 1137 demum
1705 1101 1843 1136 aetate
1867 1107 1916 1135 ea
1946 1089 2086 1149 signi-

1201 1153 1349 1197 ficatio
1385 1152 1591 1203 invaluit,
1642 1150 1716 1194 sed
1749 1148 1865 1207 a'pud
1896 1147 2087 1192 Cicero·

1202 1225 1535 1319 32222‘3235153.
1549 1204 2090 1322 {312⁷‚02f..,2’.?2·0331‚32·21

1201 1326 1388 1384 peritur.
1451 1324 1738 1380 lntelligenda
1759 1330 1823 1366 est
1848 1320 2000 1380 opinio
2023 1319 2090 1362 in·

1203 1384 1343 1440 genti,
1396 1399 1488 1427 non
1517 1398 1714 1425 morum.

1258 1503 1461 1555 pretium
1483 1502 1639 1543 omnis
1661 1498 1836 1540 laboris
1855 1496 1943 1540 suz'.
1986 1494 2091 1538 MS‘.

1205 1559 1346 1616 Neap.
1365 1573 1437 1611 pr.
1459 1572 1624 1600 omnes
1644 1555 1818 1598 laboris
1836 1555 1912 1598 sui
1938 1558 2009 1607 [ut
2042 1554 2091 1597 in

1206 1618 1341 1660 Farn.
1368 1616 1483 1672 apud
1503 1615 1659 1669 ΒεΙιΙα]
1690 1637 1740 1647 -
1779 1611 1850 1655 ed.
1875 1611 1994 1670 Spir.
2013 1627 2091 1668 pr·

1206 1688 1368 1716 omnes
1409 1674 1488 1714 sui
1526 1675 1708 1715 labores
1739 1671 1988 1724 fatentur.-
2035 1695 2094 1706 --

1205 1732 1308 1773 edd.
1336 1730 1530 1788 reliquae
1554 1746 1623 1783 pr.
1651 1729 1804 1771 omnis
1825 1728 1902 1771 sui
1920 1731 2094 1773 labor-13

1191 1790 1318 1845 fat„
1357 1805 1488 1844 quam
1519 1786 1757 1831 lectionem
1781 1786 1954 1845 probo,
1985 1802 2093 1832 ver-

1206 1847 1272 1890 bis
1300 1854 1471 1888 tantum
1504 1862 1552 1888 ex
1587 1846 1687 1889 MS.
1711 1845 1851 1902 Neap.
1885 1844 2094 1888 auetori-

1203 1913 1292 1946 tate
1323 1904 1616 1960 transpositis.
1677 1901 1934 1954 [consentit
1954 1901 2093 1946 Boet-

1205 1962 1351 2013 tich.].
1407 1984 1462 1993 —
1542 1961 1591 2004 In
1643 1975 1764 2017 seqq.
1811 1975 1895 2016 pro
1945 1974 2094 2017 aeque

1206 2018 1343 2062 MSS.
1367 2018 1503 2074 Neap.
1533 2022 1596 2071 [et
1616 2019 1775 2071 Farm]
1795 2016 2000 2060 exhibent
2023 2025 2094 2059 at-

1208 2091 1316 2132 que,
1346 2074 1546 2131 ed.Spir.
1567 2079 1632 2117 ad
1651 2090 1763 2136 que,
1795 2074 1918 2134 quod
1941 2082 2094 2133 aperte

1208 2140 1472 2187 corruptum
1518 2140 1596 2176 est.
1666 2133 1827 2187 Aeque
1865 2140 1911 2175 et
1952 2143 2094 2189 quam

1206 2189 1304 2234 aliis
1342 2204 1523 2249 quoque
1556 2188 1700 2233 Taciti
1736 2189 1849 2234 locis
1889 2205 1936 2234 se
1975 2189 2093 2234 exci-

1207 2248 1362 2305 piunt,
1395 2255 1442 2290 ut
1467 2248 1559 2292 An.
1582 2248 1625 2296 2,
1650 2246 1718 2291 52.

1265 2362 1528 2405 mediocris.
1587 2360 1812 2406 Revocavi
1831 2359 1945 2406 hanc
1959 2359 2095 2406 MSS.

1206 2420 1344 2476 Neap.
1368 2420 1546 2472 [Fam]
1568 2426 1609 2461 et
1632 2418 1730 2460 edd.
1752 2426 1857 2462 vett.
1883 2418 1938 2462 ad
1952 2418 2095 2464 Rhea.

1212 2494 1353 2534 usque
1379 2477 1671 2543 scripturam;
1702 2475 1969 2519 mediocreis
1991 2476 2092 2519 edd.

1210 2533 2095 2635 ffliffiffspffl¹²·..¹{“¹.¹.‘5535..;÷0¹¹.32¹3

1210 2649 1367 2692 Tacito
1415 2655 1532 2690 sunt..
1613 2646 1799 2700 [Eadem
1856 2662 1980 2691 nunc
2030 2654 2095 2692 est

1210 2707 1326 2764 apud
1354 2705 1388 2748 I.
1414 2703 1600 2747 Bekker.
1625 2712 1665 2746 et
1688 2702 1999 2760 Boetticher.].

1267 2818 1594 2860 recitationum
1617 2815 1779 2872 sama.
1834 2815 1948 2862 Εδδ.
1979 2817 2096 2876 Spir.

1212 2876 1314 2918 Put.
1349 2883 1388 2916 et
1415 2873 1510 2915 Riv.
1542 2874 1830 2917 consentiunt
1863 2874 1911 2917 in
1942 2875 2095 2920 vitiosa

1211 2932 1404 2975 lectione
1423 2933 1756 2973 narrationum
1763 2930 1936 2987 sama,
1960 2948 2096 2990 quam

1211 2989 1365 3032 faisam
1404 3004 1498 3030 esse
1533 2987 1794 3045 perspiciet,
1839 2989 2096 3048 quicunque

1211 3061 1308 3103 cap.
1341 3044 1542 3088 anteced.
1580 3045 1694 3101 Apri
1725 3045 1856 3091 verba
1890 3046 1946 3090 de
1979 3063 2095 3107 poe-

1213 3111 1357 3146 tarum
1383 3100 1720 3146 recitationibus
1744 3101 1911 3161 legerit.

1265 3214 1746 3266 penetrat?'nedum
1787 3221 1872 3260 etc.
1961 3214 2094 3264 MSS.

1211 3269 1351 3326 Neap.
1377 3270 1508 3313 Farn.
1535 3274 1662 3327 (teste
1684 3270 1855 3329 Lipsio)
1877 3281 2096 3325 penetrat

1210 3328 1430 3369 medium.
1463 3350 1518 3358 —
1577 3327 1676 3370 edd.
1710 3328 1828 3384 Spir.
1858 3328 1959 3379 Put.
1991 3330 2095 3376 Riv.

1212 3384 1316 3427 Ber.
1338 3381 1441 3427 Alc.
1461 3383 1602 3427 Rben.
1621 3392 1842 3436 penetrat
1864 3393 2067 3431 metrum
2081 3404 2098 3433 .·

1211 3450 1262 3483 ut
1290 3448 1375 3483 etc.
1405 3464 1463 3473 —
1498 3442 1567 3485 ed.
1589 3441 1692 3484 And.
1720 3447 1978 3494 penetrat?
2011 3460 2096 3488 ne-

1208 3503 1321 3540 dum
1344 3529 1356 3545 ‚
1437 3499 1557 3596 q'uod
1621 3498 1792 3556 primus
1854 3502 2095 3547 restituisse

1212 3554 1442 3621 dicebatur
1472 3554 1641 3612 Apsias,
1668 3571 1799 3613 quem
1821 3558 2096 3616 posteriores

1208 3620 1382 3670 sequuti
1410 3619 1527 3655 sunt.
