2150 4022
505 253 630 315 DE
685 250 1222 313 GERMANIA
1276 251 1478 314 CAP.
1514 255 1572 312 7.

1881 253 1966 316 25

114 396 212 447 sus
246 400 354 444 nec
388 386 631 443 fortuita
679 383 1050 458 conglobatio
1085 393 1350 439 ‘turmam
1387 393 1488 440 aut
1523 402 1776 440 cuneum
1810 384 1970 456 facit,

117 475 218 530 se'd
257 472 514 529 familiae
554 482 612 527 et
648 468 1150 546 propinquitateS,
1209 480 1266 524 et
1301 469 1366 524 in
1401 471 1670 544 proximo
1703 469 1974 544 pignora,-

115 559 279 615 unde
296 556 649 614 feminaru'm
675 556 935 612 ululatus
961 553 1172 621 audiri,
1196 555 1357 608 unde
1382 554 1610 626 vagitus
1636 553 1979 612 infantium.

116 640 182 699 hi
217 643 426 718 cuique
462 641 811 699 sanctissimi
844 650 1044 708 testes,

1892 642 1969 696 ad

1085 635 1150 694 hi
1182 639 1423 694 maximi
1455 640 1805 698 laudatores,

121 739 357 796 matreS‚
402 729 475 783 ad
510 727 785 799 coniuges
809 726 1054 782 vulnera
1077 724 1303 779 ferunt:
1349 743 1458 778 nec
1483 724 1619 780 illae
1644 744 1974 794 numerare,

119 825 222 870 aut
254 813 479 885 exigere
515 813 713 887 plagas
751 820 983 886 pavent.

121 898 438 971 guantibus
463 908 704 970 gestant.

167 1171 405 1227 familiae.
464 1168 564 1214 MS.
592 1168 736 1212 Vasta.
772 1168 900 1212 2964.
923 1166 1009 1224 fa-

126 1231 274 1272 milia.

176 1314 391 1366 pignora.
458 1310 518 1355 cf.
549 1311 639 1354 An.
674 1310 739 1358 12,
764 1310 806 1352 2.
850 1307 919 1359 15,
943 1308 1012 1352 86.

125 1369 196 1412 57.
225 1378 267 1412 et
295 1369 419 1412 alibi.
494 1368 690 1423 Quintil.
724 1369 764 1418 6,
787 1373 826 1418 1,
850 1367 921 1410 24.
957 1394 1015 1402 -—

124 1428 194 1470 De
221 1443 269 1470 re
293 1425 481 1471 cs.Hist.
506 1428 546 1478 4,
564 1426 628 1468 18.
651 1434 851 1467 matrem
875 1439 1014 1467 suam

124 1499 420 1540 sororesque,
450 1484 596 1527 simul
621 1484 832 1526 omnium
857 1483 1014 1524 coniu-

124 1557 207 1597 ges
245 1557 511 1597 parvosque
553 1543 725 1584 liberos
765 1541 1016 1582 consistere

126 1615 159 1641 a
189 1607 321 1652 tergo
354 1601 491 1642 iubet.
563 1599 692 1642 Adde
723 1597 849 1640 Caes.
889 1597 938 1639 Β.
959 1594 1015 1638 G.

131 1658 170 1704 1,
199 1657 271 1699 51.
295 1664 402 1700 extr.

174 1740 476 1796 strumarum
513 1742 732 1781 ululatus.
809 1737 885 1781 Sic
914 1735 1018 1779 MS.

128 1797 439 1853 stuttg-‘edd.
481 1796 619 1840 Paris.
667 1796 772 1839 Alc.
813 1792 1018 1836 Rhenan'.

129 1853 290 1909 (1533.)
323 1853 430 1898 Ald.
464 1870 563 1911 sqq.
596 1877 649 1885 —
708 1855 916 1893 ululatus
936 1851 1018 1906 fe-

128 1915 368 1955 nu'narum
393 1911 494 1954 MS.
508 1911 617 1953 Tur.
643 1910 745 1952 edd.
760 1909 876 1967 Spir.
889 1907 1020 1950 Kath.

129 1969 232 2012 Put.
270 1968 341 2012 M.
377 1977 420 2013 et
455 1969 511 2013 V.
556 1966 767 2011 Beroald.
815 1966 1019 2008 Rhenan.

186 2109 383 2155 audiri.'
454 2108 636 2152 Hessius
684 2107 894 2166 inteiligit
938 2114 1022 2158 est,

129 2177 182 2213 ut
218 2183 257 2211 c.
291 2170 331 2210 5.
369 2175 437 2209 esc
472 2169 642 2209 videre.
729 2166 815 2208 Vix
866 2166 1020 2208 eredo.

130 2226 209 2269 Est
236 2223 386 2283 potius
422 2240 548 2267 nune
574 2223 824 2267 infinitivus
856 2222 931 2265 iile
962 2221 1023 2264 hi-

132 2285 349 2334 storicus,
395 2281 472 2339 qui
506 2282 748 2324 sexcenties
783 2281 901 2338 apud
928 2279 1016 2323 Ta·

132 2340 271 2385 citum
294 2339 538 2398 reperitur,
566 2355 650 2397 pro
675 2342 947 2382 audiuntur.

187 2427 387 2466 vulnera
408 2424 596 2479 serunt.

132 2483 362 2525 desideria
407 2481 611 2523 militum
662 2483 728 2522 ad
776 2481 1025 2523 Caesarem

47 2566 50 2567 ν
124 2541 350 2596 serenda.

190 2644 458 2673 numerare.

137 2690 250 2732 rari.

540 2628 658 2690 MS„
673 2626 891 2671 Arundel.
935 2627 1025 2669 mi-

191 2780 278 2814 aut
309 2773 513 2826 exigere.
573 2770 802 2815 Partieuia
833 2774 916 2809 aut
948 2782 1024 2808 ex-

136 2838 220 2874 stat
253 2830 298 2872 in
325 2829 460 2872 MSS.
491 2827 711 2872 Arundel.
744 2827 906 2883 stuttg.
931 2826 1026 2867 Va·

134 2887 238 2932 tice.
270 2887 397 2930 2964.
437 2894 481 2928 et
511 2887 636 2928 1862.
681 2885 781 2927 edd.
814 2883 1023 2929 Norimb.

137 2943 242 2989 Ale.
279 2944 482 2987 Rhenan.
507 2942 670 2999 (1533.)
708 2940 940 2998 Aldasqq.
970 2964 1027 2970 —

138 3016 224 3044 nee
255 2999 351 3044 MS.
389 3001 500 3044 Tur.
538 3000 635 3044 edd.
668 2998 787 3057 Spir.
822 2998 926 3040 Put.
959 2997 1027 3041 M.

138 3067 184 3102 et
209 3059 261 3102 V.
292 3058 498 3101 Beroald.
523 3057 730 3100 Rhenan.
755 3056 935 3111 (1519).
973 3080 1026 3087 -

137 3123 184 3158 et
237 3115 374 3158 MSS.
418 3114 586 3159 Vaticc.
639 3114 765 3157 1518.
818 3121 860 3155 et
898 3114 1027 3157 4498.

141 3171 203 3216 cf.
239 3173 369 3215 initio
404 3171 534 3215 huius
569 3172 724 3231 capitis
763 3178 912 3213 notata
947 3173 1029 3213 sub

141 3246 217 3275 vv.
253 3237 338 3272 out
369 3231 531 3274 libera.
566 3253 621 3261 —
681 3229 868 3282 exigere
896 3227 1030 3271 MSS.

140 3286 314 3331 Vatiae.
336 3287 464 3330 2964.
507 3287 629 3330 1862.
667 3285 791 3328 1518.
830 3294 874 3328 et
901 3286 1031 3328 4498.

141 3345 350 3399 (Fames.
382 3343 548 3401 Lipsii)
587 3344 754 3399 stuttg.
784 3341 896 3386 Tur.
931 3343 1033 3384 edd.

143 3401 263 3458 Spir.
306 3401 439 3444 Kath.
486 3401 586 3443 Put.
624 3400 690 3443 M.
728 3409 771 3443 et
806 3400 861 3443 V.
898 3399 1033 3441 Rom.

143 3458 350 3501 Norimb.
373 3458 515 3501 Paris.
543 3456 756 3500 Beroald.
784 3456 888 3500 Alc.
914 3457 1035 3498 Bhe-

147 3530 251 3558 nan.
283 3516 447 3571 (1519.)
480 3513 658 3572 Micyll.
701 3515 878 3559 Ernest.
912 3515 1037 3556 Brot.

150 3572 361 3615 Oberlin.
406 3571 588 3617 Passov.
626 3587 725 3633 sqq.
767 3595 819 3603 -—-
892 3586 1036 3613 exsu-

671 2422 727 2466 cf.
762 2423 851 2467 An.
889 2425 927 2474 1,
955 2423 1044 2466 19.’

1083 810 1361 885 cibosque
1400 819 1464 863 et<
1493 804 1827 867 hortamina
1860 830 1977 885 pu-

1084 1180 1195 1220 gere
1218 1165 1323 1218 (sive
1338 1164 1559 1217 exugere)
1586 1161 1688 1205 cod.
1711 1162 1812 1207 MS.
1828 1164 1976 1210 Arun-

1088 1224 1174 1265 del.
1199 1223 1316 1279 (non
1342 1223 1548 1275 exigere,
1580 1228 1628 1261 ut
1652 1221 1850 1277 prodidit
1871 1222 1976 1267 Pas-

1087 1280 1240 1325 sovius
1292 1287 1336 1320 et
1377 1294 1481 1320 eum
1528 1292 1581 1319 eo
1616 1279 1692 1334 *vir
1734 1278 1894 1322 doctus
1934 1283 1980 1325 in

1088 1338 1245 1392 Leipz.
1305 1335 1398 1379 Lit.
1435 1336 1556 1378 Ζείί.
1604 1335 1729 1377 1827.
1789 1335 1870 1379 NP.
1904 1338 1977 1382 47.

1088 1411 1132 1452 p.
1160 1395 1278 1450 371.)
1317 1393 1419 1436 edd.
1445 1391 1646 1434 Rhenan.
1671 1391 1839 1447 (1533.)
1874 1395 1979 1440 Ald.

1089 1455 1206 1510 Lips.
1242 1467 1343 1508 sqq.
1371 1451 1424 1493 ad
1459 1449 1717 1492 Ernestium
1752 1459 1796 1493 et
1827 1461 1980 1508 postea

1089 1511 1189 1553 edd.
1214 1510 1396 1566 Bipont.
1420 1507 1608 1563 aliique,
1645 1523 1760 1564 quae
1784 1510 1869 1553 scri
1907 1517 1979 1552 tu-

1087 1584 1135 1610 ra
1160 1564 1510 1623 sontem—habuit
1535 1564 1622 1607 loc.
1650 1565 1836 1609 Homer.
1855 1567 1873 1608 l
1894 1566 1981 1614 iad.

1088 1622 1144 1677 δ’,
1164 1624 1263 1666 218.
1295 1621 1390 1678 αἱμ’
1420 1618 1686 1681 ἐκμυζήσας.
1753 1623 1845 1666 Sed
1876 1626 1985 1667 exi-

1089 1697 1195 1739 gere
1229 1689 1294 1724 est
1326 1695 1564 1722 numerare
1587 1687 1630 1722 et
1652 1682 1898 1737 expendere
1922 1694 1984 1728 at*

1091 1756 1190 1798 que„
1228 1752 1490 1794 comparare
1543 1737 1735 1780 vulnera
1774 1737 1892 1782 inter
1937 1756 1985 1787 se
2031 1774 2035 1778 .

1090 1812 1195 1841 curn
1229 1794 1358 1837 laude
1389 1793 1508 1844 eiuS,
1539 1793 1617 1851 qui
1646 1795 1815 1838 maiora
1841 1804 1886 1840 et
1907 1798 1984 1843 ho·

1093 1852 1288 1897 nestiora
1310 1849 1482 1897 tulerit.

1147 1968 1355 2022 cibosque
1380 1974 1424 2008 et
1444 1967 1734 2010 hortamina.
1792 1968 1989 2014 Colerus

1091 2025 1365 2068 hortamina
1391 2023 1768 2080 interpretabatur
1791 2027 1845 2068 de
1876 2039 1989 2085 potu

1094 2083 1203 2129 vini.
1260 2082 1533 2125 Adversatus
1561 2088 1624 2122 est
1646 2080 1681 2124 I.
1706 2083 1777 2127 Fr.
1805 2084 1987 2130 Grono-

1094 2140 1220 2188 vius,
1270 2139 1346 2195 qui
1390 2136 1480 2180 alio
1516 2139 1765 2195 significatu
1798 2142 1988 2187 verbum

1093 2204 1278 2252 gestant
1330 2195 1467 2239 refert
1509 2195 1564 2237 ad
1604 2198 1751 2252 cibos,
1804 2199 1891 2242 alio
1931 2201 1988 2244 ad

1094 2254 1392 2304 hortamina,
1425 2261 1474 2294 ut
1501 2255 1775 2298 hortamina
1797 2266 1990 2310 gestare

1097 2313 1268 2355 dictum
1293 2312 1348 2354 sit
1367 2311 1899 2369 quemadmodumferre'
1915 2331 1990 2358 sa.

1095 2373 1257 2412 lutern.
1317 2367 1464 2410 Plaut.
1489 2367 1628 2411 Poen.
1656 2368 1695 2420 3,
1717 2370 1760 2421 3,
1783 2371 1828 2414 7.
1895 2371 1989 2416 Alii

1096 2444 1174 2486 per
1204 2441 1389 2480 zeugma
1416 2425 1566 2468 locum
1603 2425 1838 2483 explicant.
1897 2429 1988 2474 Re-

1099 2484 1212 2527 etius
1256 2482 1449 2525 sortasse
1494 2483 1706 2539 cibosque
1743 2492 1789 2526 et
1819 2488 1990 2530 horta-

1099 2544 1230 2584 mina
1267 2539 1459 2596 accipies
1495 2539 1613 2583 dicta
1690 2557 1740 2585 ro
1778 2545 1992 2601 cibosque

1100 2614 1207 2641 cum
1234 2596 1602 2648 hortaminibus,
1675 2614 1698 2641 e
1754 2615 1814 2643 uo
1841 2602 1989 2645 dieen-

1101 2656 1144 2698 di
1175 2654 1327 2712 generi
1363 2653 1467 2698 vide
1502 2663 1597 2698 not.
1631 2656 1686 2699 ad
1761 2659 1830 2701 ist.
1859 2662 1896 2711 1,
1921 2662 1988 2703 11.

1099 2713 1179 2756 sub
1220 2727 1298 2754 vv.
1341 2712 1504 2766 Africa
1555 2728 1613 2754 ae
1662 2716 1865 2770 legiones
1902 2726 1990 2760 ete.

1099 2770 1213 2812 Hist.
1252 2768 1294 2819 4,
1328 2768 1394 2812 18.
1427 2768 1439 2810 i
1477 2783 1547 2812 sae
1589 2771 1803 2831 coniuges
1838 2774 1992 2832 parvi-

1099 2843 1186 2885 que
1249 2827 1377 2869 liberi
1461 2826 1644 2871 i’cuntur
1690 2831 1993 2875 hortamenta

1096 2885 1336 2926 victoriae.
1394 2882 1563 2927 Nostro
1587 2893 1736 2929 autem
1762 2887 1867 2932 Ioco
1894 2906 1990 2932 ma-

1097 2952 1186 2985 tres
1211 2949 1254 2983 et
1276 2939 1490 2999 coniuges
1511 2942 1664 2985 serunt
1687 2947 1992 3002 pugnantibus

1099 3002 1371 3042 hortamina
1397 2998 1444 3042 h.
1469 3014 1507 3042 e.
1532 3001 1665 3043 verba
1687 3011 1730 3044 et
1755 3018 1993 3059 quaecun-

1100 3072 1187 3114 que
1231 3054 1316 3098 alia
1357 3055 1410 3098 ad
1453 3071 1650 3114 pugnam
1695 3058 1994 3111 adhortantia.

1100 3113 1320 3157 Trillerus
1355 3113 1400 3154 in
1433 3113 1651 3158 Observv.
1684 3131 1728 3173 p.
1753 3117 1851 3161 196.
1883 3132 1993 3161 con-

1101 3171 1205 3214 iecit
1246 3171 1416 3212 hordei
1449 3171 1520 3216 vel
1558 3174 1822 3215 hordeacea
1864 3177 1992 3218 vina.

1104 3227 1204 3271 MS.
1229 3227 1395 3284 stuttg.
1432 3244 1516 3286 pro
1550 3230 1761 3286 cibosque
1794 3231 1841 3274 in
1877 3248 1993 3275 con-

1104 3293 1220 3329 textu
1244 3284 1374 3328 habet
1400 3287 1595 3342 aliique,
1625 3286 1672 3330 in
1702 3289 1902 3346 margine
1930 3291 1994 3332 ci-

1106 3346 1290 3398 bosque.
1347 3341 1550 3386 Librario
1576 3345 1899 3401 alimentaque
1917 3349 1995 3390 ob-

1107 3408 1332 3447 versatum
1355 3401 1607 3457 suspicatur
1629 3402 1822 3448 Hessius,

1159 3515 1491 3568 pugnantibus.

1572 3514 1654 3559 Ed.
1690 3515 1848 3572 Vienn.
1895 3520 1992 3564 bet-2

1109 3572 1327 3618 lancibus.
1715 3616 1719 3620 ⁴
