2150 4022
1110 36 1133 44 s
1178 37 1179 40 ,

531 248 1210 362 αοᾳΒΝΕωυε
1268 258 1698 331 'merrus

357 387 529 452 VIII.
570 387 900 448 Memoriae
932 389 1238 464 proditur,
1289 392 1574 467 quasdam
1610 393 1762 466 acies
1795 395 2051 456 inelina-

187 489 276 536 tas
314 476 433 534 iam
468 487 526 533 et
563 476 828 532 labantes
862 493 896 530 a
930 474 1172 531 feminis
1204 475 1500 545 restitutas
1539 478 1864 537 constantia
1911 501 2048 556 pre-

186 582 322 621 cum
351 573 407 618 et
431 561 664 618 obiectu
701 570 1004 635 pectorum
1043 571 1098 617 et
1135 571 1456 617 monstrata
1494 564 1762 619 cominus
1799 566 2047 640 captivi-

186 658 335 717 tate,
390 650 569 722 quain
611 646 786 717 longe
821 643 1222 719 impatientius
1260 645 1616 704 feminarum
1656 666 1893 724 suarum
1935 669 2048 707 no-

184 733 348 789 mine
385 732 620 788 timent:
680 732 824 786 adeo
863 740 930 785 ut
956 729 1244 786 efficacius
1265 730 1604 804 obligentur
1627 732 1814 788 animi
1840 734 2046 792 civita-

184 829 343 886 tum,
387 815 603 893 quibus
633 815 787 872 inter
814 814 1048 884 obsides
1076 815 1308 889 puellae
1337 836 1572 893 quoque
1601 818 1831 874 nobiles
1857 819 2046 896 impe-

186 914 412 959 rantur.
501 897 695 957 Inesse
723 899 868 976 quin
898 899 1073 955 etiam
1097 910 1364 955 sanctum
1392 901 1618 977 aliquid
1648 914 1704 959 et
1727 904 2046 978 providum

182 998 420 1064 putant:
486 1006 595 1042 nee
650 997 751 1042 aut
794 983 1038 1040 consilia
1079 1005 1305 1040 earum
1362 999 1754 1061 aspernantur
1798 1001 1901 1046 aut
1949 1010 2046 1046 re-
2122 992 2133 1008 '

181 1091 397 1147 sponsa
431 1071 755 1145 negligunt.
841 1068 1100 1124 vidimus
1144 1070 1252 1125 sub
1291 1062 1430 1127 divo
1472 1069 1830 1146 Vespasiano
1867 1072 2073 1131 Vele-=

182 1159 319 1216 dam
345 1157 451 1215 diu
471 1158 628 1232 apud
662 1157 974 1232 plerosque
1013 1155 1278 1212 numinis
1314 1155 1445 1213 loco
1483 1151 1766 1218 habitam.
1814 1216 1818 1223 ,
1853 1159 1954 1216 sed
1989 1170 2044 1217 et

189 264 274 324 26

240 1405 354 1451 CAP.
380 1405 423 1448 8.
464 1403 716 1448 inclinatas
741 1402 839 1444 iam
864 1411 906 1445 et
927 1404 958 1445 l.
1019 1402 1076 1445 cf.
1148 1418 1318 1446 manos
1339 1419 1394 1446 ea
1414 1409 1694 1448 consuetudo
1712 1411 1923 1457 essetqut
1944 1421 2042 1449 ma-

180 1465 271 1510 An.
301 1460 338 1512 1}
361 1463 436 1507 64.
455 1476 558 1505 nox
585 1464 777 1502 demum
808 1461 1080 1502 inclinantis
1147 1467 1245 1504 tres
1278 1461 1502 1517 familiae
1547 1479 1707 1505 eorum
1751 1465 1958 1508 sortibus
1999 1471 2044 1507 el

182 1531 284 1565 tum
345 1521 553 1575 legiones
607 1521 840 1561 adversae
887 1531 1078 1573 pugnae

180 1579 373 1622 exemit.

182 1672 186 1673 γ
227 1634 500 1679 'constantia
526 1646 737 1688 precum.
809 1630 926 1687 Quis
956 1631 1076 1674 exci-

178 1702 275 1738 tant
304 1692 428 1738 viros
466 1698 738 1749 pugnantes,
777 1697 827 1731 ut
858 1689 977 1734 vin-es
1004 1688 1076 1731 in-

176 1751 367 1797 tendant
394 1756 437 1792 et
462 1750 510 1792 in
538 1763 732 1806 pugnam
760 1746 963 1790 redeant.

235 1809 427 1852 obiectu.
501 1803 711 1860 Intellige
743 1802 861 1862 ipsas
894 1813 1076 1861 pectora

174 1865 451 1926 fugientibus
484 1863 574 1906 suis
609 1860 832 1913 obiicere,
883 1869 932 1903 ut
964 1863 1076 1904 reti-

174 1933 312 1970 neant
333 1930 375 1966 et
400 1938 445 1964 se
469 1919 619 1979 potius
645 1919 791 1962 occidi
817 1920 1015 1962 iubeant.

226 1988 489 2036 pectorum.
557 1976 674 2021 Edd.
708 1975 829 2034 Spir.
864 1985 908 2019 et
939 1975 1070 2019 Kath.

169 2046 487 2097 peecatorum.

177 2104 179 2107 '
231 2096 456 2140 cominus.
518 2092 603 2136 Ed.
630 2090 772 2134 Paris.
801 2091 1071 2140 comminus,

172 2169 287 2215 quae
303 2152 524 2211 scriptura
536 2151 584 2193 in
601 2149 819 2191 veteribus
836 2148 960 2192 libris
977 2164 1071 2190 non

175 2221 244 2257 est
277 2226 394 2254 rara.
465 2207 573 2251 Vid.
610 2205 879 2249 Grotefend.
914 2205 1070 2248 Gram.

173 2269 237 2316 T..
254 2269 316 2314 ll·
349 2271 377 2323 §
397 2267 496 2311 191.
555 2264 627 2307 De
648 2280 697 2307 re
719 2263 779 2309 ef.
800 2263 924 2307 Caes.
943 2262 994 2306 Β,
1009 2262 1070 2305 G.

176 2324 218 2379 1,
248 2328 321 2370 51.
353 2325 512 2380 possis
544 2323 744 2364 crinibus
767 2320 942 2374 flentes
975 2322 1058 2363 im-

166 2385 446 2443 plorabant,
473 2395 532 2423 ne
552 2395 602 2423 se
622 2381 668 2422 in
689 2379 960 2422 servitutem
975 2379 1069 2420 Ro-

172 2443 330 2487 manis
355 2442 611 2482 traderent.

230 2492 515 2555 captivitate.
575 2496 647 2538 Ab
671 2495 753 2539 hac
773 2510 887 2539 voce
909 2493 955 2536 in
968 2493 1070 2537 MS.

172 2559 283 2602 Tur.
306 2563 372 2599 est
400 2553 584 2604 lacuna,
628 2569 743 2610 quae
780 2560 898 2611 patet
929 2567 1071 2609 usque

174 2617 229 2660 ad
255 2631 295 2658 c.
322 2614 388 2655 16.
415 2610 583 2653 Solent
608 2619 654 2652 et
671 2613 1017 2654 subterraneos.

228 2670 564 2726 impatientius.
617 2667 701 2712 Ed.
718 2668 900 2711 Monac.
924 2670 1070 2719 impa-

90 2777 99 2781 μ
173 2730 415 2782 cientibus,
453 2725 577 2782 lapsu
604 2741 863 2783 operarum.

223 2787 412 2843 puellae
433 2798 609 2839 quoque
629 2785 814 2825 nobiles.
862 2781 1071 2826 Heinsius

171 2854 215 2890 et
242 2842 428 2887 {laetius
458 2840 592 2896 (apud
621 2839 894 2895 Broterium)
926 2838 1067 2881 male-

172 2905 283 2948 bant
304 2900 494 2944 nubiles.
553 2897 642 2940 Sed
665 2913 747 2939 eur
766 2912 860 2939 non
880 2897 1069 2940 nobiles.

174 2961 235 3005 cf.
275 2957 381 3002 infr.
421 2972 463 2999 c.
494 2954 563 2997 13.
599 2956 789 3007 insignis
825 2955 1070 2997 nobilitas.

169 3018 242 3062 De
277 3031 327 3058 re
362 3012 422 3058 cf.
449 3011 638 3055 sueton.
672 3011 834 3055 Octav.
870 3013 1001 3055 021.
1039 3027 1070 3052 a

170 3075 448 3132 quibusdam
475 3084 583 3112 vero
604 3084 778 3110 novum
811 3084 956 3122 genus
987 3071 1069 3110 ob-

169 3135 356 3182 sidum,
373 3128 610 3185 femmas,
647 3128 833 3179 exigere
856 3134 1069 3168 tentave-

169 3192 236 3234 rit
255 3222 268 3245 ,
359 3189 485 3244 quod
553 3184 788 3239 negligere
859 3184 1067 3225 marium

165 3251 366 3305 pignora
392 3244 635 3286 sentiebat.

227 3306 382 3347 inesse
415 3300 526 3357 quin
556 3300 698 3341 etiam
726 3305 944 3342 sanctum
975 3298 1067 3340 ali-

171 3362 284 3418 quid
311 3391 327 3404 .
354 3391 364 3402 .
390 3389 402 3402 .
424 3388 438 3403 .
461 3358 716 3411 negligunt.
780 3354 905 3398 Caes.
932 3355 983 3398 Β.
1008 3355 1067 3398 G.

172 3428 212 3471 1,
235 3421 304 3462 50.
331 3418 489 3476 Quum
515 3429 578 3457 ex
603 3413 794 3468 captivis
818 3418 1067 3468 quaereret

174 3478 377 3527 Caesar,
418 3488 560 3531 quam
589 3473 644 3513 ob
675 3485 780 3513 rem
805 3471 1068 3513 Ariovistus

169 3534 348 3589 proelio
380 3546 475 3575 non
508 3533 767 3573 decertaret
783 3560 796 3579 ,
835 3529 954 3569 hanc
987 3541 1069 3568 re-

166 3594 374 3649 periebat
394 3602 612 3643 causam,
647 3588 772 3642 quod
793 3588 921 3638 apud
947 3583 1067 3627 Ger-

1146 1521 1547 1563 vaticinationibus
1558 1524 1868 1573 declararent,
1882 1529 2042 1564 utrum

1142 1579 1379 1629 proelium
1419 1580 1653 1622 committi
1690 1593 1755 1621 ex
1787 1593 1873 1622 usu
1907 1586 2043 1631 esset,

1149 1646 1295 1676 necne
1327 1642 1414 1678 etc.

1209 1718 1424 1762 vidimus.
1486 1718 1634 1762 Fuere
1659 1719 1734 1775 qui
1762 1733 1784 1761 e
1809 1720 1944 1766 verbo
1972 1721 2041 1770 vi-

1147 1775 1301 1818 dimus
1337 1783 1379 1817 et
1412 1791 1436 1818 e
1472 1775 1578 1820 loeo
1602 1775 1780 1828 Plin.7‚
1804 1777 1873 1820 17.
1906 1776 2041 1822 colli-

1147 1841 1304 1932 ἵει-ειη
1338 1832 1548 1876 Tacitum
1588 1834 1636 1876 in
1678 1833 1922 1879 Germania
1957 1835 2042 1879 ad..

1172 1890 1312 1932 uisse:
1386 1890 1473 1933 Alii
1515 1891 1703 1934 verbum
1737 1893 1943 1935 vidimus
1971 1908 2042 1939 ae·

1148 1947 1323 2006 cipiunt
1364 1947 1418 1990 de
1452 1948 1621 1991 Veleda
1655 1948 1830 2006 captiva
1866 1956 1910 1991 et
1942 1948 2040 1995 Rd-

1146 2021 1265 2047 mam
1300 2004 1506 2049 deducta.
1569 2003 1629 2050 cf.
1658 2007 1825 2049 Statius
1853 2005 1968 2052 Silv.
2001 2012 2041 2063 1,

1143 2064 1184 2112 4,
1199 2063 1268 2106 89.
1288 2076 1383 2104 non
1405 2071 1539 2105 vacat
1561 2067 1762 2106 Arctoas
1784 2066 1907 2108 acies
1920 2066 2040 2109 Ithe-

1142 2135 1349 2176 numque
1372 2123 1592 2165 rebellem
1614 2122 1914 2178 captivaeque
1931 2117 2038 2178 sbre-

1142 2193 1215 2221 ces
1249 2178 1470 2221 Veledae.
1544 2178 1654 2221 Eam
1686 2195 1713 2222 a
1748 2195 1806 2236 po
1843 2179 2040 2236 ulai-ibus

1142 2236 1234 2279 suis
1266 2235 1313 2277 in
1341 2235 1653 2288 conditionem
1677 2238 1798 2294 pacis
1811 2196 2038 2284 *humanis

1142 2292 1370 2350 proditam
1397 2291 1636 2337 Passovius
1671 2293 1838 2351 colligit
1874 2311 1898 2338 e
1931 2295 2035 2341 loco

1140 2351 1256 2393 Hist.
1271 2350 1309 2400 5,
1319 2350 1390 2392 25.
1433 2349 1494 2393 cf.
1510 2351 1700 2396 Moeser.
1714 2349 1824 2396 Hist.
1839 2350 2039 2399 Osnabr.

1141 2409 1195 2459 l.,
1221 2423 1262 2464 p.
1282 2406 1378 2450 164.
1424 2407 1517 2454 Alii
1533 2407 1724 2464 (lenique
1744 2408 1864 2465 iique
1886 2410 2038 2461 rectis·
2092 2438 2100 2447 ι

1141 2466 1252 2509 sime
1280 2466 1483 2507 vidimus
1514 2465 1782 2523 simpliciter
1812 2467 2034 2526 interpre-

1141 2530 1293 2565 tantur
1317 2523 1371 2565 de
1392 2539 1467 2574 re,
1498 2538 1610 2581 quae
1637 2523 1753 2567 cadit
1776 2521 1823 2566 in
1847 2523 2037 2570 alieuius

1141 2589 1347 2624 aetatem.
1420 2579 1484 2623 Ita
1521 2579 1738 2622 sententia
1774 2580 1885 2625 erit:
1937 2598 2036 2635 nos,

1176 2638 1219 2680 ui
1242 2653 1366 2681 nunc
1391 2637 1602 2687 vivimus,
1633 2637 1921 2683 meminimus
1951 2641 2035 2684 sub

1141 2654 1253 2739 (divo
1295 2692 1568 2752 Vespasiano
1613 2693 1750 2737 fuisse
1793 2693 2034 2753 Veledam:

1144 2752 1306 2810 quibus
1343 2752 1497 2797 verbis
1532 2751 1706 2809 egregie
1741 2762 2036 2811 opponuntur

1142 2810 1397 2868 sequentia:
1433 2813 1515 2852 sed
1538 2817 1584 2852 et
1611 2812 1724 2852 olim
1745 2820 1832 2854 etc.

1202 2893 1447 2934 Veledam.
1538 2892 1808 2937 SieMSs.
1860 2893 2032 2941 Vatice.

1143 2950 1268 2993 1862.
1311 2958 1352 2991 et
1389 2950 1521 2993 4498.
1562 2951 1725 3006 stuttg.
1774 2951 1875 2995 edd.
1918 2952 2034 3011 Spir.

1139 3008 1273 3051 Rath.
1308 3007 1448 3050 Paris.
1480 3007 1622 3065 Ryek.
1647 3007 1755 3052 Ern.
1778 3007 1907 3053 Brot.
1935 3027 1955 3054 s
1990 3028 2033 3068 q.

1141 3066 1200 3109 cf.
1224 3073 1319 3108 not.
1356 3066 1411 3107 ad
1446 3065 1558 3108 Hist.
1583 3066 1626 3112 4,
1646 3065 1718 3111 61.
1760 3089 1816 3100 —-
1877 3066 1966 3110 Vel
1984 3083 2032 3111 e-

1104 3136 1105 3145 *
1139 3127 1255 3165 dam
1307 3121 1408 3164 edd.
1450 3122 1555 3165 Put.
1599 3123 1784 3167 Monac.
1822 3122 2033 3171 Norimb.

1140 3180 1304 3222 Vienn.
1323 3179 1532 3223 Beroald.
1561 3179 1661 3225 Alc.
1685 3178 1827 3232 Rhea.
1848 3197 1946 3239 sqq.
1975 3182 2031 3226 ad

1139 3237 1365 3294 Ryckium
1391 3245 1434 3278 et
1459 3246 1611 3294 postea
1639 3237 1708 3280 ed.
1736 3237 1821 3282 lac.
1843 3238 2034 3283 Grono-

1140 3295 1217 3338 vii.
1249 3318 1306 3326 —
1357 3292 1595 3337 Veledam*
1619 3293 1719 3338 MS.
1741 3294 1885 3340 vatic.
1905 3293 2034 3342 2964.

1141 3354 1377 3396 Valedam
1409 3353 1554 3395 Vatic.
1589 3352 1709 3395 1518.
1767 3351 1881 3396 Satis
1912 3354 2031 3396 veri-

1138 3410 1294 3455 similis
1316 3419 1380 3452 est
1400 3409 1615 3452 sententia
1636 3425 1819 3460 eorum,
1849 3409 1924 3467 qui
1946 3410 2035 3457 hoc

1139 3467 1408 3510 vocabulum
1433 3467 1633 3523 derivant
1654 3483 1676 3509 a
1697 3465 1862 3518 VVoIa,
1885 3467 2034 3513 Vola:

1173 3524 1262 3566 uod
1298 3524 1517 3582 signifieat
1552 3523 1908 3578 Wahrsagerin.
1970 3526 2031 3570 cf.

1165 3583 1306 3626 them.
1351 3581 1473 3626 Mus.
1523 3581 1578 3625 11.
1615 3581 1778 3637 Iahrg.
1829 3580 1873 3626 3.
1905 3582 2034 3642 Hesi.
