2150 4022
420 217 734 277 1NDEx
787 213 1671 295 ADNOTATIONUM..

7 395 12 399 ,
98 327 332 402 Agricola,
361 342 455 387 eius
481 350 598 386 aetas
622 342 734 399 Agr.
756 342 828 395 44.
881 342 985 400 qui-

151 404 236 446 hus
275 399 417 445 'annis
465 401 513 443 in
562 400 793 443 Britannia
849 399 987 443 fuerit

153 460 262 505 ibid.
282 457 358 504 33.
416 458 509 501 eius
533 457 672 502 vitam
700 458 883 515 quando
898 457 984 501 Ta·

153 517 267 560 citus
293 515 483 559 ediderit
502 514 614 572 Agr.
636 515 679 558 3.

96 575 167 618 Μ.
190 574 388 631 Agrippa
412 573 503 616 An.
531 575 570 620 1,
589 573 632 628 3.

96 647 312 732 {gaurum
337 629 498 730 ᾁίᾌὶεἱο
522 631 615 729 Ξὲῃ.
641 632 680 680 1,
704 631 773 672 10.

190 697 271 733 ana
295 703 368 731 arx
465 703 502 730 r.
582 717 594 729 .

97 747 256 791 Albius
280 703 539 788 intemciglius
564 744 619 790 H.
640 746 682 796 2,
709 743 775 788 13.

98 803 226 849 Alcis
251 802 408 846 Germ.
431 802 505 845 43.

98 862 152 905 Τ.
169 861 417 903 Alexander
441 859 498 906 H.
523 861 563 904 2.
584 859 656 902 74.

90 920 220 963 'alias
267 918 323 960 de
367 917 470 960 loco
513 918 682 960 dictum
719 920 807 961 An.
840 917 881 973 3,
917 917 990 974 73,

157 975 281 1019 conf.
312 990 414 1018 cum
442 976 540 1017 alia
565 975 657 1019 An.
685 977 750 1024 12,
778 976 822 1019 3.

17 1045 23 1051 ’
100 1035 291 1077 alienus-
319 1031 448 1075 Orat.
475 1032 546 1075 29.
606 1035 767 1076 aliena
793 1032 993 1088 pecunia

158 1091 211 1133 H.
237 1093 276 1144 1,
301 1090 374 1134 49.

99 1150 266 1203 aliquis
285 1148 437 1191 eadem
463 1147 508 1193 vi
533 1165 617 1206 qua
641 1150 766 1191 alius
787 1149 890 1204 quis
904 1147 992 1189 An.

157 1209 195 1256 1,
217 1206 263 1248 4.
323 1205 415 1251 vid.
451 1205 687 1252 Ruhnken.
722 1206 775 1248 ad
816 1204 928 1247 vell.
959 1204 992 1254 1,

160 1264 284 1311 17,7.
343 1263 496 1306 dictat.
522 1265 568 1306 in
583 1263 839 1307 Ovid.Her.
866 1261 990 1320 p.74.

159 1319 391 1377 Spalding.
435 1323 487 1362 ad
533 1320 691 1376 Quint.
728 1322 806 1371 IV,
843 1319 885 1368 3,
926 1318 993 1361 14.

157 1378 300 1426 Orell,
335 1378 390 1420 ad
418 1377 514 1421 Cic.
554 1394 637 1435 pro
675 1377 828 1422 Caelio
865 1382 891 1431 §
923 1377 992 1419 55.

157 1452 240 1493 pro
266 1437 389 1477 alius
410 1437 655 1490 quisquam
682 1435 839 1478 Germ.
867 1436 940 1478 31.

100 1497 222 1536 alius
242 1508 328 1551 pro
351 1495 473 1535 alius
493 1496 593 1548 quis
618 1496 705 1536 An.
733 1494 796 1540 16,
821 1493 892 1536 31.
926 1494 993 1538 al.

159 1552 514 1650 {⁷32q'33‘w2ff
559 1550 825 1650 ΑὲὶῖἉῗῗ·
858 1550 993 1649 ιΑὲἕ·

162 1664 318 1707 Germ.
339 1665 386 1708 4.
445 1663 637 1707 alterum
665 1667 751 1707 alii
777 1640 993 1708 omis'sum

158 1722 217 1765 Η.
258 1723 299 1777 3,
334 1722 408 1766 27.
470 1723 556 1764 alii
582 1755 592 1765 .
615 1754 627 1766 .
654 1754 663 1764 .
700 1724 913 1764 nonrmlli
942 1752 952 1764 .
982 1751 994 1763 .

161 1781 355 1836 quidam
378 1782 465 1823 An.
487 1781 528 1833 2,
555 1781 596 1821 6.
659 1782 783 1820 olias
806 1795 908 1821 voc.
929 1795 995 1820 re.-

161 1837 407 1880 dundantia
435 1837 590 1879 Germ.
617 1837 661 1880 4.
715 1837 772 1879 cs.
792 1835 992 1879 VVaIch.

161 1895 356 1938 Emend.
381 1895 472 1937 Liv.
499 1911 527 1952 p
567 1895 639 1937 58.
700 1896 829 1936 aliud
851 1908 995 1950 quam

163 1959 214 1994 ut
238 1954 327 1999 Am
356 1953 422 2003 13,
447 1953 520 1995 26.
928 1959 930 1961 ’

103 2006 252 2054 ἀλλά
282 2010 488 2067 particip.
515 2018 558 2052 et
587 2009 710 2054 verb.
734 2006 852 2052 finit.
879 2023 992 2051 con-

161 2067 308 2121 iungit
331 2067 421 2109 An.
448 2070 514 2118 11,
537 2067 610 2109 11.

104 2125 160 2169 T.
183 2123 392 2167 Alledius
413 2125 504 2168 An.
533 2124 602 2176 12,
626 2122 667 2165 7.

104 2180 284 2229 ἄλλος
315 2181 470 2224 Germ.
497 2182 570 2224 25.

106 2241 243 2296 Alpes
276 2239 504 2282 Penninae
533 2237 857 2296 Cottianaeque
883 2235 938 2279 H.
958 2236 999 2288 4,

108 2353 339 2412 Alphenus
362 2351 505 2395 Varus
531 2351 585 2396 H.
600 2352 647 2403 2,
669 2351 739 2395 29.
762 2350 832 2394 43.

108 2411 273 2464 Alpini
290 2409 366 2466 qui
391 2411 478 2452 sint
505 2410 558 2453 H.
583 2411 625 2461 2,
642 2410 695 2452 14

108 2469 168 2514 D.
193 2468 383 2525 Alpinus
407 2468 464 2510 H.
490 2468 529 2519 5,
557 2468 625 2510 19.

108 2527 302 2583 Alpinus
324 2525 571 2568 Montanus
595 2524 651 2566 Η.
677 2525 718 2572 4,
742 2524 812 2567 31.

110 2587 270 2628 altore
315 2583 547 2640 quomodo
596 2582 769 2623 differat
819 2581 873 2622 ab
914 2595 1003 2622 ara

167 2644 258 2684 An.
285 2641 352 2694 16,
380 2639 451 2683 31.
509 2641 568 2683 cf.
598 2640 681 2681 Th.
712 2637 912 2683 Schmid.
949 2638 1002 2679 ad

169 2698 278 2741 Hor.
300 2697 384 2756 Ep.
413 2698 469 2747 ΙΙ,
493 2699 530 2747 1,
555 2698 623 2740 16.

111 2760 234 2801 alter
264 2771 346 2814 pro
376 2757 526 2806 alius,
557 2757 766 2797 diversus
786 2752 844 2795 H.
868 2754 910 2800 2,
931 2751 1002 2794 90.

171 2815 209 2855 Α
245 2829 281 2855 r.
311 2814 378 2856 17.
534 2813 556 2838 ⁸

113 2829 310 2915 altitffido
351 2871 506 2912 animi
544 2870 638 2913 An.
668 2869 710 2924 3,
743 2866 813 2911 44.
845 2883 883 2910 v.
916 2866 1006 2909 Er—

171 2935 286 2971 nest.
309 2928 428 2971 clav.
454 2927 549 2971 Cic.
578 2927 622 2971 h.
647 2944 689 2972 v.

117 2988 244 3028 altus
285 2983 409 3028 conf.
449 3000 553 3029 cum
592 2991 728 3027 artus
762 2980 820 3025 Η.
857 2981 898 3028 2,
933 2979 1006 3024 24.

174 3045 315 3084 altius
338 3042 466 3084 Orat.
498 3043 566 3085 12.

95 3097 218 3159 ’ἅμα
248 3128 314 3143 ...
344 3105 425 3142 καί
446 3100 536 3143 Αη.
562 3101 599 3150 l,
622 3099 694 3141 65.

120 3159 357 3210 ambigere
381 3157 472 3201 An.
495 3158 538 3211 6,
565 3157 635 3200 15.

122 3216 340 3267 ambigue
365 3216 453 3257 An.
479 3216 520 3262 2,
542 3214 614 3258 21.

122 3275 304 3316 ambire-
325 3271 480 3314 Germ.
511 3272 580 3315 18.

125 3331 395 3374 ambitionis
407 3331 553 3372 variae
566 3327 733 3387 speeies
746 3326 856 3385 Agr.
869 3326 1013 3371 2940.

128 3388 332 3432 ambitus
353 3388 618 3430 senatorius
637 3387 726 3428 An.
748 3387 789 3435 4,
811 3390 852 3427 2.

127 3446 181 3489 Τ.
205 3445 436 3488 Ambivins
460 3444 629 3499 Turpio
655 3445 783 3486 Orat.
804 3443 875 3484 20.

129 3503 591 3559 aml'citia·quomodo
613 3501 830 3558 scriptum
854 3498 909 3542 sit
933 3501 1018 3545 An.

189 3565 258 3620 13,
281 3562 351 3606 45.
413 3560 466 3604 de
492 3559 746 3618 significatu
766 3559 854 3601 An.
881 3557 921 3604 2,
947 3559 985 3600 1.

1053 342 1495 443 amntciffs5Asengor81w
1517 340 1664 384 amici
1684 340 1774 396 An.
1800 340 1951 394 13,12.

1098 416 1228 443 mlsla
1301 416 1344 441 n.
1397 429 1410 447 ς
1461 430 1474 443 ο

1057 459 1278 500 amittere
1302 456 1451 513 signif.
1476 455 1567 500 An.
1590 455 1657 504 13',
1680 455 1751 499 46.
1789 456 1855 507 14,
1874 457 1951 501 26.
2016 458 2022 472 ’

1109 515 1184 564 15,
1209 514 1277 558 18.
1339 514 1464 556 cons.
1489 528 1593 556 cum
1619 514 1838 566 omittere
1859 514 1950 558 An.

1072 590 1076 591 ⁷
1117 574 1186 626 15,
1229 570 1271 614 5.
1309 572 1351 613 6.
1418 569 1476 619 H.
1506 571 1561 621 Q,
1598 568 1670 615 40.
1732 572 1840 630 Agr.
1878 572 1954 616 ’16.

1117 629 1251 672 Orat.
1279 631 1319 671 5.
1928 666 1931 669 ,

1057 689 1112 731 T.
1135 686 1326 743 Ampius
1351 685 1590 728 Flavianus
1611 686 1667 729 H.
1693 687 1735 738 3,
1761 687 1830 730 10.

1061 745 1283 798 amplecti
1313 742 1462 798 signif.
1498 751 1541 785 et
1571 760 1678 788 usus
1711 746 1766 789 H.
1801 747 1843 800 3,
1880 743 1954 791 84.

1116 792 1253 852 4J11.
1297 799 1454 842 Germ.
1483 800 1527 844 2.
1571 802 1683 859 Agr.
1705 803 1776 844 25.

1061 859 1308 912 ampliatio
1330 856 1435 914 quid
1457 856 1512 899 sit
1543 856 1670 902 Orat.
1699 861 1769 903 38.

1061 933 1127 962 an
1165 916 1211 958 in
1247 915 1384 958 altera
1421 914 1791 973 interrogationis
1834 924 1958 974 parte

1120 988 1289 1074 pgs.51²le
1309 970 1530 1071 ithpaioge
1547 974 1715 1073 egisse
1728 977 1815 1073 Afin.
1831 975 1958 1074 2412.

1124 1040 1146 1077 1
1183 1066 1194 1083 ,
1275 1061 1286 1073 .
1380 1059 1392 1071 .
1444 1060 1456 1076 ,
1509 1061 1519 1071 .
1619 1046 1731 1075 erin.
1794 1062 1804 1074 .
1904 1050 1956 1078 a·

1126 1091 1214 1134 cito
1239 1086 1304 1130 vel
1330 1087 1423 1128 sine
1449 1085 1800 1144 interrogatione
1821 1105 1957 1133 usur-

1122 1156 1271 1205 patum
1288 1144 1375 1187 An.
1393 1140 1520 1192 14,1.
1551 1145 1837 1190 dubitationis
1852 1155 1958 1189 nota

1121 1206 1212 1249 An.
1245 1203 1310 1254 14,
1339 1202 1407 1244 59.
1469 1200 1726 1245 discrimen·
1745 1204 1861 1246 inter
1895 1219 1961 1247 an

1122 1272 1165 1305 et
1186 1275 1251 1302 an
1278 1273 1373 1302 non
1400 1258 1480 1312 (cf.
1502 1258 1650 1302 Beier.
1674 1261 1726 1303 ad
1755 1260 1851 1309 Cic.
1867 1260 1960 1306 Off.

1122 1318 1283 1362 V01.1.
1314 1333 1356 1374 p.
1385 1317 1535 1368 116.),
1575 1325 1739 1359 utrum
1769 1326 1812 1360 et
1845 1334 1960 1362 num
2014 1332 2017 1334 ·

1126 1411 1137 1420 .
1153 1408 1187 1420 ..
1209 1390 1276 1418 an
1293 1375 1431 1426 An.4,
1445 1375 1515 1419 35.
1574 1388 1640 1416 αη
1666 1384 1709 1418 et
1731 1383 1817 1417 out
1839 1377 1962 1421 conf.

1124 1435 1179 1478 Η.
1205 1433 1245 1484 4,
1272 1434 1342 1475 58.
1822 1451 1824 1453 ’

1049 1490 1348 1537 .anaeoluthia
1373 1488 1466 1532 An.
1492 1490 1560 1540 15,
1584 1488 1653 1532 30.
1696 1489 1750 1533 Η.
1778 1490 1820 1540 3,
1845 1490 1917 1534 31.

1068 1550 1292 1607 anaphora
1327 1546 1483 1590 Tacito
1523 1546 1785 1604 frequenter
1824 1565 1960 1592 usur-

1123 1616 1225 1666 pata
1249 1605 1342 1648 An.
1370 1608 1407 1654 1,
1433 1606 1502 1648 10.

1069 1661 1335 1720 anastrophe
1359 1659 1743 1718 praepositionum
1761 1663 1873 1721 Agr.
1889 1664 1962 1709 31.

1127 1722 1184 1765 cf.
1209 1735 1323 1777 quos
1346 1719 1494 1762 laudat
1518 1717 1698 1763 Ruhnk.
1721 1722 1775 1764 ad
1800 1721 1962 1765 Vellei.

1069 1839 1281 1881 Annales
1302 1834 1536 1892 quomodo
1559 1834 1612 1876 ab
1633 1834 1857 1879 His-coritis
1874 1835 1964 1878 dif-

1125 1894 1271 1935 ferant
1294 1892 1430 1950 praef.
1457 1891 1560 1944 Vol.
1587 1893 1624 1934 Ι.
1658 1907 1700 1949 p.
1720 1892 1848 1937 Xln.

1068 1950 1119 1996 τὸ
1145 1950 1393 2007 ἀνείμενον
1415 1950 1503 1992 An.
1528 1950 1569 2000 2,
1594 1947 1662 1991 13.

1070 2010 1319 2065 anfractus
1343 2006 1402 2049 H.
1424 2007 1466 2059 3,
1489 2006 1559 2051 79.

1070 2064 1205 2123 Angli
1230 2064 1388 2107 Germ.
1411 2064 1487 2106 40.
1782 2080 1785 2081 ’

1071 2125 1186 2182 angi
1210 2122 1333 2163 verbi
1359 2137 1464 2164 usus
1489 2121 1579 2165 An.
1606 2121 1674 2173 15,
1697 2121 1763 2164 18.

1071 2181 1294 2234 angustia
1315 2180 1428 2235 sing.
1454 2194 1645 2221 nurnero
1671 2178 1799 2223 Orat.
1823 2180 1852 2222 8

1073 2239 1260 2281 Anicius
1284 2237 1372 2279 An.
1396 2237 1462 2285 16,
1489 2236 1553 2278 17.

1071 2296 1262 2337 animas
1313 2308 1393 2348 pro
1445 2292 1582 2335 animi
1639 2293 1815 2337 adfectu
1834 2327 1846 2346 ,
1917 2305 1969 2339 ut

1130 2366 1275 2409 graec.
1304 2346 1458 2408 θυμός
1489 2349 1542 2391 H.
1564 2350 1620 2399 ’3,
1652 2351 1723 2394 62.
1785 2354 1970 2396 animus

1132 2421 1330 2462 magnus
1353 2409 1464 2465 Agr.
1485 2406 1557 2449 30.

1075 2467 1286 2510 Annaeus
1320 2465 1551 2521 quomodo
1586 2465 1876 2509 scribendum
1910 2466 1968 2511 sit
2046 2485 2057 2490 ‘

1134 2524 1223 2565 An.
1250 2523 1314 2572 16,
1340 2524 1408 2565 12.
1614 2564 1619 2569 ,

1075 2581 1252 2624 Annius
1280 2581 1368 2622 An.
1400 2579 1465 2627 15,
1489 2578 1559 2622 56.

1075 2652 1266 2680 annona
1289 2636 1344 2680 H.
1375 2639 1412 2687 1,
1439 2639 1508 2679 11.

1075 2709 1226 2738 annus
1260 2696 1313 2735 de
1348 2694 1454 2736 anni
1493 2701 1715 2750 proventu
1752 2694 1862 2753 Agr.
1896 2695 1970 2740 31.

1136 2752 1318 2804 [eodem
1343 2750 1494 2808 signif.
1520 2753 1619 2793 dies
1645 2761 1885 2810 usurpatur
1909 2753 1969 2798 cf.

1134 2807 1314 2851 Ruhnk.
1368 2811 1422 2850 ad
1475 2809 1591 2851 Velt.
1644 2809 1742 2852 Pat.
1795 2809 1851 2864 ΙΙ,
1896 2812 1970 2856 25.

1134 2867 1287 2910 Bremi
1334 2866 1387 2908 ad
1429 2864 1543 2923 Nep.
1588 2867 1682 2911 Att.
1729 2882 1768 2909 c.
1804 2867 1846 2919 4,
1882 2867 1975 2926 5.];

1135 2937 1336 2977 magnus
1359 2936 1517 2965 annus
1542 2922 1672 2966 Orat.
1700 2924 1766 2966 16.

1078 2995 1263 3025 annuus
1280 2989 1473 3035 praetor
1497 2981 1586 3023 An.
1610 2984 1648 3029 1,
1675 2981 1738 3023 15.

1080 3041 1306 3091 annulus,
1342 3039 1396 3080 de
1420 3052 1524 3081 voe.
1549 3039 1768 3095 scriptura
1791 3038 1880 3082 An.
1903 3039 1972 3091 16,

1138 3097 1207 3137 19.
1253 3095 1305 3137 11.
1336 3097 1373 3144 1,
1396 3096 1465 3138 13.
1494 3097 1539 3150 2,
1564 3094 1634 3138 57.
1668 3097 1709 3145 4,
1731 3096 1774 3139 3.
1813 3096 1972 3144 Germ.
2010 3136 2017 3140 .

1138 3154 1209 3197 31.
1252 3153 1354 3204 sed,
1401 3153 1435 3194 si
1473 3151 1763 3195 derivandum
1801 3162 1876 3197 ⁴est
1918 3157 1972 3199 ab

1140 3225 1233 3253 ano
1249 3242 1262 3264 ‚
1297 3219 1347 3251 ut
1368 3209 1565 3259 videtur,
1596 3209 1746 3252 verior
1772 3218 1837 3253 est
1858 3213 1973 3256 scri—

1140 3276 1271 3326 ptura
1306 3263 1497 3309 onulirs.
1563 3266 1646 3309 vid.
1677 3265 1887 3312 Oudend.
1917 3270 1973 3312 ad

1143 3326 1264 3369 Suet.
1289 3323 1396 3367 Ner.
1422 3339 1462 3366 e.
1485 3324 1556 3366 20.
1617 3323 1880 3371 Schneider.
1906 3342 1976 3385 gr.

1146 3384 1221 3425 lat.
1244 3381 1296 3424 T.
1318 3382 1351 3424 Ι.
1381 3381 1432 3423 Ρ.
1457 3382 1502 3422 2.
1535 3397 1577 3439 p.
1602 3381 1688 3423 422
1721 3396 1733 3434 3
1774 3387 1977 3428 annulus

1145 3442 1432 3494 signatorius
1456 3439 1541 3480 An.
1568 3440 1611 3493 2,
1633 3439 1675 3480 2.

1091 3498 1334 3552 anquirere
1355 3495 1477 3538 verbi
1505 3510 1608 3538 usus
1633 3497 1721 3538 An.
1751 3497 1818 3545 12,
1841 3497 1885 3541 6.
1917 3496 1976 3541 Η.

1114 3578 1131 3588 -
1147 3556 1190 3603 2.
1214 3553 1286 3616 59.
1346 3554 1468 3597 cont.
1494 3568 1598 3596 cum
1629 3553 1863 3610 inquirere
1885 3555 1975 3600 An.
