2150 4022
183 246 302 305 120

487 240 735 303 iuml
780 230 1098 338 AG'RIC.

1145 243 1385 305 VITA
1427 241 1626 307 CA2P.
1661 243 1720 306 5.

179 376 425 445 electuS,
478 395 654 450 quem
697 374 1087 431 contubernio
1138 374 1516 435 aestimarets
1593 371 1715 432 Nec
1755 370 2034 448 Agricola

180 461 424 518 licenter
457 479 621 515 more
652 458 963 530 iuvenum,
1005 460 1111 537 qui
1148 459 1426 516 militiam
1462 459 1527 515 in
1566 458 1867 516 lasciviam
1901 482 2036 518 ver-

183 557 342 615 tunt,
403 564 594 620 neque
633 545 887 618 segniter
924 547 995 602 ad
1037 545 1365 619 voluptates
1399 555 1458 600 et
1495 556 1852 602 commeatus
1890 546 2036 604 titu-

181 631 307 688 lum
332 630 666 688 tribunatus
693 641 750 687 et
773 630 1065 687 inscitiam
1089 630 1345 686 rettulit:
1389 630 1490 685 sed
1516 649 1759 686 noscere
1789 631 2036 705 provin-

182 716 363 785 ciam,
405 716 572 772 nosci
603 709 912 787 exercitui,
942 716 1174 773 >discere
1210 735 1245 771 a
1286 715 1520 790 peritiS,
1563 714 1731 792 seqUi
1762 716 2036 791 optim05‚

185 937 390 973 mortem
414 930 702 986 adprobaret
715 949 730 981 ‚·
772 929 840 984 16,
872 929 939 973 18.
962 929 1081 971 nihil

185 1001 439 1030 czrnoenum
465 1019 478 1032 .
501 1019 512 1031 .
536 1020 546 1030 .
563 994 725 1041 putat,
760 989 855 1030 m‘si
882 990 1008 1042 quod
1037 988 1083 1029 ei

187 1045 435 1088 Petronius
455 1045 829 1099 adprobavisset.
890 1046 1078 1088 sueton.

186 1102 295 1147 Oct.
329 1118 375 1147 c.
408 1104 451 1146 8.
486 1103 750 1158 adprobata
780 1117 969 1144 morum
1003 1104 1076 1144 in-

183 1163 303 1204 dole.
406 1160 524 1204 Plin.
570 1175 670 1217 epp.
720 1160 762 1214 6,
795 1159 867 1203 31.
908 1161 1084 1213 singuli

183 1220 503 1272 adprobarem
527 1231 694 1261 causas
717 1232 812 1259 non
833 1218 1020 1273 agendi.

243 1322 380 1363 quem
434 1307 733 1348 contubernio
788 1307 1077 1348 aestimaret.

186 1363 257 1407 De
305 1364 440 1407 verbo
483 1365 742 1406 aestimare
787 1363 847 1406 cf.
890 1371 986 1407 not.
1023 1361 1078 1405 ad

186 1423 278 1467 An.
317 1421 385 1474 13,
412 1421 482 1464 17.
562 1422 656 1464 Iam
701 1422 959 1464 aestimare
987 1422 1081 1462 ali-

186 1495 323 1536 quem
359 1487 424 1522 est
452 1494 726 1536 cognoscere
759 1477 949 1522 alicuius
983 1478 1108 1520 vir-.

156 1573 163 1590 s
187 1545 355 1588 tutem,
387 1535 529 1594 qualis
563 1535 633 1579 vel
665 1545 829 1593 quanta
859 1534 931 1578 sit.
992 1534 1078 1577 Ra-

186 1594 250 1638 tio
302 1593 567 1638 aestimandi
620 1593 884 1650 exprimitur
928 1592 1079 1635 addito

186 1651 400 1696 ablativo·
485 1649 844 1695 Cantaber-nium
895 1650 1082 1706 ponitur

186 1726 270 1769 pro
287 1707 616 1753 consuetudine
637 1706 967 1752 contubernali.
1024 1706 1082 1751 cf.

188 1768 283 1814 An.
299 1767 366 1816 13,
381 1766 450 1809 46.
478 1767 715 1809 Neronem
738 1782 762 1807 e
786 1767 1082 1808 contubernio

187 1825 352 1867 servili
378 1826 500 1866 m'lu‘l
530 1825 621 1865 nisi
647 1826 810 1866 sordes
852 1826 1082 1866 traxisse.

188 1882 361 1935 Similis
392 1881 564 1925 locutio
598 1889 664 1923 est
699 1881 813 1924 Hist.
839 1882 881 1933 4,
902 1881 973 1924 73.
1001 1884 1083 1921 bo-

187 1955 343 1995 naque
381 1956 436 1982 ac
472 1942 600 1980 mala
638 1955 732 1981 non
766 1953 857 1981 sua
887 1948 1080 1992 notura,

187 2002 273 2041 sed
322 1998 506 2040 vocibus
553 1998 883 2039 seditiosorum
937 1997 1084 2038 aesti-

189 2063 408 2098 mantur.
468 2053 571 2096 Non
595 2054 730 2111 igitur
755 2064 876 2109 recte
897 2054 1085 2102 faciunt,

190 2114 265 2171 qni
299 2112 575 2155 aestimaret
611 2111 837 2169 accipiunt
880 2127 961 2170 pro
1008 2113 1080 2155 di-

188 2178 447 2224 gnaretur,
483 2171 674 2222 dignum
701 2171 950 2212 iudicaret.-
982 2186 1086 2212 nam

190 2228 278 2272 hoc
304 2243 396 2271 non
426 2227 541 2270 inest
567 2227 717 2270 verbo.
778 2227 914 2270 Nullo
949 2228 1086 2270 modo

189 2295 339 2338 autem
386 2282 662 2330 admittenda
709 2293 775 2327 est
825 2285 1087 2329 coniectura

190 2339 384 2386 Ernestii
414 2343 654 2384 adhiberet
689 2357 774 2400 pro
806 2344 1088 2384 aestimaret

190 2399 526 2451 substituentis,
590 2405 666 2441 aut
722 2399 1088 2460 Bipontinorum‚

192 2459 269 2518 qui
297 2459 458 2504 volunt
487 2459 780 2502 admoueret.
841 2458 909 2500 De
945 2473 995 2500 re
1028 2457 1087 2500 cf.

192 2518 379 2561 Snieton.
406 2514 491 2559 lul.
529 2531 572 2558 c.
595 2516 637 2558 2.
701 2514 883 2560 Cortius
910 2515 962 2558 ad
987 2513 1089 2558 Sal-

193 2574 296 2617 lust.
323 2574 413 2632 lug.
453 2589 491 2616 c.
515 2573 587 2616 64.
649 2572 827 2617 Manut.
858 2573 912 2616 ad
938 2571 1085 2617 Cicer.

194 2647 267 2689 ep.
296 2631 351 2674 ad
384 2629 548 2674 divers.
593 2629 635 2679 5,
669 2631 741 2674 20.
830 2631 1006 2674 Ernest.
1039 2630 1087 2672 in

193 2689 324 2735 Clav.
344 2686 440 2734 Cic.
464 2704 533 2735 vv.
554 2690 896 2733 contubernalis
919 2697 962 2731 et
983 2702 1089 2731 con·

195 2746 489 2790 tubernium.

250 2845 335 2873 nec
359 2830 579 2883 Agricola
607 2862 646 2874 ..
663 2861 676 2874 .
693 2863 703 2873 .
733 2831 933 2873 rettulit.
1004 2830 1091 2874 Lo·

195 2904 276 2932 cus
321 2887 377 2931 ab
420 2888 742 2943 interpretibus
784 2904 931 2945 nuper
978 2887 1092 2929 mire

196 2952 395 2989 vexatus.
456 2944 570 2987 Nam
598 2956 832 3004 postquam
867 2943 1094 2989 Beckerus

196 3009 435 3048 censuerat
479 3004 613 3046 verba
647 3019 741 3046 esse
775 3002 1094 3061 coniungenda

197 3061 243 3105 in
267 3060 389 3105 hunc
413 3059 622 3102 modumz
665 3060 756 3111 „ad
780 3061 1028 3120 voluptates
1052 3064 1095 3101 et

198 3125 478 3164 commeatus
537 3125 580 3158 et
634 3118 855 3161 inscitiam
914 3119 1096 3161 titulum

198 3177 457 3220 tribunatus
503 3174 712 3224 retulit‚’'
776 3175 1018 3234 Sellingius
1051 3173 1098 3217 in

202 3234 436 3278 Observv.
467 3249 510 3290 p.
540 3232 582 3275 3.
621 3232 782 3274 merito
815 3232 880 3275 illi
914 3247 1099 3276 succen-

199 3293 289 3335 suit
316 3291 377 3334 ob
403 3298 658 3334 contortam
688 3291 925 3333 verborum
954 3290 1102 3333 collo-

201 3348 456 3400 cntionem,
507 3363 641 3405 quam
679 3346 837 3390 Tacito
881 3348 1104 3405 iniungi13

204 3421 353 3463 neque
384 3414 536 3448 tamen
573 3405 664 3463 ipse
704 3405 810 3447 haec
843 3406 946 3448 satis
982 3413 1103 3448 recte
1174 3405 1223 3446 in
1266 3405 1356 3445 das
1411 3404 1740 3458 vergnilgliche
1781 3400 1934 3442 Leben
1984 3397 2082 3452 nus

205 3465 528 3529 interpretatus
556 3471 635 3505 est.
695 3461 819 3505 Facit
853 3464 971 3507 enim
999 3478 1106 3507 cum

1146 927 1334 972 titulum·
1363 935 1406 971 et
1434 927 1656 972 inscitiam
1683 928 1952 986 tribunatus)
1983 929 2038 973 ad

1151 987 1396 1043 voluptates
1419 996 1462 1027 et
1484 995 1762 1030 commeatus
1773 988 1822 1035 ‚‘’
1863 995 1911 1029 ut
1939 1002 2039 1030 sen·

1148 1044 1284 1087 tentia
1311 1043 1393 1086 sit:
1423 1042 1682 1100 Agricolam
1711 1053 1936 1102 praetextu
1966 1043 2035 1086 vel

1150 1101 1389 1145 occasione
1424 1099 1540 1143 tituli
1572 1100 1803 1144 tribunicii
1849 1110 1905 1144 etx
1935 1117 2041 1145 suae

1149 1159 1349 1201 inscitiae
1374 1173 1467 1200 non
1485 1173 1576 1200 esse
1603 1174 1732 1200 usum
1761 1159 1813 1201 ad
1838 1160 2039 1216 volupta-

1150 1226 1215 1260 tes
1240 1223 1283 1258 et
1304 1224 1604 1259 commeatus.
1663 1214 1912 1259 Walcbius
1935 1231 2042 1259 con·

1150 1274 1281 1318 sentit
1330 1289 1434 1315 cum
1465 1272 1672 1328 *Beckero
1715 1282 1758 1316 et
1794 1289 1878 1331 pro
1921 1288 2044 1318 com-

1152 1330 1372 1375 mentario
1406 1329 1621 1373 lineolam
1651 1330 1802 1388 posuit
1833 1338 1934 1373 ante
1967 1330 2041 1372 in-

1152 1389 1338 1432 scitiam
1362 1387 1453 1430 sict
1498 1395 1542 1430 et
1570 1415 1626 1423 -
1657 1388 1892 1431 inscitiam
1916 1395 2045 1429 retu-

1153 1448 1222 1490 lit.
1288 1444 1396 1501 Quo
1430 1454 1579 1488 tamen
1605 1445 1796 1488 artificio
1823 1444 2044 1488 sententia

1151 1503 1355 1547 nondum
1381 1503 1428 1545 fit
1451 1519 1570 1545 sana.
1647 1503 1704 1544 Et
1726 1503 1922 1559 primum
1948 1501 2046 1560 qui-

1154 1563 1258 1604 dem
1311 1561 1503 1606 verbum
1563 1563 1748 1603 rettulit
1799 1564 1864 1602 ad
1917 1560 2043 1603 nullo

1155 1619 1291 1661 modo
1341 1625 1486 1674 potest
1529 1617 1672 1675 accipi
1709 1630 1794 1675 pro
1831 1630 1942 1660 usus
1976 1623 2048 1659 est

1154 1681 1217 1719 ad
1241 1676 1312 1729 (er
1329 1678 1544 1718 benutztc
1567 1680 1658 1731 zu).
1723 1674 1935 1723 Utinam,
2002 1671 2048 1716 ui

1153 1735 1236 1778 hac
1279 1733 1649 1790 interpretatione
1699 1740 1919 1783 utuntur,
1996 1747 2049 1773 o·-

1156 1791 1352 1836 cuissent
1404 1790 1613 1848 exemplis
1663 1790 1723 1833 ita
1765 1789 1854 1834 dici
1895 1804 2046 1847 posse.

1157 1851 1302 1893 Immo
1345 1848 1522 1901 referre
1565 1848 1748 1904 aliquid
1791 1854 1858 1890 est
1898 1855 2048 1888 etwas

1155 1907 1520 1959 zuruckbringen
1535 1939 1547 1960 ,
1592 1912 1634 1947 et
1667 1903 1849 1960 referre
1872 1905 2050 1959 aliquid

1155 1965 1391 2015 dicuntur,
1424 1965 1499 2020 qui
1523 1962 1704 2006 aliunde
1727 1961 1921 2005 redeunt
1945 1976 2050 2004 cum

1156 2021 1305 2079 aliqua
1337 2038 1409 2069 re,
1453 2036 1586 2077 quam
1613 2019 1675 2063 ibi
1708 2019 2050 2078 quaesiverunt.

1157 2080 1216 2123 cf.
1250 2080 1341 2126 An.
1375 2077 1416 2131 3,
1446 2079 1519 2121 21.
1552 2079 1739 2120 servati
1769 2077 1876 2120 ciuis
1913 2079 2054 2119 decus

1157 2138 1355 2179 rettulit.
1438 2135 1553 2180 Hist.
1586 2133 1628 2184 4,
1665 2135 1747 2178 49.'
1773 2137 1900 2190 quod
1937 2163 1952 2176 .
1989 2164 2000 2175 .
2039 2163 2053 2176 .

1157 2202 1377 2237 cruentas
1407 2207 1583 2235 manus
1621 2196 1685 2235 ad
1715 2194 1906 2235 caedem
1931 2203 2053 2243 pro-

1159 2252 1362 2295 consulis
1411 2251 1699 2299 rettulisset,
1757 2249 1804 2292 h.
1856 2264 1896 2293 e.
1947 2263 2054 2291 cum

1162 2302 1361 2352 cruentis
1407 2307 1616 2351 manibus
1666 2306 1867 2349 rediisset
1915 2313 1958 2366 qt
1995 2303 2053 2349 ad

1161 2367 1344 2410 caedem
1383 2364 1582 2410 consulis
1614 2363 1805 2411 tulisset.
1893 2360 2054 2406 Germ.

1161 2440 1201 2467 c.
1235 2423 1307 2467 31.
1349 2425 1504 2478 pretia
1547 2424 1776 2465 nascendi
1804 2422 2053 2463 rettulisse.

1160 2482 1260 2527 Liv.
1295 2480 1336 2532 4,
1364 2481 1429 2524 17.
1467 2495 1549 2523 nec
1585 2482 1877 2522 incruentam
1917 2479 2057 2520 uicto-

1160 2542 1285 2582 riam
1308 2540 1506 2582 rettulit.
1577 2537 1671 2580 lam
1696 2539 1885 2578 titulum
1907 2537 2054 2577 tribu-

1159 2606 1302 2640 natus
1345 2605 1389 2639 et
1431 2596 1664 2638 inscitiam
1695 2596 1934 2647 referunt,
1981 2591 2056 2648 qui

1162 2673 1186 2698 e
1212 2656 1366 2697 castris
1390 2669 1494 2697 cum
1527 2650 1660 2694 titulo
1684 2651 1938 2699 tribunatus
1962 2650 2058 2706 qui·

1163 2714 1293 2759 (lem,
1347 2712 1422 2755 sed
1457 2725 1561 2753 cum
1602 2708 1777 2752 inscitia
1815 2707 1949 2750 simul
1982 2723 2059 2750 re-

1164 2773 1316 2813 deunt.
1400 2766 1571 2811 Verba:
1611 2770 1676 2809 ad
1718 2768 1981 2820 voluptates
2015 2771 2061 2807 et

1162 2833 1452 2870 commentus
1523 2825 1807 2868 constituunt
1869 2821 1919 2865 ἓν
1983 2820 2061 2865 διὰ

1165 2886 1325 2939 δυοῖν,
1370 2889 1662 2941 spectantque
1688 2882 1743 2925 ad
1769 2896 1846 2925 eos
1869 2879 1949 2938 qui
1974 2895 2062 2923 vo·

1167 2941 1390 2999 luptatum
1433 2956 1561 2983 causa
1600 2946 1802 2999 peterent
1835 2953 2066 2983 commea-

1167 3008 1260 3042 tum
1290 2998 1576 3054 redirentque
1608 3014 1632 3041 e
1663 2995 1820 3041 castris
1853 2995 1908 3038 ad
1938 2994 2064 3038 urbis

1169 3056 1350 3100 delicias
1395 3065 1438 3099 et
1479 3056 1656 3113 gaudia.
1744 3053 1914 3110 Nostro
1964 3067 2062 3097 ser-

1168 3130 1329 3158 mone:
1368 3113 1478 3157 Und
1497 3114 1714 3166 Agricola
1734 3113 1916 3155 braama
1938 3111 2064 3157 nicht

1170 3173 1464 3214 liederlicher
1504 3172 1658 3215 Wetse
1699 3172 1820 3212 nach
1850 3173 1939 3211 Art
1977 3170 2064 3210 der

1162 3229 1345 3284 jungen
1373 3230 1541 3285 Leuce,
1573 3230 1747 3271 welche
1767 3226 2066 3278 denKriegs-

1171 3290 1327 3330 diense
1362 3288 1408 3328 in
1431 3285 1716 3331 Muthwillen
1751 3285 2062 3336 normanna»,

1172 3345 1291 3387 noch
1322 3352 1457 3387 unter
1486 3344 1700 3398 schlaffer
1729 3339 2068 3394 Thaidosigloeu

1181 3460 1361 3503 [se-laub
1386 3460 1431 3502 T
1426 3459 1729 3502 re'bunentitel
1752 3460 1850 3500 und
1875 3457 2070 3500 Unwis-

209 3522 286 3572 iis,
328 3537 402 3578 qui
441 3515 749 3577 coniungunt:
802 3520 1013 3570 „rettulit
1047 3521 1109 3562 ti-
1179 3519 1359 3562 senlieit
1382 3520 1569 3562 zurizck.

214 3577 360 3623 tulum
384 3577 635 3622 tribunatus
660 3586 702 3621 ct
729 3576 953 3621 inscitiam
981 3576 1043 3630 (h.
1069 3594 1107 3622 e.

1237 3575 1383 3632 sequi,
1443 3576 1496 3619 ln
1523 3576 1592 3620 ed.
1618 3574 1720 3619 Put.
1746 3574 1812 3618 Μ.
1834 3573 1927 3626 *vidi
1951 3574 2069 3631 equi.
