2150 4022
462 234 602 294 DE*
643 212 1170 293 GERMANJA
1240 229 1438 294 CAP.
1474 216 1607 299 28..

1861 233 1942 293 65

90 370 258 439 vetii,
315 366 598 433 ulteriora
641 361 813 432 Boii,
878 359 1110 419 Gallica
1147 373 1396 439 utraque
1442 381 1614 435 gem,
1678 373 1938 425 tenuere.

89 452 294 512 Manet
328 448 521 509 adhuc
553 447 786 506 Boiemi
823 465 1042 503 nomen
1079 446 1480 522 significatque
1515 446 1633 504 loci
1680 459 1939 505 veterem

86 537 463 605 memoriam,
528 533 796 611 quamvis
842 531 1083 587 mutatis
1133 531 1475 602 cultoribus.

1579 530 1697 593 Sed
1734 544 1939 602 utrum

87 620 353 680 Aravisci
393 622 458 677 in
492 618 867 676 Pannoniam
906 616 981 672 ab
1019 611 1160 671 Osis
1206 612 1643 673 Germanorum
1682 619 1939 689 natione,

85 729 162 764 an
176 703 289 764 Osi
310 707 385 763 ab
398 701 696 763 Araviscis
722 703 787 758 in
811 699 1194 758 Germaniam
1215 701 1758 773 commigraverint,
1802 725 1938 761 cum

39 810 43 813 ’
86 793 293 849 eodem
314 787 507 848 adhuc
533 809 829 856 sermone,
874 785 1185 853 institutiS‚
1224 785 1492 842 moribus
1526 798 1798 858 utantur,
1843 789 1938 844 in-

83 1040 131 1083 in
161 1039 353 1082 Seebod.
390 1038 508 1082 Bibl.
545 1054 613 1081 er.
645 1035 774 1079 1825.
806 1052 848 1093 p.
874 1033 975 1078 209.

82 1096 243 1140 Moem‘
280 1095 450 1139 mentio
493 1095 582 1138 hoc
626 1094 728 1136 loco
774 1100 976 1152 suspecta

84 1163 164 1198 est.
221 1153 282 1198 At
310 1155 428 1197 bene
459 1151 573 1199 vidit
596 1149 820 1207 Dilthejus
851 1165 977 1199 nunc

84 1227 178 1255 esse
227 1225 486 1254 sermonem
537 1209 591 1251 de
643 1223 754 1253 aevo
804 1207 976 1250 dudum

83 1269 346 1326 praeteritO,
375 1283 461 1311 nec
484 1267 651 1309 frustra
674 1263 792 1323 apud
816 1264 975 1308 Ptole-

83 1342 262 1369 maeum
293 1326 334 1376 2,
366 1326 436 1370 11.
470 1323 702 1381 regionem
734 1321 871 1367 silvae
906 1320 972 1363 ni-

83 1398 186 1439 grae
206 1417 219 1435 ,
294 1397 408 1440 quae
459 1381 634 1425 dicatur
654 1413 666 1431 ,
746 1378 972 1423 nominari

78 1439 378 1497 Ἐλουηττίων
401 1439 591 1499 ἔρημον.

41 1563 45 1566 .
142 1526 262 1569 Βυίἱ.
335 1523 418 1567 Ed.
462 1522 672 1566 Norimb.
719 1521 826 1563 Boi.
909 1519 970 1565 cs.

81 1582 195 1626 Hist.
217 1583 261 1634 2,
283 1583 352 1627 61.
412 1581 540 1625 Caes.
565 1580 618 1622 Β.
644 1578 701 1621 G.
727 1581 766 1627 1,
787 1579 858 1621 29.

139 1661 349 1708 utraque.
419 1650 501 1696 Ed.
532 1650 637 1692 Put.
671 1647 724 1690 V.
761 1662 974 1703 veraque,

83 1710 207 1768 lapsu
222 1725 479 1768 operarum.
537 1706 608 1749 De
632 1705 880 1753 ed.Vienn.
906 1721 974 1747 ve·

81 1783 186 1811 reor
224 1783 281 1809 ne
313 1765 505 1809 Hessius.
530 1763 665 1806 falsus
708 1762 782 1806 sit.
854 1761 971 1804 Nam

63 1824 323 1871 ¹Passovius
381 1836 579 1876 veraque
636 1835 732 1862 non
794 1837 844 1862 ex
899 1819 971 1862 ed.

82 1880 272 1929 Vienn.,
294 1879 373 1923 sed
397 1895 447 1922 ex
473 1879 541 1921 ed.
564 1878 669 1920 Put.
694 1875 856 1920 attulit.

72 1959 77 1961 “
136 1951 338 1994 Boiemi.
398 1949 476 1992 Sic
507 1947 642 1991 MSS.
670 1945 815 1990 Vatic.
846 1945 970 1989 1518.

78 2009 187 2053 Tur.
216 2007 318 2052 edd.
344 2007 462 2065 Spir.
491 2005 625 2048 Kath.
651 2005 755 2047 Put.
785 2003 969 2047 Monac.

77 2065 292 2111 Beroald.
327 2066 428 2109 Ale.
465 2063 611 2106 Rhen.
647 2061 750 2105 Ald.
788 2076 885 2118 sqq.
928 2068 972 2103 et

564 2120 692 2163 Hess.
776 2117 966 2161 Bekker.

77 2140 139 2168 nu
175 2138 224 2167 er
300 2123 487 2168 Passov.

76 2139 276 2226 νὶἓιίοἱι.
307 2209 366 2218 -
420 2176 966 2227 BoihemiMSSNQtiee.

78 2237 204 2282 1862.
226 2248 269 2282 et
289 2237 419 2283 2964.
433 2235 624 2293 Longol.
645 2233 965 2278 edd.Nori1ub.

76 2297 175 2357 Bip.
224 2296 382 2340 Oberl.
441 2294 566 2336 aliae.
618 2320 677 2328 —-
764 2292 974 2335 Bohemi

76 2353 212 2399 MSS.
260 2353 403 2398 Vatic.
443 2351 571 2393 4498.
614 2349 844 2403 Hummel„
898 2348 967 2401 (in

76 2412 292 2471 margine)
314 2419 356 2454 et
378 2408 450 2453 ed.
468 2408 608 2453 Paris.
638 2435 698 2444 -—
756 2407 975 2449 Bolziemi

75 2484 178 2528 MS.
203 2483 366 2539 Stuttg.
390 2463 622 2536 (bohiemi)
655 2477 724 2520 ed.
745 2477 879 2522 Rom.
909 2503 968 2512 —-·

73 2554 179 2603 MS.
221 2551 461 2610 Bamberg.
495 2542 746 2607 'corruptet
803 2554 967 2589 manet

75 2611 225 2657 adnuo
275 2610 404 2652 Boiis
454 2623 478 2650 e
533 2621 725 2650 munere
778 2618 965 2654 nomen,

74 2669 194 2714 unde
222 2666 395 2726 Lipsius
429 2666 645 2724 fingebat:
685 2670 847 2706 manet
875 2665 962 2704 ad-

74 2730 163 2773 huc
182 2723 419 2770 Boiiasmi
443 2740 467 2767 e
487 2739 537 2767 re
559 2736 754 2772 nomen,
784 2719 851 2763 vel
873 2721 965 2762 Bo·

39 2807 44 2813 ·
63 2799 290 2842 yasmum
314 2797 338 2824 e
357 2795 432 2829 re,
467 2788 648 2848 propter
671 2780 824 2822 locum
847 2778 964 2820 Stra-

75 2843 184 2886 bon.
199 2841 240 2893 7,
259 2839 433 2940 &29⁰⁹
457 2838 531 2881 ubi
555 2855 591 2881 is
604 2835 878 2889 Βουΐασμον
897 2849 964 2877 re-

105 2897 193 2943 iam
318 2895 539 2939 arobodui
607 2894 829 2938 nominat.
908 2916 964 2927 —

39 2958 46 2970 ⁸
123 2952 688 3000 oizhemiMS.Humme1·.
728 2974 787 2984 -
844 2951 967 2994 Boi-

72 3016 185 3061 lemi
203 3013 274 3057 ed.
291 3010 457 3054 Vienn.

129 3083 458 3139 significatque.
559 3079 664 3123 MS.
728 3078 961 3122 Hummel.

72 3145 342 3197 signatque,
403 3136 526 3195 quod
575 3136 710 3181 etiam
761 3137 807 3180 in
858 3135 963 3180 MS.

73 3200 236 3256 stuttg.
256 3193 529 3253 adscriptum
553 3201 630 3239 est.
667 3240 670 3245 ,

129 3266 342 3312 Arauisci
363 3295 374 3308 .
389 3295 402 3309 .
421 3296 432 3307 .
455 3265 704 3308 Araviscis.
761 3262 837 3309 Sic
856 3262 960 3307 edd.

75 3325 216 3381 Parii.
263 3322 465 3366 Rhenan.
505 3320 670 3378 (1588.)
712 3321 816 3364 Ald.
858 3337 958 3379 sqq.

73 3383 226 3442 Qte.
282 3379 395 3422 Nam
408 3378 670 3422 Ptolemaeo
689 3380 731 3427 2,
744 3378 960 3423 16.iidem

78 3436 283 3490 dicuntur
298 3433 555 3497 Ἀράβισκοι
565 3469 580 3492 ,
618 3436 767 3480 Plinio
778 3435 837 3480 N.
848 3435 906 3480 H.
919 3435 963 3487 3,

77 3497 149 3542 28.
185 3494 411 3539 Eravisci.
452 3522 509 3529 --
575 3494 799 3537 Arauisci
830 3527 842 3538 .
868 3527 879 3537 .
904 3523 918 3537 .
946 3522 960 3537 .

78 3552 312 3597 Araniscis
350 3551 453 3596 MS.
493 3550 658 3612 stuttg.
687 3549 798 3597 ⁴edd.
838 3550 960 3610 Spir.

160 3619 404 3669 TAcrrus
445 3617 539 3668 IV.

1045 1032 1179 1076 Kath.
1201 1031 1305 1074 Put.
1331 1031 1400 1073 M.
1424 1039 1466 1074 et
1481 1030 1537 1074 V.
1560 1030 1747 1077 Monac.
1774 1033 1937 1080 Vienn-

1047 1087 1679 1134 Beroald.Ale.Rhen..1519.
1713 1115 1767 1124 —
1814 1093 1938 1135 Ara..

1049 1148 1183 1189 misci
1199 1179 1210 1189 .
1227 1179 1238 1190 .
1254 1177 1266 1188 .
1287 1147 1522 1189 Aravzisclls
1543 1146 1646 1189 MS.
1670 1147 1784 1190 Tur.

1105 1206 1165 1247 ab
1192 1203 1300 1246 Osis
1322 1234 1334 1246 .
1363 1235 1373 1245 .
1399 1235 1437 1255 .,
1482 1217 1547 1245 αη
1577 1203 1678 1248 Osi.
1737 1203 1814 1248 Sic
1834 1206 1938 1252 MS.

1046 1262 1158 1305 Tur.
1186 1260 1286 1304 edd.
1311 1261 1430 1320 Spir.
1458 1260 1590 1304 Kath.
1618 1261 1721 1306 Put.
1749 1278 1849 1320 sqq.
1881 1293 1939 1301 -

1045 1335 1078 1362 α
1110 1319 1243 1362 Boiis
1276 1349 1287 1360 .
1327 1350 1338 1361 .
1378 1349 1389 1360 .
1436 1333 1500 1361 an
1527 1319 1640 1362 Boii
1669 1318 1807 1364 MSS.
1844 1320 1938 1365 Va-

1043 1377 1151 1421 tiec.
1208 1377 1332 1420 1862.
1391 1384 1434 1418 et
1483 1375 1615 1420 2964.
1683 1378 1754 1420 ed.
1821 1379 1939 1424 Lon-

1043 1435 1134 1534 gol.
1166 1457 1225 1465 —
1284 1449 1315 1475 a
1344 1434 1460 1499 Bois
1489 1465 1502 1476 .
1530 1464 1541 1476 .
1570 1467 1581 1478 .
1614 1449 1678 1476 an
1711 1436 1810 1478 Boi
1835 1436 1939 1482 MS.

1045 1489 1546 1614 &33:533ssth
1559 1494 1939 1596 §.zzz-'3233

1046 1621 1148 1665 gine
1202 1612 1392 1648 tantum.
1456 1629 1510 1638 -
1587 1623 1620 1648 a
1668 1608 1779 1663 boys
1818 1639 1830 1652 .
1871 1641 1883 1653 .

1045 1677 1111 1705 an
1128 1664 1213 1717 boy
1227 1662 1330 1706 MS.
1343 1663 1525 1718 Stuttg„
1548 1662 1596 1704 in
1611 1665 1812 1722 margine
1827 1683 1938 1711 vero

1044 1720 1472 1819 Qfft'ic-44S8B0iss
1505 1751 1515 1762 .
1539 1751 1551 1762 .
1579 1737 1693 1820 :Bw‘l‘
1725 1721 1814 1765 Osi
1837 1724 1942 1770 MS.

1048 1834 1158 1876 οδω·
1179 1808 1289 1876 ‘Ms.
1325 1808 1471 1877 ratic.
1512 1793 1715 1877 i⁸518fm⁸
1749 1810 1762 1823 ⁸
1786 1811 1799 1823 ’
1824 1813 1837 1825 ’

1872 1798 1939 1827 an

1711 1835 1939 1883 Nimirum

1043 1891 1191 1934 littera
1218 1893 1243 1932 b
1268 1907 1290 1932 e
1321 1891 1652 1948 praepositione
1679 1894 1855 1938 transiit
1881 1898 1937 1942 ad

1041 1963 1238 1999 nomen,
1275 1956 1316 1990 et
1345 1964 1448 1991 eum
1470 1949 1593 1991 Bosi
1613 1959 1757 1994 essent
1778 1952 1936 2010 ignoti,

1040 2006 1208 2049 librarii
1230 2006 1491 2048 maluerunt.
1510 2007 1675 2057 Boios,
1707 2009 1938 2056 nationem

1041 2062 1286 2120 cognitam.
1353 2063 1471 2106 Infra
1508 2080 1548 2107 c.
1579 2065 1651 2108 43.
1693 2081 1828 2110 nemo
1863 2085 1935 2113 va-

1038 2121 1227 2164 riantem
1255 2120 1522 2178 scripturam
1552 2121 1796 2171 adnotavit.

1100 2178 1449 2220 Germanorum
1511 2181 1720 2224 natione.
1813 2183 1936 2238 Quia

1039 2235 1220 2279 Tacitus
1262 2235 1367 2278 infr.
1401 2252 1443 2279 c..
1473 2235 1544 2279 43.
1582 2238 1761 2282 scribit=
1806 2232 1936 2286 'Osos

1038 2293 1312 2335 Pannonica
1364 2293 1526 2348 lingua
1575 2297 1787 2350 coarguit
1832 2314 1934 2342 non

1039 2365 1135 2392 esse
1152 2349 1440 2405 Germanos,
1476 2350 1712 2395 Passovius
1738 2370 1832 2397 non
1854 2357 1934 2399 du-

1037 2407 1216 2457 bitavit,
1240 2408 1375 2452 verba
1397 2407 1528 2451 huius
1554 2408 1643 2452 loci
1662 2409 1934 2456 Germano-

1036 2480 1145 2507 rum
1192 2466 1386 2507 natione
1421 2474 1471 2508 ut
1514 2463 1697 2509 aliunde
1751 2469 1933 2517 obtrusa

1037 2520 1170 2564 obelo
1213 2530 1374 2564 notare
1414 2522 1635 2579 uncisque
1670 2523 1931 2578 includere:

1037 2580 1108 2620 cui
1171 2587 1386 2621 aruerunt
1414 2578 1641 2636 Dilthejus
1670 2580 1932 2633 etxHessius.

1037 2635 1122 2679 Sed
1152 2651 1261 2679 iuno
1277 2636 1475 2694 obsequii
1491 2638 1721 2693 ‘poenituit
1734 2639 1781 2684 in
1792 2640 1927 2689 Varr.

1033 2694 1120 2738 LL.
1143 2695 1180 2736 Ι,
1196 2724 1207 2741 ,
1236 2708 1278 2749 p.
1296 2693 1367 2735 30.
1438 2693 1687 2738 Teubertus
1710 2699 1931 2746 vocabula

1035 2760 1241 2816 suspecta
1263 2749 1457 2804 delevit;
1482 2750 1710 2797 Bekkerus
1733 2755 1929 2803 etWal·

1036 2808 1162 2852 chius
1185 2807 1280 2850 sine
1303 2808 1430 2851 uncis
1461 2819 1708 2855 servarunt.
1769 2813 1929 2862 Recte.

1037 2864 1143 2922 Cap.
1166 2863 1240 2909 43.
1263 2863 1427 2908 Noster
1463 2882 1486 2908 e
1518 2865 1668 2923 lingua
1691 2867 1812 2914 Osos
1846 2890 1926 2917 ar-

1070 2923 1132 2965 uit
1171 2937 1264 2965 non
1305 2938 1397 2966 esse
1434 2921 1684 2968 Germanos
1729 2927 1927 2986 origine:

1067 3012 1080 3024 .
1101 2979 1131 3021 l.
1158 2996 1215 3023 an
1238 2979 1352 3028 sint,
1381 2979 1605 3024 incertum
1630 2983 1752 3028 dicit.
1811 2987 1927 3031 Nam

1035 3038 1074 3082 si
1101 3034 1186 3079 Osi
1213 3037 1265 3079 ab
1288 3038 1526 3082 Araviscis
1560 3039 1607 3081 in
1631 3039 1925 3089 Germaniam

1035 3093 1433 3150 transmigravere‚
1490 3095 1576 3139 Osi
1610 3098 1784 3155 origine
1826 3118 1923 3145 non

1032 3159 1139 3196 sunt
1182 3149 1415 3197 Germani.
1494 3152 1797 3221 Nihilpminus
1842 3159 1932 3203 Osi

1033 3224 1160 3252 nunc
1179 3206 1512 3252 Germanorum
1544 3219 1664 3254 natio
1699 3224 1825 3258 erant
1858 3216 1922 3259 di·

1033 3265 1188 3316 cendi,
1218 3266 1321 3323 quia
1341 3266 1390 3309 in
1404 3266 1643 3311 Germania
1664 3269 1922 3316 habitabant

1031 3331 1075 3365 et
1109 3339 1134 3366 3
1164 3321 1400 3366 Romanis.
1424 3324 1504 3367 illo
1552 3333 1756 3384 tempore
1802 3328 1921 3373 inter
1946 3375 1952 3378 ,

1031 3379 1365 3430 Germanorum
1396 3381 1598 3425 nationes
1622 3387 1921 3430 numeraban-

1030 3444 1122 3479 tur.
1179 3437 1284 3481 Non
1316 3437 1452 3495 igitur
1480 3448 1667 3496 uterque
1699 3440 1827 3485 locus
1859 3445 1920 3488 ita

1031 3494 1236 3540 diversus
1268 3503 1356 3546 est,
1395 3503 1446 3539 ut
1474 3497 1583 3540 alter
1611 3496 1659 3541 in
1679 3497 1918 3543 detrimen-

1030 3560 1130 3598 tum
1151 3551 1332 3596 alterius
1354 3553 1514 3601 valeat.

1416 3613 1470 3672 E
