2150 4022
225 214 362 303 166·
415 201 417 204 ⁴

516 212 761 274 IULII
807 212 1128 282 AGRIC.
1157 203 1392 275 V‘IT'A
1437 213 1644 314 CARJ
1669 211 1772 278 25.

221 364 333 419 que
401 353 456 399 et
510 343 781 400 nauticus
834 343 1034 415 miles,
1097 338 1272 404 mixti
1315 345 1501 422 copiis
1547 357 1607 406 et
1647 345 1919 416 laetitia,
1962 365 2070 405 sua

222 428 468 507 quisque
490 429 671 497 facta,
716 448 852 486 suos
877 449 1040 487 casus
1064 430 1427 501 attollerent3
1472 415 1538 488 ai:
1570 433 1749 490 modo
1786 421 2076 490 silvarum

223 525 278 570 et
320 512 613 569 montium
647 514 971 588 profunda,
1023 517 1203 572 modo
1237 526 1649 590 tempestatum
1682 537 1749 575 ac
1782 516 2078 583 fluctuum¹

221 600 492 668 adversa,
533 593 673 655 hinc
714 611 868 657 terra
898 611 961 667 ,et
994 597 1206 671 hostiS‚
1247 596 1390 657 hinc
1414 612 1618 659 auctus
1641 597 1919 661 Oceanus
1953 600 2081 669 παὶ-ἦ

218 791 342 845 tum,
380 800 430 836 ut
455 794 701 838 rectissime
735 797 931 854 scriptor
955 813 1006 838 ex
1031 812 1110 838 sua

218 867 411 910 persona
434 851 552 895 dicat
585 854 855 909 impellitur,
890 853 1112 910 ineptum-

219 925 307 966 que
330 918 443 952 esset
466 910 800 964 impelleretur.
859 911 963 954 Non
987 911 1110 954 enim

217 966 418 1025 primum
448 982 572 1011 nunc
603 969 646 1011 id
677 969 809 1012 refert
844 978 894 1012 ut
926 984 1023 1011 rem
1055 985 1107 1012 ex

221 1040 301 1072 co,
354 1025 476 1080 quod
532 1026 769 1077 audiverit,
825 1025 1108 1084 pendentem,

220 1081 296 1124 sed
333 1091 513 1125 revocat
546 1083 704 1126 lectori
740 1084 786 1126 in
829 1084 1107 1134 memoriam,

218 1148 269 1182 ut
294 1155 461 1183 vocum
501 1144 684 1196 egregia
707 1144 853 1195 specie
884 1141 1108 1186 rationem

218 1196 397 1247 reddat,
437 1199 561 1255 quasi
594 1198 810 1257 scriptum
844 1199 901 1242 sit
928 1201 1104 1244 ...im-

214 1255 425 1309 pellitur,
456 1257 527 1297 uti
541 1257 650 1298 dixi
670 1255 736 1299 vel
758 1259 829 1299 uti
844 1259 944 1300 Scis.
991 1255 1109 1299 Con·

219 1320 287 1355 tra
310 1327 454 1367 quum
481 1327 621 1368 saepe
643 1338 698 1348 -
726 1317 1027 1366 attollerent;
1056 1328 1112 1356 ac

217 1392 276 1402 --
299 1379 692 1424 compararentur
712 1387 836 1415 nunc
851 1374 1030 1416 demum
1044 1387 1112 1414 re·

215 1426 327 1478 fert,
377 1436 427 1470 ut
480 1443 577 1470 rem
620 1429 893 1486 pendentem
942 1445 992 1472 ex
1042 1444 1111 1479 eo,

216 1483 339 1541 quod
363 1484 446 1542 ipsi
471 1485 737 1530 innotuerit.
793 1486 1002 1530 Ceterum
1028 1487 1111 1529 im·

215 1544 388 1598 pellere
431 1544 623 1587 verbum
665 1559 804 1601 quum
845 1544 1112 1588 insolentius

221 1599 392 1644 dictum
422 1600 673 1650 videretur,
706 1601 937 1644 Ernestius
964 1602 1113 1645 corri-

221 1657 418 1713 gendum
446 1658 628 1715 putabat
650 1659 922 1714 inferretur,
948 1660 1115 1710 impin-

218 1721 427 1768 geretur.
488 1715 574 1759 Sed
599 1717 707 1772 quid
730 1733 843 1773 opus
877 1725 940 1760 est
965 1725 1114 1765 muta-

220 1773 379 1817 tione?
419 1774 659 1828 impellere
694 1776 899 1830 aliquem
927 1774 998 1819 vel
1023 1776 1116 1817 ali-

223 1830 336 1884 quid
360 1839 425 1873 est
456 1831 617 1888 pellere
640 1833 714 1880 ita,
747 1841 795 1875 ut
821 1831 1014 1884 vacillet,
1050 1848 1117 1876 ce-

224 1888 324 1938 dat,
363 1888 683 1941 labefactetur,
735 1900 940 1940 corruat,
972 1889 1119 1946 (velut

223 1943 335 1989 Hist.
373 1947 412 1997 3,
449 1947 490 1988 2.
534 1948 766 2001 impulsas
807 1948 988 1991 Vitellii
1040 1962 1119 1990 res

223 2004 450 2055 audietis,·
519 2004 604 2046 Au.
653 2007 690 2058 1,
730 2003 802 2048 63.
854 2005 1119 2058 missaeque

222 2061 536 2103 subsidiariae
581 2065 795 2104 cohortes
843 2070 888 2103 et
918 2063 1119 2118 fugien—

223 2118 342 2159 tium
389 2121 577 2171 agmine
625 2121 903 2173 impulsae),
957 2129 1032 2163 aut
1072 2129 1122 2163 ut

224 2174 439 2219 incitetur
480 2185 526 2219 et
567 2176 874 2219 vehementius
917 2177 1122 2236 agitetur,

223 2239 274 2277 ut
327 2235 514 2286 animos
561 2235 800 2287 impellere
849 2236 936 2277 An.
979 2239 1016 2286 1,
1054 2237 1120 2278 16.

223 2289 393 2334 Nostro
438 2291 542 2335 loco
590 2291 885 2349 p'osteriorem
937 2291 1122 2350 explica·

225 2346 395 2396 tionem
430 2349 727 2392 adhibendam
781 2365 874 2392 esse
918 2350 1123 2408 plerique

227 2413 415 2461 putant,
471 2414 519 2448 ut
569 2408 740 2449 bellum
786 2409 1024 2462 impellere
1068 2408 1124 2450 sit

227 2466 317 2505 (len
344 2463 497 2516 Krieg
523 2474 752 2518 αήνεςεη,
782 2468 829 2507 in
851 2466 1125 2520 Bewegung

228 2527 386 2562 setzen
423 2523 505 2576 (sie
538 2521 824 2578 WValchius).
908 2525 969 2565 At
1015 2538 1123 2565 vero

227 2577 444 2632 Agricola
471 2588 566 2622 tum
591 2595 682 2622 non
719 2589 812 2623 erat
843 2580 1011 2624 bellum
1046 2597 1117 2623 ex-

231 2635 446 2678 citaturus
480 2640 940 2694 aut'provocaturus,
981 2639 1125 2681 immo

229 2692 275 2734 id
332 2694 649 2751 profligaturus
669 2728 680 2746 ,
754 2705 803 2738 ut
861 2696 986 2754 quies
1045 2711 1116 2753 pa-

230 2759 407 2793 raretur
449 2752 711 2807 provinciae
752 2769 891 2811 eaque
939 2769 1125 2812 pacare-

232 2816 324 2850 tur.
418 2809 572 2863 Quare
629 2813 801 2853 bellum
866 2812 1127 2865 impellitur

234 2874 365 2907 terra
398 2875 441 2909 ec
482 2867 616 2908 mari
657 2868 991 2916 transtulerim:
1041 2871 1127 2909 der

238 2922 385 2974 Krieg
409 2927 562 2965 erlziz'lt
585 2926 719 2967 einen
743 2924 872 2982 Stoss
887 2958 899 2977 ,
929 2940 981 2967 er
1005 2926 1128 2968 wird

234 2995 293 3021 zu
317 2979 519 3026 Vr‘bsser
543 2998 585 3024 u.
608 2999 663 3023 zu
683 2984 843 3027 Lanae
870 2982 1123 3038 bekc'impst,

206 3061 213 3069 -
236 3036 408 3085 seilicet
430 3055 552 3081 arma
575 3049 819 3096 geruntur,
854 3049 903 3083 ut
938 3041 1126 3084 debelle-

236 3103 326 3138 tur.
391 3096 634 3153 Adpositus
661 3106 723 3141 est
752 3099 802 3142 ad
830 3097 1127 3157 comparatio-

238 3169 344 3197 nem
379 3153 544 3196 Lucani
577 3155 702 3197 locus
739 3158 777 3207 5,
803 3156 903 3199 330.
940 3155 1133 3210 impulsi

239 3227 357 3266 quae
369 3214 585 3268 praemia
605 3214 721 3263 belli,
741 3230 850 3270 quae
868 3214 998 3257 verba
1012 3211 1128 3255 male

239 3269 513 3325 explicantur
535 3269 586 3311 ab
614 3270 783 3314 editore
804 3271 1064 3331 Bipontino.

300 3328 443 3369 nancti
472 3327 610 3380 copiis
645 3336 688 3368 et
719 3330 914 3383 laetitia.
1008 3324 1130 3370 Male

240 3382 608 3428 Woltmannus:
645 3389 866 3439 germ'sclit
891 3389 939 3427 in
962 3386 1131 3438 Menge

241 3458 286 3485 u.
312 3445 520 3492 Frende,
562 3443 871 3486 Strombeck.:
914 3444 964 3485 in
985 3442 1129 3497 freu-

240 3501 379 3553 dt'gen
402 3503 642 3544 Schuaren
671 3502 920 3554 gemischt,
952 3508 995 3543 et
1017 3498 1128 3541 Bm-

241 3558 368 3608 fich-²
387 3561 598 3614 sro'lzlech
621 3561 670 3601 in
697 3562 885 3604 (mntem
899 3557 1129 3605 Gemisch.

1185 796 1357 852 Copiae
1378 794 1690 855 intelligendae
1715 794 2074 841 sunt⁸abundsns

1182 861 1435 899 castrorum
1469 862 1774 904 commeatus,
1815 861 1866 898 ut
1893 853 2009 899 nist.
2031 853 2076 907 3,

1187 914 1256 957 15.
1289 912 1330 964 4,
1352 912 1425 955 22.
1791 947 1801 956 ,

1238 985 1295 1014 ae
1326 973 1464 1013 modo
1496 970 1728 1015 silvarum
1763 977 1810 1014 et
1839 968 2074 1014 montium

1173 1027 1410 1083 profimdn
1431 1054 1487 1063 --
1511 1035 1916 1082 compararentur.
1966 1025 2074 1071 MS.

1180 1084 1280 1134 Vat,
1307 1084 1437 1132 3429.
1476 1084 1576 1128 edd.
1602 1083 1791 1130 Becker.
1815 1083 1985 1138 Hes-tel.
2017 1098 2078 1128 ac

1180 1142 1430 1187 montium.
1491 1140 1706 1187 Universi
1733 1141 1824 1188 loci
1846 1139 1956 1188 haec
1976 1157 2075 1185 sen·

1179 1201 1316 1245 tentia
1335 1208 1424 1244 est:
1446 1199 1658 1244 silvarum
1668 1207 1716 1243 et
1732 1200 1955 1244 montium
1968 1214 2076 1258 pro·

1182 1259 1322 1302 funda
1347 1266 1605 1316 comparata
1636 1273 1731 1301 esse
1762 1273 1869 1302 cum
1899 1265 2075 1315 tempe-

1182 1323 1348 1360 statum
1388 1331 1442 1360 ac
1487 1313 1713 1360 fluctuum
1754 1313 1982 1363 adversis,
2026 1321 2078 1357 ut

1184 1375 1350 1432 quique
1391 1389 1497 1417 suos
1532 1388 1662 1417 casus
1692 1387 1800 1429 prae
1832 1370 2078 1417 alterorum

1182 1430 1380 1476 adversis
1431 1431 1567 1474 rebus
1609 1429 1888 1474 extollerent.
1981 1429 2077 1474 lam

1183 1505 1287 1532 vero
1321 1487 1484 1532 Noster
1519 1487 1697 1546 scripsit
1730 1499 2079 1541 compararen-

1183 1555 1276 1595 tur,
1306 1545 1336 1588 i.
1353 1562 1395 1592 e.
1413 1561 1516 1589 com
1549 1544 1760 1588 arationis
1782 1559 1914 1590 causa
1937 1542 2084 1587 adfer·-

1184 1612 1357 1652 rentur,
1383 1602 1452 1644 vel
1477 1561 1760 1646 afferrentur
1781 1611 1828 1646 et
1847 1615 2080 1659 compara·

1187 1669 1357 1706 rentur.
1404 1659 1534 1702 Solet
1547 1658 1669 1703 enim
1685 1657 1913 1718 brevitatis
1931 1657 2079 1708 studio

1190 1721 1351 1762 ductus
1374 1717 1570 1773 scriptor
1595 1732 1680 1776 pro
1707 1732 1760 1760 eo
1785 1716 1935 1767 verbo,
1956 1714 2081 1783 quod

1189 1793 1239 1820 ex
1292 1776 1538 1819 sententiae
1587 1773 1764 1818 ratione
1819 1773 2082 1831 requiritur,

1190 1834 1310 1879 aliud
1336 1849 1576 1888 usurpare,
1607 1847 1701 1889 quo
1732 1831 1867 1876 simul
1894 1838 2082 1876 eventus

1191 1893 1261 1937 vel
1298 1891 1398 1933 finis
1432 1889 1725 1947 significetur.
1810 1889 1888 1933 Sic
1922 1887 2082 1931 Germ.

1192 1965 1231 1994 c.
1260 1949 1332 1993 29.
1364 1962 1445 1989 nee
1486 1948 1673 1990 tributis
1711 1942 2083 1996 contemnuntur,

1191 2008 1222 2052 i.
1239 2023 1276 2050 e.
1293 2022 1381 2049 nec
1395 2005 1560 2047 tributa
1582 2005 1892 2062 imponuntur,
1916 2001 2082 2060 quippe

1191 2065 1354 2122 quibus
1387 2070 1761 2111 contemnantur,
1800 2061 1867 2104 vel
1893 2076 1989 2116 ¹nec
2019 2059 2083 2104 ita

1193 2130 1577 2167 contemnuntur,
1631 2128 1681 2162 ut
1718 2117 1884 2165 tributa
1929 2117 2080 2176 impo-

1193 2188 1373 2224 namur.

1250 2244 1415 2279 auctus
1447 2234 1680 2277 Oceanus.
1756 2231 1835 2277 Sic
1862 2231 1967 2276 libri
1998 2247 2081 2279 ve-

1194 2302 1309 2337 teres
1343 2302 1386 2336 et
1418 2290 1692 2336 recentiores
1721 2290 1938 2348 plerique.
2003 2289 2085 2333 Li-

1194 2352 1315 2408 psius
1346 2351 1529 2408 putabat
1562 2349 1732 2402 victus,
1774 2348 1896 2406 quod
1922 2348 2084 2406 proba·

1195 2410 1256 2451 vit
1280 2407 1476 2452 Pichena
1503 2405 1668 2463 aliique
1694 2403 1849 2456 multi,
1880 2405 2086 2462 quamvis

1194 2466 1281 2524 ipsi
1316 2465 1465 2523 Lipsio
1510 2479 1604 2507 non
1639 2461 1869 2522 deplorata
1906 2461 2085 2510 videba-

1194 2533 1270 2567 tur
1295 2524 1518 2579 scriptura
1543 2522 1741 2579 vulgata.
1800 2519 1887 2564 sed
1912 2521 2032 2563 male
2046 2517 2086 2563 is

1196 2581 1431 2640 explicavit
1462 2586 1648 2630 auctus,
1698 2577 1839 2635 „quia
1875 2576 2086 2635 incogni-

1195 2648 1295 2682 tum
1328 2652 1450 2681 mare
1482 2636 1571 2680 iam
1603 2636 1882 2692 navigatum,
1910 2642 1956 2677 et
1984 2632 2086 2678 reli·

1197 2692 1288 2754 quo
1305 2691 1490 2739 Oceano
1507 2691 1631 2750 quasi
1649 2692 1946 2742 adiectum.”,·
1973 2705 2087 2750 quae

1199 2753 1379 2812 quidem
1403 2751 1625 2794 sententia
1651 2749 1706 2794 ab
1729 2747 1819 2792 hoc
1844 2747 1948 2792 loco
1972 2747 2084 2792 alie-

1197 2810 1381 2854 nissima
1425 2817 1505 2850 est.
1591 2803 1893 2852 Consentiunt
1932 2813 2087 2850 tamen

1200 2870 1234 2911 Ι.
1268 2868 1343 2911 Fr.
1385 2864 1595 2910 Gronov.
1630 2861 1808 2912 Dronh.
1844 2859 2085 2909 Hertelius.

1200 2923 1447 2969 Oberlinus
1495 2921 1754 2967 Broterium
1809 2927 1853 2965 et
1899 2919 1952 2966 B·
1988 2927 2085 2964 ont.

1197 2989 1411 3042 sequutus
1443 2995 1640 3031 „auxere
1667 2977 1830 3022 milites
1851 2977 1937 3023 iact
1997 2992 2086 3022 un-

1200 3042 1241 3083 dt
1277 3049 1441 3090 terras,
1485 3037 1684 3088 hostem,
1729 3034 1998 3086 Oceanum,
2037 3042 2088 3079 ut

1198 3098 1270 3141 An
1307 3097 1349 3146 2,
1367 3096 1436 3140 82.
1458 3103 1626 3139 cuncta
1648 3094 1700 3137 ia
1719 3091 1928 3139 deterius
1948 3100 2090 3136 aucta

1199 3154 1551 3210 adferebantur.
1565 3154 1596 3174 '’
1668 3150 1797 3197 Eam>
1822 3149 2089 3195 sententiam

1200 3212 1363 3257 acriter
1403 3210 1599 3254 defendit
1632 3224 1776 3267 nuper
1795 3207 1981 3266 Selling.
2010 3208 2088 3251 ob·

1200 3286 1338 3313 servv.
1367 3285 1466 3326 pag.
1488 3270 1541 3311 21
1565 3283 1666 3326 sqq.
1694 3266 1964 3321 uberiusque
1988 3278 2088 3318 eam

1202 3327 1416 3384 exposuit.
1476 3324 1660 3369 Scilicet
1681 3322 1718 3366 is
1741 3337 1901 3368 vocem
1923 3327 2090 3364 auctus

1203 3385 1257 3427 ad
1287 3386 1390 3427 silv.
1419 3391 1464 3426 et
1487 3390 1634 3428 mont.
1655 3379 1777 3437 profi
1805 3385 1851 3421 et
1873 3385 2088 3432 tempest.

1201 3457 1255 3485 ac
1267 3440 1405 3498 fluct.
1433 3444 1540 3483 adv.
1565 3448 1609 3484 et
1631 3447 1760 3482 terra
1783 3442 1829 3480 et
1852 3436 1999 3479 hostis
2021 3451 2088 3479 re-

1202 3499 1318 3550 tulit,
1345 3498 1563 3543 voeabula
1576 3499 1713 3540 modo
1731 3517 1789 3528 —
1807 3497 1959 3545 modo,
1985 3495 2090 3538 hinc

1203 3580 1258 3595 -·—
1290 3558 1397 3605 hinc
1429 3563 1472 3602 et
1506 3555 1706 3601 utilitati
1733 3551 1962 3599 iactantia
1994 3566 2089 3599 non

1250 3755 1273 3773 §t
