2150 4022
256 302 381 360 290

735 294 857 355 DE
918 272 1604 359 ORATofflssus

261 453 328 491 ae
356 432 450 489 bis
478 437 796 504 quaternos
822 425 1007 492 denos
1029 422 1269 487 Claudii
1302 438 1360 487 et
1381 424 1649 491 Nemnis
1674 445 1894 497 annos,
1926 437 2111 504 fiatque

261 518 455 594 ipsum
482 511 709 589 Galbae
734 522 790 571 et
813 507 1076 569 Othonis
1105 522 1160 569 et
1183 510 1414 569 Vitellii
1438 509 1686 588 longum
1703 523 1772 583 et
1793 508 1987 583 unum
2003 531 2110 587 ang·

261 622 436 668 num‚
480 619 546 655 ac
573 608 796 667 sextam
819 597 939 657 iam
965 595 1154 655 felicis
1182 593 1362 657 huius
1389 597 1755 673 principatus
1781 597 2112 670 stationem,

262 707 376 763 qua
400 683 793 760 Vespasianus
819 703 946 739 rem
974 681 1273 762 publicam
1299 683 1488 757 fovet,
1543 694 1780 749 centum
1815 694 1874 749 et
1896 682 2113 759 »viginti

267 880 419 927 verbis
458 895 482 922 a
518 877 802 935 Quintiliano
843 876 1006 921 dicitur
1043 876 1153 918 Inst-

268 956 335 990 or.
354 938 557 989 1‚7‚28·.:
594 951 709 978 nam
731 943 775 978 et
810 935 890 978 Ga
905 936 1001 978 ius
1034 933 1070 976 C
1092 935 1155 974 li-

266 1004 374 1039 tera
397 1001 614 1046 notatur,
644 1008 760 1050 quae
784 994 974 1034 inversa
995 993 1155 1032 mulie-

264 1069 365 1097 rem
404 1056 612 1095 denotat.
684 1050 744 1093 cf.
778 1049 965 1092 Terent.
1003 1050 1155 1091 Maur.

267 1128 314 1170 p.
360 1108 488 1154 2402.
546 1109 614 1151 ed.
664 1107 876 1155 Putsch„
941 1105 1154 1149 Diomed.

268 1186 311 1228 p.
333 1168 432 1210 408.
460 1168 527 1210 ed.
553 1165 738 1209 Putsch.
755 1198 764 1215 ‚
794 1165 910 1206 Mar.
930 1162 1153 1206 Victorin.

267 1226 452 1286 p.2469.
478 1233 522 1267 et
543 1224 670 1269 Serv.
693 1222 748 1265 ad
774 1221 896 1279 Virg.
923 1221 1090 1278 Georg.
1119 1225 1155 1272 1,

269 1284 365 1332 194.
423 1284 577 1339 Neque
601 1280 1042 1338 praetermittendum
1077 1286 1155 1330 est,

266 1339 311 1384 G
327 1341 517 1384 litteram
535 1339 719 1381 demum
738 1345 837 1395 post
861 1336 1053 1394 primum
1070 1335 1154 1378 Pu·

265 1400 422 1442 nicum
454 1397 618 1439 bellum
647 1393 884 1436 inventum
911 1409 1003 1436 esse
1028 1409 1050 1435 a
1075 1392 1154 1450 Sp.

265 1455 462 1500 Carvilio
476 1487 487 1504 ‚
514 1461 698 1496 auctore
722 1449 953 1493 Plutarch.
970 1450 1154 1506 Quaest-

267 1513 402 1557 Rom.
425 1513 494 1555 54.
513 1509 805 1559 ed.Hutten.,
837 1508 962 1550 euius
985 1524 1154 1551 nome-n

266 1571 313 1614 in
340 1570 418 1627 Sp.
442 1567 702 1613 Carvutium
736 1566 940 1623 corrupit
970 1565 1157 1609 Terent.

268 1630 465 1672 Scaurus
489 1641 532 1684 p.
544 1624 675 1669 2233.
690 1622 875 1667 Putsch.
929 1623 1041 1664 Vide
1056 1622 1154 1667 No·-

264 1687 340 1730 ris.
357 1685 408 1727 ad
423 1680 807 1740 cenotaph.Pisan.
821 1681 990 1723 dissert.
1001 1679 1040 1722 4.
1054 1680 1156 1734 c..5.]

325 1749 466 1798 atque
512 1743 665 1795 ipsum
713 1770 723 1781 .
753 1769 764 1781 .
790 1769 802 1781 .
827 1768 838 1780 .
878 1740 1068 1792 longum
1112 1745 1157 1779 et

269 1816 414 1845 unum
455 1813 652 1841 annum.
722 1795 798 1838 Sic
842 1795 977 1839 MSS.
1020 1796 1156 1851 Neap.

264 1858 424 1912 [Farn.
459 1864 492 1899 t.
524 1853 684 1909 Bekk]
724 1862 766 1895 et
800 1850 968 1896 Vatiae.
1009 1860 1051 1894 et
1086 1853 1154 1894 ed.

263 1914 462 1958 Pithoei.
492 1937 548 1946 —-
591 1912 690 1955 MS.
714 1911 849 1953 Fam.
874 1920 982 1953 teste
1005 1909 1156 1967 Lipsio

267 1982 408 2028 acque
431 1973 584 2025 ipsam
609 2000 620 2011 .
641 2001 652 2013 .
672 2001 681 2012 .
706 1983 847 2010 unum
873 1982 1067 2009 annum.
1099 1989 1156 1998 ·-

265 2030 334 2073 ed.
358 2029 475 2086 Spir.
509 2036 650 2083 atque
686 2040 834 2067 unum
864 2025 921 2067 G.
952 2032 996 2067 et
1023 2024 1079 2067 O.
1114 2031 1158 2065 et

265 2091 345 2130 vit.
375 2090 571 2139 longum
604 2091 649 2126 et
680 2098 827 2124 unum
857 2097 1060 2130 annum,
1106 2097 1156 2123 ex

266 2161 351 2202 qua
383 2143 574 2186 lectione
609 2140 757 2184 verbis
791 2143 982 2193 longum
1017 2148 1061 2181 et
1092 2154 1157 2180 re·

265 2201 390 2245 iectis
431 2209 527 2243 orta
566 2206 630 2241 est
665 2198 885 2253 scriptura
922 2196 1021 2239 edd.
1058 2196 1156 2237 Put.

268 2259 371 2303 Ber.
395 2254 496 2301 Riv.
520 2257 623 2301 Ale.
651 2254 850 2297 Rhenan.
874 2254 980 2297 Ald.
1016 2261 1157 2308 atque

267 2331 412 2359 unum
441 2315 498 2358 G.
528 2321 572 2357 et
597 2313 653 2356 0.
681 2319 725 2354 et
754 2312 803 2353 V
798 2312 848 2354 it.
883 2325 1030 2352 unum
1064 2326 1157 2352 an-

266 2389 410 2427 num,
461 2388 596 2429 quam
629 2369 862 2415 revocavit
883 2384 1028 2426 nuper
1055 2368 1155 2410 See-

269 2432 375 2474 bod.
395 2439 435 2472 et
458 2437 557 2489 post
577 2443 678 2470 eum
702 2427 748 2469 in
769 2433 889 2468 textu
911 2433 1157 2483 posuerunt

266 2487 445 2532 Dronk.
482 2495 525 2528 et
560 2486 799 2536 Osannus3
848 2499 1042 2541 quorum
1085 2482 1157 2524 hic

267 2547 332 2589 sic
357 2543 554 2588 distinxit
579 2542 740 2591 verba,
778 2549 827 2584 ut
864 2557 978 2584 unus
1013 2555 1156 2583 annus

269 2601 462 2650 Galbae,
493 2602 690 2657 itemque
714 2598 885 2642 Othoni
912 2607 954 2641 et
977 2597 1156 2640 Vitellio

268 2676 385 2703 unus
419 2659 771 2706 adtribueretur‚
807 2656 912 2698 dum
947 2655 1018 2698 alii
1058 2663 1156 2710 post

269 2717 469 2760 Othonis
521 2712 930 2772 interpunctionem
991 2727 1155 2770 ponere

266 2775 428 2819 solent.
497 2772 586 2816 Sed
629 2773 673 2814 id
719 2779 783 2814 est
826 2779 984 2813 contra
1025 2769 1156 2812 histo-

267 2833 355 2874 riae
407 2831 561 2882 fidem,
620 2827 705 2872 nisi
759 2836 809 2870 tu
857 2828 1007 2884 viginti
1065 2827 1154 2868 duo

266 2889 360 2937 dies
431 2887 539 2931 anni
596 2885 794 2930 nomine
870 2885 1154 2941 consignatos

265 2962 358 2990 esse
382 2945 623 3003 putaveris.
680 2943 855 3001 Lipsius
885 2942 1020 2999 igitur
1046 2955 1155 2984 cor-

264 3003 374 3045 rexit
418 3010 555 3057 atque
596 3005 748 3056 ipsum
787 3000 844 3044 G.
882 3007 926 3040 et
961 2998 1069 3041 Oth.
1110 3004 1155 3038 et

267 3061 363 3103 Vit.
387 3074 531 3101 unum
554 3073 761 3106 annum,
799 3057 934 3114 idque
958 3054 1151 3099 retinue-

265 3124 373 3160 runt
410 3124 672 3172 sequentes.
723 3114 807 3157 nisi
841 3114 960 3171 quod
995 3112 1155 3155 Acida-

265 3174 352 3218 lius
382 3188 561 3220 unum,
605 3173 724 3230 quod
763 3175 913 3226 ipsum
946 3167 1153 3214 vocabuli

265 3233 485 3290 glossema
516 3246 609 3272 esse
646 3230 980 3287 suspicabatur,
1021 3226 1147 3271 vole-

265 3291 338 3332 bat
351 3287 488 3331 deleri
504 3303 516 3338 ;
535 3285 921 3329 etSchurzsseisch.
935 3283 1151 3329 coniecit:

263 3349 386 3388 adde
421 3347 531 3395 ipsis
565 3343 745 3386 Galbae
786 3351 831 3385 et
866 3343 1066 3384 Othonis
1106 3349 1151 3383 et

263 3403 447 3446 Vitellii
475 3405 666 3455 longum
699 3409 742 3442 et
775 3415 920 3442 emam
952 3413 1154 3451 annum,

261 3470 309 3504 ut
334 3460 442 3503 haee
464 3475 570 3503 cum
592 3457 897 3516 superioribus
928 3473 1012 3513 per
1043 3463 1149 3498 sta-

260 3527 340 3559 tue
363 3527 403 3560 et
428 3519 574 3561 adiice
601 3514 854 3559 coniunctis
878 3514 1023 3559 verbis
1059 3529 1147 3555 me-

258 3574 340 3617 lius
374 3575 684 3618 concinnaret.
759 3570 975 3628 Equidem
1011 3570 1146 3613 codd.

253 3642 466 3689 sequutus
513 3634 704 3685 longum
762 3637 805 3670 et
857 3644 1001 3671 unum
1057 3642 1143 3669 ‹m-

1224 893 1339 922 num
1370 877 1544 937 recepi.
1577 876 1923 930 Sehurvflafiwh.
1954 877 2115 936 proba·

1227 945 1322 979 tum
1357 945 1400 979 et
1427 934 1644 991 Osanno,
1685 937 1760 993 qui
1795 936 1925 979 aliam
1961 935 2114 979 verho-

1226 1009 1328 1036 rum
1389 992 1734 1036 collocationem
1790 992 2012 1037 desiderat
2070 1000 2117 1036 et

1224 1053 1417 1104 longum
1449 1064 1600 1092 unum
1632 1063 1835 1094 annum.
1891 1051 2014 1094 Bene
2042 1049 2115 1093 di-

1227 1108 1346 1151 eitur
1391 1108 1551 1162 longus
1598 1123 1776 1159 annus,
1846 1108 1948 1176 quia
1998 1108 2117 1150 inter

1227 1173 1420 1208 mortem
1472 1164 1665 1209 Neronis
1716 1174 1761 1208 et
1812 1165 2115 1224 principatum

1226 1222 1480 1280 Vespasiani
1529 1238 1644 1265 unus
1689 1237 1836 1266 annus
1881 1231 1924 1266 et
1963 1221 2115 1280 viginti

1227 1280 1319 1322 duo
1371 1279 1465 1322 dies
1516 1280 1728 1330 fuerunt3
1809 1289 1855 1323 et
1905 1293 1989 1325 un.
2033 1294 2116 1324 an.

1226 1338 1396 1380 dietum
1437 1346 1502 1380 est
1540 1337 1664 1394 quasi
1702 1345 1816 1381 esset
1849 1340 1934 1381 sed
1968 1351 2117 1381 unum

1226 1410 1375 1446 anm,
1454 1402 1503 1437 ut
1558 1395 1668 1441 Hist.
1714 1396 1757 1446 2,
1799 1396 1874 1440 20.
1937 1394 2030 1439 An.
2076 1399 2115 1443 1,

1227 1452 1300 1496 38.
1334 1450 1666 1510 aliisque‘locis
1698 1451 2034 1508 apudVanch.
2059 1452 2115 1495 ad

1227 1509 1382 1565 Agric.
1431 1526 1472 1553 c.
1521 1510 1585 1552 15.
1633 1525 1675 1567 p.
1714 1510 1814 1553 222.
1894 1509 2115 1564 [Eandem

1226 1566 1464 1610 lectionem
1488 1566 1676 1610 Bekker.
1698 1576 1742 1611 et
1761 1566 1988 1612 Boettich.
2014 1583 2113 1612 am-

1229 1624 1339 1683 plexi
1361 1630 1503 1679 δοιὼ]

1285 1702 1477 1737 sextam
1505 1696 1604 1738 iam
1625 1696 1783 1750 felicis
1814 1697 1952 1738 huius
1976 1695 2116 1752 prin-

1228 1757 1405 1806 cipatus
1438 1755 1706 1796 stationem.
1766 1751 1969 1798 effendit
2003 1769 2115 1802 non·

1227 1810 1377 1854 nullos
1413 1810 1621 1854 dictionis
1659 1810 1914 1858 insolentia.
1973 1814 2116 1854 statio

1229 1868 1346 1912 enim
1384 1868 1467 1911 hac
1503 1876 1643 1912 aetate
1673 1868 1729 1912 de
1766 1867 1982 1927 principis
2013 1866 2116 1917 loco

1227 1936 1491 1984 usurpatum
1546 1937 1636 1976 est,
1693 1941 1776 1968 usu
1826 1941 1851 1970 a
1904 1925 2116 1969 militari-

1228 1985 1311 2026 bus
1354 1981 1618 2026 stationibus
1660 1983 1812 2026 ducto.
1886 1982 1949 2028 cf.
1996 1982 2116 2040 Lips.

1228 2040 1282 2083 ad
1318 2039 1436 2083 plin.
1470 2041 1638 2098 Paneg.
1673 2057 1715 2099 p.
1738 2039 1824 2088 39„
1844 2040 1914 2084 ed.
1951 2039 2111 2084 Arntz.

1231 2097 1386 2153 Quare
1428 2096 1605 2140 Schelio
1653 2097 1855 2155 placebat
1897 2096 2116 2155 refingere

1228 2171 1284 2197 ac
1322 2169 1410 2196 sex
1450 2155 1572 2210 iam,
1629 2162 1733 2197 tam
1769 2152 1955 2209 felabisss
1975 2156 2115 2198 huius

1223 2212 1522 2266 principatus
1541 2214 1789 2254 stationem
1804 2243 1816 2265 ,
1860 2210 2112 2269 Schulting.

1228 2285 1282 2311 ac
1330 2271 1419 2311 sex
1467 2270 1568 2312 iam
1614 2271 1740 2311 inter
1774 2269 1933 2325 felicis
1977 2270 2114 2312 huius

1223 2329 1366 2380 princ.
1407 2329 1683 2378 stationem,
1733 2333 1776 2368 et
1815 2340 1871 2368 ac
1903 2332 2115 2370 secutam

1226 2386 1324 2426 iam
1358 2383 1447 2440 sel.
1482 2386 1530 2427 h.
1570 2399 1644 2437 pr.
1673 2385 1948 2440 stacionem,
2000 2399 2112 2441 quae

1228 2441 1408 2498 quidem
1462 2441 1723 2485 coniectura
1770 2440 1887 2484 haud
1937 2442 2111 2500 impro-

1228 2498 1386 2542 babilis
1408 2498 1600 2542 videtur.
1658 2497 1815 2556 Neque
1833 2494 1960 2546 enin}¹>
1974 2513 2027 2555 ea
2043 2514 2113 2542 so·

1229 2555 1322 2599 lum
1345 2555 1584 2599 difficultas
1608 2555 1796 2606 tollitur,
1817 2555 1952 2614 quain
1972 2555 2112 2599 movit

1227 2613 1430 2658 Schelius
1465 2613 1660 2656 offensus
1691 2622 1903 2656 accurato
1937 2614 2111 2657 numeri

1226 2671 1395 2714 indicio
1414 2670 1457 2712 in
1477 2687 1523 2714 re
1541 2670 1785 2718 notissima,
1808 2686 1963 2715 verum
1980 2670 2111 2714 etiam

1227 2728 1285 2779 id,
1315 2728 1436 2785 quod
1467 2743 1559 2770 non
1586 2727 1733 2770 minus
1756 2726 1956 2784 offendit,
1989 2729 2112 2786 quod

1230 2785 1523 2842 Vespasianus
1558 2800 1652 2831 non
1676 2799 1757 2846 per
1790 2792 1936 2828 totum
1960 2785 2109 2844 impe-

1227 2843 1343 2886 rium
1366 2858 1521 2890 suum,
1546 2841 1623 2885 sed
1645 2846 1764 2891 sexto
1786 2841 1967 2886 demum
1990 2844 2111 2901 prin·

1226 2900 1540 2957 cipatusanno
1569 2914 1666 2941 rem
1696 2897 1920 2955 publicam
1942 2899 2110 2944 fovisse

1225 2956 1403 3000 dicitur.
1448 2955 1772 2999 Felicissimum
1784 2955 1967 3000 Traiani
1991 2957 2110 3028 prin·

1224 3014 1418 3070 cipatum
1434 3012 1604 3056 Plinius
1626 3023 1957 3059 commemorat
1971 3015 2108 3075 Epist.

1225 3073 1291 3122 10,
1314 3073 1356 3118 2,
1378 3071 1423 3116 2.
1646 3103 1651 3124 ι

1280 3162 1463 3197 centum
1491 3160 1558 3202 ,et
1612 3154 1777 3208 vigitui
1819 3157 1952 3200 anni.
2033 3156 2108 3206 Sic

1223 3211 1356 3255 MSS.
1369 3211 1507 3270 Neap.
1522 3222 1565 3256 et
1581 3211 1864 3278 vatim-1518.
1881 3213 1981 3267 edd.
2007 3223 2107 3272 post

1221 3269 1517 3312 Puteolanum
1534 3285 1705 3319 omnes,
1729 3285 1765 3312 is
1780 3271 1898 3313 enim
1914 3269 2107 3315 correxit

1222 3327 1354 3371 codd.
1382 3325 1548 3372 Vatice.
1572 3325 1769 3391 1862—‹21
1791 3326 1928 3371 4498.
1960 3335 2003 3380 ej
2035 3328 2105 3372 ed.

1218 3396 1338 3453 Spir.
1361 3411 1560 3438 errorem
1577 3385 1675 3439 C’ec
1692 3395 1758 3439 Χ.
1817 3394 1895 3440 Cf:
1912 3411 2010 3454 cap.
2032 3397 2103 3442 24.

1218 3470 1322 3496 cum
1345 3456 1630 3507 praesertim
1653 3461 1835 3496 centum
1869 3459 1916 3495 et
1948 3455 2112 3509 viginti

1218 3523 1373 3552 annos
1427 3514 1486 3552 ab
1538 3510 1732 3553 interitu
1777 3510 2005 3555 Ciceronis
2054 3512 2104 3555 l‘n

1216 3571 1337 3610 hune
1369 3570 1496 3609 diem
1530 3569 1650 3624 effici
1679 3567 1806 3608 meio
1836 3575 2102 3623 temporum

1216 3627 1462 3678 collegerit.
1529 3626 1689 3670 Sextus
1719 3638 1826 3668 vero
1857 3624 1975 3669 illius
2012 3626 2099 3670 im-
