2150 4022
334 249 587 315 IULII
632 245 960 309 AGRIC.
1005 245 1247 307 VITA
1289 250 1488 314 CAP.
1535 256 1630 314 18.

223 378 452 442 XVIII.

1788 260 1910 321 147

537 377 715 437 Hunc
750 377 1096 437 Britanniae
1144 389 1387 451 statum,
1452 380 1558 441 has
1610 386 1906 450 bellorum

59 468 214 525 vices
261 466 453 522 media
500 464 616 522 iam
666 476 880 522 aestate
917 475 1310 537 transgressus
1349 461 1622 542 Agricola
1661 472 1909 534 invenit.

58 573 194 610 cum
230 562 286 607 et
320 551 537 607 milites
572 550 734 607 velut
772 549 985 605 omissa
1018 549 1388 623 expeditione
1426 555 1500 610 ad
1539 558 1907 619 securitatem

58 650 116 695 et
149 633 345 703 hostes
380 637 454 692 ad
492 634 854 692 occasionem
895 645 1230 703 uterentur,
1285 632 1652 697 Ordovicum
1703 645 1907 704 civitas

56 718 217 778 haud
255 721 443 778 multo
494 732 628 778 ante
666 722 984 776 adventum
1036 718 1160 775 eius
1212 719 1366 775 alam
1422 722 1485 778 in
1528 724 1745 785 finibus
1781 733 1903 789 suis

55 817 321 880 agentem
346 825 528 882 prope
552 804 890 862 universam
919 804 1268 862 obtriverat:
1306 823 1490 882 eoque
1511 809 1683 869 initio
1714 829 1905 876 erecta
1918 871 1931 874 ff.

55 891 396 967 provincia,
451 903 519 950 ut
553 891 769 968 quibus
807 889 1030 948 bellum
1067 888 1403 946 volentibus
1447 906 1599 964 erat,
1653 888 1908 972 probare*

55 1125 140 1170 pro
183 1125 270 1166 que
341 1118 559 1154 osuerunt
602 1109 801 1155 Rhenan.
842 1109 942 1154 Ald.

53 1183 154 1236 sqq.
190 1191 247 1201 —
346 1166 528 1212 eckerus
552 1177 594 1211 et
617 1168 840 1212 Hertelius
866 1184 940 1210 re-

52 1235 291 1270 stituerunt
324 1242 437 1283 que,
482 1241 628 1283 neque
658 1235 806 1269 tamen
839 1226 942 1270 satis

53 1291 175 1327 recte
200 1283 352 1327 locum
376 1282 699 1342 explicuerunt.
773 1328 775 1330 ,

109 1369 354 1429 eluctatus.
430 1365 492 1410 cf.
525 1365 636 1410 Hist.
669 1366 710 1418 3,
745 1366 815 1409 59.
859 1367 943 1409 vix

53 1427 205 1481 quieto
222 1424 408 1478 agmine
427 1425 555 1466 nives
577 1425 895 1468 eluctantibus.

108 1506 222 1551 CAP.
253 1507 318 1552 18.
377 1508 566 1550 invenit.
617 1523 721 1550 cum
749 1516 794 1550 et
816 1511 943 1551 mili—-

52 1573 122 1608 tes
174 1573 260 1609 etc.
369 1564 520 1622 Vulgo
584 1564 939 1624 interpungunt:

52 1622 190 1665 Hunc
214 1651 305 1665 ....
330 1621 537 1676 invenit,
578 1638 684 1665 cum
790 1655 801 1667 .
829 1638 942 1667 ver-

53 1687 266 1724 terentur
367 1678 645 1722 Ordovicum
684 1689 771 1724 etc.
884 1682 943 1724 At

52 1738 219 1782 verba:
255 1735 394 1779 Hunc
412 1767 424 1778 .
440 1767 451 1780 .
466 1768 477 1779 .
493 1767 503 1778 .
527 1738 705 1779 invenit
735 1746 943 1782 constant

52 1810 135 1853 per
168 1810 231 1838 se.
299 1793 564 1850 Sequentia:
608 1810 712 1838 cum
740 1804 785 1838 et
811 1797 940 1838 mili-

56 1861 126 1896 tes
153 1859 238 1896 etc.
283 1850 502 1893 rationem
547 1851 764 1901 reddunt,
820 1869 940 1912 quo-

53 1909 192 1953 modo
211 1909 378 1952 sactum
402 1907 471 1959 sit,
501 1915 548 1949 ut
565 1907 847 1953 Ordovicum
871 1910 941 1954 ci-

52 1967 165 2013 vitas
185 1965 302 2009 alam
328 1963 580 2009 obtriverit.

106 2055 367 2093 uterentur.
426 2047 504 2092 Sic
525 2048 628 2093 MS.
647 2047 790 2095 Vatic.
811 2051 940 2097 3429.

51 2109 206 2152 Recte.
281 2105 343 2150 cf.
393 2114 487 2151 not.
536 2106 591 2149 ad
641 2106 728 2150 An.
770 2110 836 2160 16,
866 2111 940 2155 27.

51 2165 164 2210 Nam
200 2163 323 2222 quod
355 2162 579 2207 Beckerus
610 2165 938 2220 animadvertit,

52 2233 101 2268 ut
140 2229 378 2281 uterentur
418 2221 682 2273 retineatur,
729 2223 938 2267 scriben-

53 2281 160 2324 dum
197 2295 312 2322 esse:
356 2293 459 2322 cum
495 2283 617 2322 velut
649 2281 822 2323 omissa
848 2297 938 2324 ex-

49 2337 286 2392 peditione
326 2343 370 2378 et
408 2337 578 2378 milites
609 2340 676 2379 ad
715 2341 939 2381 securita-

51 2404 146 2439 tem
173 2401 217 2436 et
238 2396 396 2436 hostes
424 2397 488 2435 ad
519 2394 806 2437 occasionem
833 2406 938 2439 ute-

50 2459 241 2505 rentur,
295 2450 388 2493 eius
420 2450 483 2493 rei
517 2451 825 2495 necessitatem
868 2455 938 2498 vi-

52 2510 138 2554 deo
179 2507 367 2552 nullam.
430 2522 517 2552 nec
561 2507 775 2562 particula
817 2514 942 2556 velut

51 2566 216 2613 vetabit
260 2564 429 2608 codicis
473 2564 618 2608 Vatic.
654 2567 941 2623 scripturam,

53 2623 173 2682 quod
210 2629 334 2681 putat
365 2621 605 2666 Hertelius.
677 2639 782 2666 nam
818 2630 940 2669 velut

52 2682 229 2724 omissa
253 2679 549 2734 expeditione
569 2679 731 2723 Noster
764 2682 941 2727 brevius

53 2739 162 2783 dicit
195 2751 303 2795 pro:
348 2752 403 2779 eo
439 2744 594 2793 statu,
638 2753 728 2793 quo
764 2739 941 2785 omissa

52 2796 285 2847 expeditio
323 2795 579 2838 videretur.
657 2794 804 2853 Vulgo
840 2799 938 2842 edi-

53 2861 129 2896 tur
150 2859 463 2906 verterentur,
496 2851 617 2910 quod
646 2854 712 2894 vix
738 2856 938 2912 exemplo

55 2909 219 2968 poterit
269 2909 472 2953 defendi:
541 2925 624 2954 nec
672 2910 808 2953 credo
852 2914 940 2957 dici

55 2982 184 3025 posse
209 2968 331 3008 verti
348 2970 413 3009 ad
443 2968 726 3013 occasionem
758 2984 840 3026 pro
875 2971 939 3013 in·

54 3032 228 3066 tentum
289 3038 382 3067 esse
448 3023 692 3068 occasioni.
798 3025 940 3083 Quod

56 3079 305 3124 Walchius
338 3079 447 3124 dicit
483 3079 537 3122 de
570 3089 823 3139 zeugmate,
867 3085 941 3127 ni-

55 3137 134 3180 bili
159 3147 247 3181 est:
282 3153 386 3181 nam
407 3137 462 3181 ad
481 3139 722 3181 remotiora
751 3141 939 3185 verbum

54 3190 292 3252 ἀναλόγως
334 3210 463 3252 saepe
501 3194 787 3253 intelligitur,
842 3215 938 3244 non

54 3251 162 3296 item
192 3253 247 3296 ad
278 3268 328 3295 ea
372 3251 614 3304 vocabula,
666 3253 936 3310 quibuscum

55 3316 146 3353 arte
170 3318 236 3353 est
258 3309 567 3353 coniunctum.

113 3399 279 3437 erecta.
331 3393 388 3436 cf.
405 3399 504 3435 not.
522 3392 576 3435 ad
593 3393 680 3437 Αη.
700 3394 740 3443 3,
759 3396 799 3439 7.
871 3398 938 3441 ln·

55 3447 230 3505 tellige:
285 3450 339 3493 ad
376 3465 498 3507 spem
534 3451 847 3509 reciperandae
881 3455 938 3498 li-

55 3503 251 3550 bertatis.
320 3507 397 3550 Sic
429 3508 518 3551 An.
557 3509 622 3559 14,
653 3508 724 3553 57.
761 3520 939 3558 erectas

55 3562 238 3605 Gallias
259 3566 324 3606 ad
342 3577 514 3608 nomen
536 3565 850 3612 dictatorium.

1072 1116 1123 1151 ut
1146 1110 1302 1164 quibus
1324 1112 1495 1155 bellum
1511 1115 1762 1161 volentibus
1783 1131 1905 1168 erat.

1013 1164 1092 1210 Sic
1116 1167 1214 1211 edd.
1237 1167 1345 1212 Put:
1369 1185 1467 1228 sqq.
1490 1178 1534 1214 et
1561 1187 1707 1230 nuper
1728 1175 1905 1224 Dronk.

1014 1223 1267 1267 VValchaet
1284 1225 1567 1271 [Beklcerus.
1585 1251 1643 1262 -
1681 1239 1727 1274 et
1751 1237 1909 1290 quibus

1013 1290 1098 1325 etc.
1117 1281 1327 1326 MS.Vat.
1344 1285 1472 1327 3429.
1497 1286 1599 1330 edd.
1625 1288 1800 1334 Broter.
1825 1292 1906 1336 Er-

1012 1347 1126 1381 nest.
1139 1354 1234 1396 sqq.
1253 1363 1308 1373 —-
1342 1340 1517 1400 Lipsius
1530 1343 1733 1390 volebat:
1764 1364 1907 1406 eoque

1012 1396 1148 1438 initio
1176 1405 1328 1440 erecta
1346 1401 1609 1453 provincia,
1643 1413 1696 1445 ut
1719 1409 1904 1461 quibus-

1013 1468 1099 1509 que
1125 1462 1235 1504 etc„
1267 1456 1389 1512 quod
1421 1457 1533 1501 mire
1560 1465 1907 1511 commendatur

1013 1526 1094 1569 per
1134 1512 1386 1569 exemplum
1431 1516 1519 1557 An.
1561 1520 1600 1571 1,
1635 1519 1705 1561 59.
1749 1521 1909 1566 Fama

1011 1569 1164 1609 dediti
1191 1570 1469 1625 benigneque
1497 1576 1684 1629 excepti
1699 1576 1907 1631 Segestis

1011 1627 1230 1680 vulgata,
1272 1634 1322 1668 ut
1352 1630 1597 1685 quibusque
1627 1635 1802 1678 bellum
1826 1638 1903 1681 in-

1014 1683 1119 1724 vitis
1162 1690 1247 1724 aut
1287 1687 1569 1738 cupientibus
1616 1700 1733 1735 erat.
1815 1694 1905 1738 Sed

1012 1738 1165 1782 eadem
1188 1741 1405 1785 sententia
1431 1743 1547 1787 inest
1567 1746 1770 1804 vulgatae
1791 1754 1906 1796 scri-

1011 1805 1195 1854 pturae,
1248 1797 1294 1839 in
1326 1814 1411 1854 qua
1451 1808 1502 1842 ut
1538 1805 1696 1858 quibus
1732 1807 1903 1851 dictum

1013 1861 1077 1897 est
1102 1869 1185 1911 pro
1212 1862 1262 1895 ut
1281 1857 1513 1912 aliquibus
1535 1861 1608 1903 vel
1639 1870 1691 1904 ut
1717 1867 1904 1919 quibus.-

1013 1924 1129 1967 que:
1170 1926 1273 1953 nam
1306 1911 1366 1955 ita
1397 1914 1560 1959 Noster
1591 1922 1806 1965 sexcentis
1839 1923 1904 1966 lo·

1013 1968 1077 2011 cis
1099 1968 1248 2024 posuit
1281 1978 1330 2010 ut
1362 1975 1464 2026 quis
1494 1990 1577 2031 pro
1610 1985 1662 2018 ut
1696 1981 1906 2036 quisque.

1013 2025 1072 2069 cf.
1096 2026 1181 2068 An.
1205 2026 1247 2074 2,
1269 2026 1340 2070 73.
1373 2037 1425 2071 ut
1455 2033 1554 2086 quis
1583 2035 1904 2082 misericordia

1011 2085 1060 2125 in
1111 2083 1445 2128 Germanicum
1501 2096 1547 2131 et
1589 2105 1906 2149 praesumpta

1009 2141 1268 2194 suspicione
1299 2151 1387 2189 aut
1405 2144 1581 2198 favore
1604 2149 1656 2190 in
1681 2149 1904 2196 Pisonem

1005 2200 1222 2253 pronior,
1256 2202 1431 2243 diversi
1450 2199 1902 2259 interpretabantur.

1011 2255 1182 2299 Similia
1216 2265 1321 2298 sunt
1352 2258 1443 2302 An.
1478 2262 1520 2312 2,
1543 2263 1613 2306 83.
1655 2265 1697 2316 4,
1720 2267 1794 2310 23.
1827 2268 1902 2311 36.

1009 2311 1262 2356 Walehius
1287 2315 1530 2360 formulam
1554 2328 1606 2362 ut
1638 2324 1795 2377 quibus
1822 2341 1899 2368 ac-

1012 2371 1119 2428 cipit
1151 2386 1233 2437 pro
1261 2374 1429 2427 quippe
1452 2377 1645 2433 quibus,
1679 2379 1904 2437 docetque

1011 2429 1173 2483 quibus
1203 2436 1262 2471 ita
1295 2430 1349 2472 ad
1373 2434 1692 2489 provinciam,
1730 2437 1802 2480 cui
1826 2438 1900 2481 in-

1011 2487 1068 2528 sit
1100 2485 1399 2529 multitudiuis
1428 2489 1581 2540 notio,
1616 2502 1715 2550 apte
1742 2494 1901 2538 referri

1010 2557 1156 2599 posse.
1233 2542 1321 2584 Sed
1363 2544 1525 2589 frustra
1563 2547 1806 2602 laboravit,
1851 2562 1905 2596 ut

1011 2607 1237 2642 excusaret
1273 2603 1660 2649 constructionem
1705 2616 1756 2650 ut
1798 2612 1902 2667 qui-

1012 2658 1095 2698 bus
1119 2687 1130 2697 .
1145 2687 1156 2698 .
1171 2687 1206 2699 ..
1231 2664 1337 2699 erat
1363 2674 1447 2715 pro
1468 2670 1608 2707 esset.
1662 2680 1765 2708 nam
1788 2683 1903 2725 quae

1009 2711 1158 2756 attulit
1179 2729 1262 2771 pro
1284 2730 1332 2757 ea
1352 2732 1414 2768 re,
1439 2717 1627 2764 minime
1651 2721 1901 2775 sufficiunt,

1011 2779 1055 2813 et
1085 2785 1216 2827 spero
1253 2787 1484 2829 nunquam
1527 2775 1629 2820 fore
1676 2781 1754 2837 qui
1799 2785 1902 2827 satis

1010 2835 1202 2872 excuset.
1277 2829 1335 2872 cf.
1375 2829 1487 2876 Hist.
1523 2833 1567 2882 2,
1599 2836 1670 2879 12.
1713 2846 1764 2880 ut
1795 2845 1899 2896 qui-

1010 2888 1094 2927 bus
1122 2915 1135 2929 .
1153 2915 1164 2927 .
1186 2917 1198 2929 .
1215 2915 1227 2927 .
1264 2900 1416 2943 neque
1448 2889 1497 2931 in
1531 2893 1727 2936 victoria
1759 2900 1902 2942 decus

1012 2947 1133 2985 esset
1182 2958 1328 2998 neque
1383 2945 1432 2987 in
1467 2949 1596 3003 fuga
1630 2950 1897 3007 flagitium.

1011 3001 1197 3043 sueton.
1222 3001 1383 3046 Octav.
1418 3018 1456 3046 c.
1479 3004 1549 3050 66.
1583 3016 1635 3050 ut
1670 3013 1755 3064 qui
1775 3027 1901 3057 nun-

1013 3072 1156 3114 quam
1197 3089 1209 3101 .
1232 3089 1244 3102 .
1268 3090 1279 3101 .
1303 3089 1316 3102 .
1357 3061 1652 3116 sustinuerit,
1725 3067 1900 3128 aliaque

1013 3115 1209 3172 exempla
1235 3115 1398 3167 multa,
1465 3136 1544 3165 uae
1559 3121 1854 3183 Baumgarten
1874 3151 1901 3160 -

1012 3171 1144 3214 Crus.
1175 3172 1343 3230 colligit
1365 3174 1412 3217 in
1433 3176 1557 3222 (Λᾶν.
1579 3179 1703 3224 Suet.
1736 3198 1783 3240 p.
1798 3186 1901 3228 797.

1009 3227 1236 3272 Nimirum
1277 3230 1313 3274 si
1351 3248 1404 3275 eo
1439 3250 1553 3278 nexu
1585 3241 1773 3291 causali,
1822 3243 1902 3299 qui

1010 3294 1166 3330 nostro
1200 3286 1303 3332 loco
1333 3297 1423 3338 est,
1472 3308 1554 3350 per
1587 3302 1639 3335 ut
1678 3300 1758 3352 qui
1792 3315 1899 3343 ver-

1009 3344 1063 3386 ba
1117 3344 1474 3402 subiunguntur,
1541 3350 1732 3397 latinitas
1780 3372 1902 3399 sem-

1009 3415 1090 3499 sser
1135 3401 1280 3466 poscit
1321 3405 1678 3452 subiunctivum.
1759 3411 1900 3468 Quod

1049 3464 1243 3500 rotenus
1266 3467 1307 3502 et
1331 3461 1561 3506 Ernestius
1584 3482 1607 3508 e
1630 3467 1730 3510 cod.
1749 3469 1899 3517 Vatic.

1008 3531 1056 3557 re
1091 3513 1284 3559 etierunt
1325 3525 1382 3560 et
1423 3521 1610 3575 quibus,
1663 3534 1899 3583 propterea

1007 3531 1191 3615 toferari
1225 3576 1405 3634 nequit.
1462 3578 1586 3633 quod
1634 3585 1898 3630 sententiam

1102 3627 1244 3691 KZ
