2150 4022
175 216 299 323 4ss

173 504 286 549 Car.
298 503 370 548 32.

285 561 358 606 33.

287 618 359 662 34.

289 734 360 779 35.

289 792 363 836 87.

291 849 365 894 39.

290 966 362 1010 40.

287 1310 358 1379 [ιε.

289 1426 362 1473 46.

287 1485 360 1528 47.

288 1542 360 1587 48·

290 1657 362 1706 49.

287 1715 360 1759 50.

291 1775 363 1818 54.

292 1832 362 1876 55.

294 2004 366 2051 58.

293 2121 365 2165 59.

290 2179 363 2222 61.

293 2237 369 2283 63.

290 2296 366 2340 65.

287 2410 364 2457 66.

291 2469 365 2513 67.

289 2525 362 2573 680

289 2757 362 2802 69.

290 2815 363 2859 70.

292 2869 366 2917 72.

291 2930 365 2974 74.

290 2989 361 3034 76.

283 3162 358 3206 77.

288 3277 357 3320 78.

288 3334 360 3377 79.

287 3391 362 3436 80.

289 3507 360 3551 81.

285 3620 355 3665 82.

501 373 740 431 Wzlther.

403 501 643 550 Moesiacis

403 564 447 613 in
472 562 647 605 incerto

402 618 638 665 fluitabant

382 678 385 681 ’
402 677 540 722 turris

404 751 487 780 nec
507 733 695 793 perinde

405 789 711 836 consularium

404 848 500 893 Nec
521 847 707 908 perinde

401 908 522 952 sactu

406 965 596 1010 Addnae

351 1055 364 1070 .
407 1019 467 1068 ea‘
483 1022 649 1068 strictis

403 1081 519 1127 acies

398 1196 676 1240 currentium
701 1227 714 1243 .

402 1252 722 1298 relabebantur

401 1310 586 1355 omisso

441 1368 568 1413 ladiis
597 1400 606 1411 2

435 1428 566 1471 abere

405 1485 542 1528 sterni

407 1558 490 1586 nec
515 1550 563 1585 ut
585 1542 811 1600 periturus

410 1664 651 1715 utrumque

403 1722 535 1759 coetu

402 1772 584 1817 Coenus

409 1833 593 1876 cessisse
622 1831 711 1874 vita

405 1884 706 1934 Germanicos
737 1889 954 1934 exercitus

399 1947 698 1990 immoderate

405 2005 570 2048 Albino

410 2064 600 2108 Luceius

408 2120 622 2182 principis

407 2179 675 2224 Aeduorum

411 2236 567 2281 Ostiae

406 2295 629 2353 Lu‘gduno

392 2352 581 2396 'Vettius

406 2413 635 2468 Augustae
654 2405 960 2452 Taurinorum

405 2470 514 2514 iussi

403 2525 685 2573 severitatem

405 2584 591 2643 perinde

406 2642 600 2687 diductis

405 2701 490 2747 viri
517 2697 768 2744 consularis

406 2757 607 2803 adfectae
636 2758 725 2801 iam

406 2815 535 2859 lauru
562 2815 766 2873 rosisque

411 2872 540 2917 istria

409 2931 463 2975 de
485 2930 615 2988 Syria

403 2988 561 3032 effectu

404 3056 492 3091 tam
516 3045 707 3088 salutare

403 3113 586 3160 torpere

399 3170 447 3206 tu
475 3160 555 3203 hos
577 3160 795 3202 exercitus

402 3219 478 3262 sed
503 3224 546 3260 et
565 3215 799 3261 meliorem

400 3274 606 3319 Iudaicae

404 3335 513 3378 haec
536 3330 635 3375 lud.
659 3341 793 3390 caput

406 3389 667 3433 adsistentes

393 3447 482 3492 illis
506 3477 517 3490 .
535 3477 547 3490 .
566 3478 578 3490 .
603 3462 702 3490 mos
728 3455 792 3490 est

404 3504 624 3549 Sohemus

406 3562 571 3606 excitus

400 3619 488 3663 suis
511 3634 712 3678 quaeque
740 3619 847 3674 iocis

776 1195 1065 1240 vocitantium

1608 103 1644 149 ἢ

824 214 1663 346 'COLLATstY'fgs

1410 381 1647 434 Mediceis&
1659 387 1764 431 ἰὀιΙ.

1141 506 1384 552 Moesaicis

1139 567 1187 608 in
1216 581 1309 607 om.
1339 563 1465 607 Flor-

1138 622 1404 667 fluvitabant

1139 680 1282 723 turbis

1140 753 1226 782 nec
1251 726 1444 796 proiitde

1139 796 1168 829 *
1180 793 1438 840 consiliariu
1447 808 1488 835 m

1141 867 1225 897 nec
1253 851 1444 910 proinde

1058 956 1061 958 ,
1141 910 1309 955 factum

1140 967 1279 1011 aduae

1137 1026 1165 1051 '¹‘
1176 1033 1218 1068 et
1240 1023 1427 1069 astrictis

1139 1081 1167 1114 *
1177 1099 1279 1127 arae

1553 1162 1607 1187 vo
1687 1176 1692 1182 .

1139 1201 1169 1232 *
1181 1196 1520 1244 adcurrentium
1543 1194 1831 1259 ciamar‘t'tium

1139 1258 1169 1290 *
1182 1255 1501 1302 relebebantur

1141 1314 1303 1359 omisse

1141 1372 1343 1430 gladibus

1142 1430 1322 1474 haberet

1141 1486 1278 1532 streni

1142 1561 1197 1589 ne
1221 1543 1294 1588 cui
1322 1543 1454 1602 perit.

1167 1606 1178 1615 ”
1213 1623 1244 1649 u

1141 1659 1370 1715 utrimque

1144 1724 1319 1761 caetum

1142 1776 1208 1818 sic
1229 1773 1363 1819 Flor-

1142 1831 1234 1878 vita
1257 1847 1350 1876 om.
1372 1831 1504 1875 Flor.

1143 1888 1465 1934 Germanicum
1486 1888 1703 1935 exercitus

1142 1947 1468 1992 immoderatae

1143 2006 1293 2050 alvino

1141 2062 1360 2105 Lucceius

1142 2125 1335 2184 principi

1141 2184 1418 2228 haedum-um

1142 2241 1311 2286 hostiae

1145 2298 1398 2356 figunduno

1144 2355 1307 2400 bettius
1513 2398 1523 2403 ,

1141 2419 1323 2470 augusta
1348 2410 1512 2456 taurin.

1141 2471 1308 2514 *iussit

1141 2527 1377 2573 severitate

1142 2585 1337 2645 proinde

1144 2641 1346 2687 deductis

1142 2699 1230 2745 viri
1259 2715 1354 2741 om.
1379 2697 1514 2742 Flor.

1142 2756 1380 2801 *adfectae
1404 2764 1493 2799 tarn
1534 2805 1538 2809 ,

1143 2817 1270 2859 lauru
1295 2827 1505 2871 rosasque

1144 2871 1295 2916 histria

1143 2932 1197 2973 de
1222 2929 1325 2973 siria

1146 2994 1351 3038 effectum

1142 3061 1370 3109 tamquam
1394 3050 1582 3094 salutare

1141 3118 1324 3167 torpore

1140 3177 1242 3212 tuos
1271 3165 1489 3210 exercitus

1141 3224 1216 3267 sed
1243 3224 1475 3268 meliorem

1140 3281 1404 3326 *iudaeicae

1140 3339 1229 3382 hoc
1253 3338 1349 3382 iud.
1369 3343 1504 3396 caput

1141 3396 1170 3428 *
1187 3394 1410 3438 adsistent.

1142 3452 1205 3494 iiii
1235 3483 1246 3495 .
1263 3482 1274 3495 .
1291 3483 1302 3494 .
1330 3459 1512 3496 mosest

1141 3510 1374 3553 sohaemus

1140 3567 1356 3610 exercitus

1139 3624 1228 3666 suis
1253 3638 1431 3680 quoquc
1457 3622 1565 3665 iocis
